2133 2805
1540 90 508 72 11^e Piece cottée 0.

628 148 974 82 Lisés ma Lettre en Particulier

826 244 971 89 à Paris le 19 fevrier 1752

361 374 1658 85 j'ai reçeu, ma petite mere, vôtre Lettre du 15, c'est tout ce qui ne

352 455 1665 79 touche le plus, ma satisfaction ne commencera dans son entier que

353 532 1658 83 lorsque je vous possederés aupres de moi, je verrai le ministre dans

358 598 1648 73 huit où dix jours, mais je n'en attend pas grand chose, il m'a fait

355 668 1642 87 plus de mal qu'il ne me fera de bien dans l'Eternité, je crois

353 738 1659 103 cependant que je m'embarasserés et pour peu qu'il me donne occasion

355 815 1650 84 je n'aurai pas de peine à le convincre de la verité, enfin j'attendrai

360 877 1415 107 patiemment les bonté du Roy, mais le siecle est dur

364 969 1570 100 je te dirai, ma chere femme, que M^rs de Cousage et d'oisy

369 1053 1656 92 pensent serieusement à ta sœur, cousage m'en à ecrit et me parle

363 1120 1696 103 du ch^r doisy, tu scai que la fortune de ton Pere ne lui permet

363 1206 1656 88 de la marier que dans quatre ou cinq ans, il a assez de peine de

338 1271 1667 101 ⟦..⟧ faire a les engagements avec moi, et ce seroit nous casser le col

346 1355 1646 81 ⟦....⟧s que de penser a de pareille choses à present, prend donc

344 1430 1684 90 ⟦..⟧ a observer funestement les amoureux; et leur tout a la conduite

367 1500 1672 98 de ta sœur qui prescrit en prendre une dose trop forte et dangereuse,

372 1581 1676 103 je scai qu'elle a grand envie de se marier et qu'elle compte qu'elle

372 1658 1673 87 tiendra le bon dieu par les pieds dans ce tems, mais elle ne peult

374 1737 1645 90 n'y a peu de bien qu'elle a, n'y a celui des autres, peut etre aussi

369 1813 1661 89 un peu de jalousie par raport aux avantages que ton Pere nous a

364 1887 1673 78 fait, tres persuade qu'elle en doit avoir autant, cela pourra etre dans

366 1951 1673 91 L'avenir, mais il faut donner le tems au cher Pere de payer ce –

372 2028 1664 86 qu'il doit et d'arrager son bien qui n'est pas à beaucoup pres dans

372 2103 1617 84 sa valeur, ainsi tache de la detourner, car l'amour qu'elle pourroit

372 2180 1630 85 acquerir, plutôt que la raison lui feroit peut etre faire quelque

372 2250 1673 85 sottise, je voudrais fort a vous dire vray que vous fassies touttes les deux

369 2317 1687 95 aupres de moy, parce que nous nous amuserions à autre chose, je crains

367 2382 1680 111 fort que M^r fougeu n'ait perdu ses etablissements par le tremblement

382 2468 1604 92 de terre, qui a ruiné tout le cul de sac et renversé la ville du

382 2560 1574 84 Port au prince, j'en suis dans une inquiétude mortelle, car nous
