2805 2795
431 217 1557 104 Les litieres feront les memes journées que le carosse, et

400 316 1591 98 vous serés infiniment moins tourmentées, au surplus il faut

388 403 1609 87 aller au moins de dépence, car je vais me trouver en tout gens

386 487 1606 99 dans de furieux embaras pour de l'argent, il semble que tout

389 579 1594 87 concert à ma ruine, j'espere cependant que la persecution

382 672 1620 82 cessera et que j'aurai un jour le dessus, enfin il nous faut

394 757 1559 98 mettre une fois tranquils et en repos tels evenements qu'ils –

397 855 1628 78 puissent arriver, j'aurois bien desiré, ma chere ame, vous procurer

397 934 1620 98 tout les bonheurs que vous merités, et vous voir la plus heureuse

396 1021 1646 110 des femmes, mais je ne suis pas mettre du sort n'y des circonstances

400 1110 1611 84 il faut donc avoir patience, le tems nous restutira peut etre le

392 1189 1602 82 mal qu'on nous fait, dites beaucoup de choses a nos amis

400 1276 1592 88 pour moy, jecrirai a M^r de Courage et au ch^r d'orsy, aussitôt

392 1363 1588 79 que je scaurai quelque chose; ma santé va moins mal et

400 1434 1574 83 la presence de ma petite mere la retablira tout à fait,

394 1520 1580 84 mes amitiés a la chere sœur, et soyés l'une et l'autre sur

391 1610 1590 79 de toutte ma tendresse et que rien ne poura jamais egaler

386 1690 1588 129 les sentiments que te porte ton gros zombi. De Conflans
