4073 2812
393 257 1522 99 cotillons sur vous lorsque vous passerés à la gravelle et

387 342 1600 101 en arrivant à paris, et les tiendreriés dans un porte manteau

387 415 1533 97 où boete, ou vous pouriés les prendre quand vous voudreriés,

385 499 1575 91 voila le seul moyen sans quoy vous ne pouvrés les sauver

382 584 1613 90 n'y les faire passer icy, vous pouvés toujours songer a arranger

387 653 1570 92 ces petittes affaires, il faudra que les meubles grossiers furent

381 731 1615 89 vendüs, mais il faydra mettre en carosse la vesaille d'argent

385 806 1577 84 tout le linge de table, les draps, torchons et je crois la batterie de

384 874 1587 78 cuisine, touttes vos nippes, les habits et hardes des domestiques, et

387 946 1619 81 la boete de vos bijoux aupres de vous, les choses grossieres et

382 1021 1655 89 trop pensante, il faudra les vendre dans le tems, et me renvoyer

385 1099 1571 71 tout ce qui vous est venu de paris soit par le carosse où

387 1165 1600 86 un voiturier particulier, et faudra prendre avec l'amy un

393 1245 1617 82 etat des dattes, payer tous les autres, apres quoy mon arrangem^t

389 1321 1632 72 sera bientot pris avec lui. je ne scaurois vous dire, mon cher

389 1393 1626 81 cœur, combien je soupire apres vous et le desir extreme que

398 1471 1589 70 jai de vou posseder aupres de moi, cette absence me coute

393 1540 1638 89 infiniment, mais j'espere qu'à la fin les persecutions cesseront

393 1635 1648 80 et que nous seront en repos; mes respects a Mesdames l'intendante

387 1704 1636 81 et hocquart et compliments à M^r lintendant et M^r son frere,

395 1776 1593 90 je suis bien penetré des attentions, qu'ils veulent bien avoir

395 1859 1582 92 pour vous, mes amitiés à tous nos chers amis, j'ignore ce

396 1938 1645 94 que je deviendrai, n'y quel sera mon sort, mais pour commander

393 2030 1617 88 d'escadre ma santé ne me le permet pas presentement, et

392 2109 1639 89 a moins d'une guerie, je songeroi à mener une vie tranquille,

398 2187 1595 93 je n'ai aucunes nouvelles de l'amerique, depuis la derniere

389 2266 1599 102 de votre pere et de M^e le tort, je souhaite fort que nôtre

384 2341 1636 96 fille soit en bonne santé, je m'en flatte, bonjour, ma chere

395 2427 1578 97 et bien aimée femme, je tembrasse un million de fois et

395 2512 1537 84 me flatte de penser à vous, aime toujours Le gros Zombi

409 2587 1434 90 qui est ton mari et ton gros lard. De Conflans
