2157 2809
573 173 977 93 à Paris le 5 fevrier 1752

919 238 768 114 4^e Pièce Cottée O.

427 410 1508 97 je n'ai point encore, Ma chere femme, eté à versailles,

410 505 1636 111 je va dans le moment chez M^r D'armentieres qui en revient

404 597 1529 108 sçavoir s'il a vû le ministre, je scay que ma presence

396 691 1623 123 embarassera un peü, je crois cependant qu'on m'a assez fait de

391 786 1634 125 mal pour penser à me faire du bien, j'ai forcé loué une maison

391 861 1584 136 dans la rüe grenelle vis a vis la croix Rouge qui est un

390 951 1624 127 des plus beau quartier de paris, elle me coutera 3400, et

379 1053 1565 112 je pourrai en louer environ pour 600^lt, je vais travailler

374 1126 1664 127 a la faire meubler, ensuite je vous envoirés chercher, j'ay acheté

369 1215 1641 120 une fort belle chaise de poste, on me cherche une berline de

371 1292 1590 128 rancontre belle, qui me coutera moins, tu paye bien ma chere

363 1368 1580 136 enfant de mes embaras dans la detresse d'argent où je suis,

357 1460 1657 127 il faudra se retourner pour pouvoir enfin me fixer agreablement

355 1552 1688 131 ici, mes respects compliments et amitiés aux dames et a nos bons

344 1635 1703 137 amis que j'embrasse, dites bien des choses a la chere sœur pour

348 1730 1693 134 moy et soyés l'un et l'autre persuadé, que je ne me regarderai content

346 1818 1640 131 que quand vous serés auprés de moi, je tembrasse et aime bien

346 1894 320 64 tendrement.

714 1903 425 89 de Conflans
