<?xml version="1.0" encoding="UTF-8"?>
<alto xmlns:xsi="http://www.w3.org/2001/XMLSchema-instance"
    xmlns="http://www.loc.gov/standards/alto/ns-v4#"
    xsi:schemaLocation="http://www.loc.gov/standards/alto/ns-v4# http://www.loc.gov/standards/alto/v4/alto-4-3.xsd">
    <Description>
        <MeasurementUnit>pixel</MeasurementUnit>
        <sourceImageInformation>
            <fileName>images3/anom_col_e_soldats_2/FRCAOM06_COLE_241652A_0430_fonduegdmegvv2.jpg</fileName>
        </sourceImageInformation>
        <Processing ID="OCR_3a0a4aa1-e2f8-4d0a-a14c-46c7992f70ae">
            <processingCategory>contentGeneration</processingCategory>
            <processingStepDescription>Text line recognition</processingStepDescription>
            <processingStepSettings>text_direction: horizontal-tb; models: fondue_gd_megv_v2.mlmodel; pad: 16; bidi_reordering: True</processingStepSettings>
            <processingSoftware>
                <softwareName>kraken</softwareName>
                <softwareVersion>5.3.0</softwareVersion>
            </processingSoftware>
        </Processing>
    </Description>
    <Tags>
        <OtherTag DESCRIPTION="line type" ID="LINE_TYPE_1" TYPE="type" LABEL="default"/>
        <OtherTag DESCRIPTION="region type" ID="REGION_TYPE_1" TYPE="region" LABEL="MainZone"/>
        <OtherTag DESCRIPTION="region type" ID="REGION_TYPE_2" TYPE="region" LABEL="StampZone"/>
    </Tags>
    <Layout>
        <Page WIDTH="2432" HEIGHT="3584" PHYSICAL_IMG_NR="0" ID="page_0">
            <PrintSpace HPOS="0" VPOS="0" WIDTH="2432" HEIGHT="3584">
                <TextBlock ID="ee863c62-2997-49e8-b480-816a2ee829b9" HPOS="381.0" VPOS="226.0" WIDTH="1834.0" HEIGHT="2294.0" TAGREFS="REGION_TYPE_1">
<Shape>
                        <Polygon POINTS="381.0 226.0 2215.0 226.0 2215.0 2520.0 381.0 2520.0 381.0 226.0"/>
                    </Shape>
                    <TextLine ID="9c02a07e-3d22-43b6-bff0-88ace57099ce" HPOS="621.0" VPOS="226.0" WIDTH="767.0" HEIGHT="118.0" BASELINE="625.0 302.0 862.0 284.0 1388.0 268.0" TAGREFS="LINE_TYPE_1">
                        <Shape>
                            <Polygon POINTS="1378.0 226.0 1358.0 226.0 1338.0 226.0 1318.0 226.0 1308.0 226.0 1300.0 232.0 1252.0 226.0 1238.0 226.0 1218.0 226.0 1205.0 226.0 1175.0 236.0 1163.0 226.0 1159.0 226.0 1141.0 226.0 1137.0 230.0 1131.0 226.0 1119.0 226.0 1109.0 226.0 1089.0 240.0 1015.0 226.0 999.0 226.0 977.0 246.0 934.0 246.0 880.0 232.0 878.0 232.0 876.0 232.0 744.0 234.0 742.0 234.0 740.0 234.0 717.0 254.0 641.0 238.0 639.0 238.0 637.0 238.0 635.0 238.0 621.0 248.0 625.0 302.0 625.0 344.0 711.0 342.0 713.0 342.0 715.0 342.0 752.0 310.0 870.0 292.0 886.0 300.0 888.0 300.0 890.0 300.0 892.0 300.0 894.0 300.0 908.0 288.0 932.0 306.0 934.0 306.0 936.0 306.0 938.0 306.0 940.0 306.0 942.0 306.0 942.0 304.0 956.0 292.0 985.0 298.0 987.0 298.0 989.0 298.0 991.0 298.0 1011.0 284.0 1131.0 298.0 1133.0 298.0 1135.0 298.0 1137.0 298.0 1151.0 286.0 1169.0 298.0 1171.0 298.0 1173.0 298.0 1175.0 298.0 1177.0 298.0 1216.0 278.0 1242.0 290.0 1244.0 290.0 1246.0 290.0 1248.0 290.0 1304.0 276.0 1386.0 282.0 1388.0 268.0 1384.0 226.0 1378.0 226.0"/>
                        </Shape>
                        <String ID="segment_0" CONTENT="A" HPOS="628" VPOS="243" WIDTH="7" HEIGHT="101" WC="0.9992">
                            <Shape>
                                <Polygon POINTS="628 243 635 344 635 344 628 243"/>
                            </Shape>
                            <Glyph ID="char_0" CONTENT="A" HPOS="628" VPOS="243" WIDTH="7" HEIGHT="101" GC="0.9992">
                                <Shape>
                                    <Polygon POINTS="628 243 635 344 635 344 628 243"/>
                                </Shape>
                            </Glyph>
                        </String>
                        <SP ID="segment_1" HPOS="700"  VPOS="250" WIDTH="7"  HEIGHT="92"/>
                        <String ID="segment_2" CONTENT="M." HPOS="715" VPOS="236" WIDTH="182" HEIGHT="101" WC="0.9999">
                            <Shape>
                                <Polygon POINTS="715 253 721 337 897 298 895 236"/>
                            </Shape>
                            <Glyph ID="char_2" CONTENT="M" HPOS="715" VPOS="253" WIDTH="6" HEIGHT="84" GC="1.0">
                                <Shape>
                                    <Polygon POINTS="715 253 721 337 721 337 715 253"/>
                                </Shape>
                            </Glyph>
                            <Glyph ID="char_3" CONTENT="." HPOS="895" VPOS="236" WIDTH="2" HEIGHT="62" GC="0.9998">
                                <Shape>
                                    <Polygon POINTS="895 236 897 298 897 298 895 236"/>
                                </Shape>
                            </Glyph>
                        </String>
                        <SP ID="segment_3" HPOS="924"  VPOS="243" WIDTH="9"  HEIGHT="63"/>
                        <String ID="segment_4" CONTENT="de" HPOS="946" VPOS="235" WIDTH="45" HEIGHT="64" WC="0.9997">
                            <Shape>
                                <Polygon POINTS="946 246 948 299 991 298 989 235"/>
                            </Shape>
                            <Glyph ID="char_5" CONTENT="d" HPOS="946" VPOS="246" WIDTH="2" HEIGHT="53" GC="0.9997">
                                <Shape>
                                    <Polygon POINTS="946 246 948 299 948 299 946 246"/>
                                </Shape>
                            </Glyph>
                            <Glyph ID="char_6" CONTENT="e" HPOS="989" VPOS="235" WIDTH="2" HEIGHT="63" GC="0.9998">
                                <Shape>
                                    <Polygon POINTS="989 235 991 298 991 298 989 235"/>
                                </Shape>
                            </Glyph>
                        </String>
                        <SP ID="segment_5" HPOS="1046"  VPOS="232" WIDTH="9"  HEIGHT="57"/>
                        <String ID="segment_6" CONTENT="Vruvres" HPOS="1067" VPOS="226" WIDTH="245" HEIGHT="72" WC="0.979">
                            <Shape>
                                <Polygon POINTS="1067 236 1069 291 1312 277 1311 226"/>
                            </Shape>
                            <Glyph ID="char_8" CONTENT="V" HPOS="1067" VPOS="236" WIDTH="2" HEIGHT="55" GC="0.9998">
                                <Shape>
                                    <Polygon POINTS="1067 236 1069 291 1069 291 1067 236"/>
                                </Shape>
                            </Glyph>
                            <Glyph ID="char_9" CONTENT="r" HPOS="1118" VPOS="226" WIDTH="2" HEIGHT="71" GC="1.0">
                                <Shape>
                                    <Polygon POINTS="1118 226 1120 297 1120 297 1118 226"/>
                                </Shape>
                            </Glyph>
                            <Glyph ID="char_10" CONTENT="u" HPOS="1168" VPOS="230" WIDTH="2" HEIGHT="68" GC="0.9713">
                                <Shape>
                                    <Polygon POINTS="1168 230 1170 298 1170 298 1168 230"/>
                                </Shape>
                            </Glyph>
                            <Glyph ID="char_11" CONTENT="v" HPOS="1204" VPOS="226" WIDTH="1" HEIGHT="57" GC="0.9998">
                                <Shape>
                                    <Polygon POINTS="1204 226 1205 283 1205 283 1204 226"/>
                                </Shape>
                            </Glyph>
                            <Glyph ID="char_12" CONTENT="r" HPOS="1247" VPOS="226" WIDTH="2" HEIGHT="64" GC="0.9996">
                                <Shape>
                                    <Polygon POINTS="1247 226 1249 290 1249 290 1247 226"/>
                                </Shape>
                            </Glyph>
                            <Glyph ID="char_13" CONTENT="e" HPOS="1275" VPOS="229" WIDTH="1" HEIGHT="54" GC="0.997">
                                <Shape>
                                    <Polygon POINTS="1275 229 1276 283 1276 283 1275 229"/>
                                </Shape>
                            </Glyph>
                            <Glyph ID="char_14" CONTENT="s" HPOS="1311" VPOS="226" WIDTH="1" HEIGHT="51" GC="0.8855">
                                <Shape>
                                    <Polygon POINTS="1311 226 1312 277 1312 277 1311 226"/>
                                </Shape>
                            </Glyph>
                        </String>
                    </TextLine>

                    <TextLine ID="0032c761-15d5-4130-b39b-5076cd0d1b87" HPOS="1061.0" VPOS="318.0" WIDTH="295.0" HEIGHT="82.0" BASELINE="1063.0 376.0 1356.0 374.0" TAGREFS="LINE_TYPE_1">
                        <Shape>
                            <Polygon POINTS="1063.0 376.0 1063.0 396.0 1107.0 388.0 1226.0 400.0 1228.0 400.0 1230.0 400.0 1232.0 400.0 1254.0 388.0 1314.0 388.0 1352.0 398.0 1356.0 374.0 1352.0 342.0 1248.0 318.0 1246.0 318.0 1244.0 318.0 1242.0 318.0 1207.0 342.0 1149.0 342.0 1107.0 318.0 1105.0 318.0 1103.0 318.0 1101.0 318.0 1099.0 318.0 1061.0 338.0 1063.0 376.0"/>
                        </Shape>
                        <String ID="segment_7" CONTENT="30" HPOS="1086" VPOS="325" WIDTH="40" HEIGHT="67" WC="0.9999">
                            <Shape>
                                <Polygon POINTS="1086 325 1086 392 1126 390 1126 329"/>
                            </Shape>
                            <Glyph ID="char_15" CONTENT="3" HPOS="1086" VPOS="325" WIDTH="0" HEIGHT="67" GC="1.0">
                                <Shape>
                                    <Polygon POINTS="1086 325 1086 392 1086 392 1086 325"/>
                                </Shape>
                            </Glyph>
                            <Glyph ID="char_16" CONTENT="0" HPOS="1126" VPOS="329" WIDTH="0" HEIGHT="61" GC="0.9999">
                                <Shape>
                                    <Polygon POINTS="1126 329 1126 390 1126 390 1126 329"/>
                                </Shape>
                            </Glyph>
                        </String>
                        <SP ID="segment_8" HPOS="1148"  VPOS="341" WIDTH="6"  HEIGHT="52"/>
                        <String ID="segment_9" CONTENT="avril" HPOS="1166" VPOS="318" WIDTH="79" HEIGHT="82" WC="0.9947">
                            <Shape>
                                <Polygon POINTS="1166 342 1166 394 1245 393 1245 318"/>
                            </Shape>
                            <Glyph ID="char_18" CONTENT="a" HPOS="1166" VPOS="342" WIDTH="0" HEIGHT="52" GC="1.0">
                                <Shape>
                                    <Polygon POINTS="1166 342 1166 394 1166 394 1166 342"/>
                                </Shape>
                            </Glyph>
                            <Glyph ID="char_19" CONTENT="v" HPOS="1194" VPOS="342" WIDTH="0" HEIGHT="55" GC="0.9942">
                                <Shape>
                                    <Polygon POINTS="1194 342 1194 397 1194 397 1194 342"/>
                                </Shape>
                            </Glyph>
                            <Glyph ID="char_20" CONTENT="r" HPOS="1211" VPOS="335" WIDTH="6" HEIGHT="64" GC="0.982">
                                <Shape>
                                    <Polygon POINTS="1211 339 1211 399 1217 399 1217 335"/>
                                </Shape>
                            </Glyph>
                            <Glyph ID="char_21" CONTENT="i" HPOS="1228" VPOS="328" WIDTH="0" HEIGHT="72" GC="0.9982">
                                <Shape>
                                    <Polygon POINTS="1228 328 1228 400 1228 400 1228 328"/>
                                </Shape>
                            </Glyph>
                            <Glyph ID="char_22" CONTENT="l" HPOS="1245" VPOS="318" WIDTH="0" HEIGHT="75" GC="0.9991">
                                <Shape>
                                    <Polygon POINTS="1245 318 1245 393 1245 393 1245 318"/>
                                </Shape>
                            </Glyph>
                        </String>
                    </TextLine>

                    <TextLine ID="b9955883-7cc9-469e-843a-7d785195877c" HPOS="418.0" VPOS="396.0" WIDTH="1747.0" HEIGHT="167.0" BASELINE="420.0 543.0 631.0 531.0 2165.0 517.0" TAGREFS="LINE_TYPE_1">
                        <Shape>
                            <Polygon POINTS="420.0 543.0 420.0 563.0 484.0 555.0 635.0 561.0 637.0 561.0 639.0 561.0 667.0 551.0 814.0 561.0 816.0 561.0 1089.0 547.0 1226.0 555.0 1228.0 555.0 1230.0 555.0 1232.0 555.0 1250.0 545.0 2165.0 545.0 2165.0 517.0 2163.0 412.0 2131.0 396.0 2129.0 396.0 2127.0 396.0 1924.0 398.0 1922.0 398.0 1920.0 398.0 1828.0 457.0 1772.0 426.0 1770.0 426.0 1768.0 426.0 1766.0 426.0 1726.0 446.0 1659.0 412.0 1657.0 412.0 1655.0 412.0 1653.0 412.0 1599.0 440.0 1531.0 402.0 1529.0 402.0 1418.0 402.0 1416.0 402.0 1414.0 402.0 1412.0 402.0 1296.0 473.0 1119.0 473.0 1085.0 463.0 1083.0 463.0 1081.0 463.0 1011.0 475.0 962.0 473.0 844.0 410.0 842.0 410.0 742.0 410.0 740.0 410.0 738.0 410.0 611.0 481.0 418.0 481.0 420.0 543.0"/>
                        </Shape>
                        <String ID="segment_10" CONTENT="A" HPOS="447" VPOS="481" WIDTH="4" HEIGHT="78" WC="1.0">
                            <Shape>
                                <Polygon POINTS="447 481 451 559 451 559 447 481"/>
                            </Shape>
                            <Glyph ID="char_23" CONTENT="A" HPOS="447" VPOS="481" WIDTH="4" HEIGHT="78" GC="1.0">
                                <Shape>
                                    <Polygon POINTS="447 481 451 559 451 559 447 481"/>
                                </Shape>
                            </Glyph>
                        </String>
                        <SP ID="segment_11" HPOS="619"  VPOS="470" WIDTH="13"  HEIGHT="91"/>
                        <String ID="segment_12" CONTENT="Monsieur" HPOS="651" VPOS="415" WIDTH="465" HEIGHT="144" WC="0.9999">
                            <Shape>
                                <Polygon POINTS="651 459 652 556 1116 549 1115 472"/>
                            </Shape>
                            <Glyph ID="char_25" CONTENT="M" HPOS="651" VPOS="459" WIDTH="1" HEIGHT="97" GC="1.0">
                                <Shape>
                                    <Polygon POINTS="651 459 652 556 652 556 651 459"/>
                                </Shape>
                            </Glyph>
                            <Glyph ID="char_26" CONTENT="o" HPOS="853" VPOS="415" WIDTH="1" HEIGHT="144" GC="0.9997">
                                <Shape>
                                    <Polygon POINTS="853 415 854 559 854 559 853 415"/>
                                </Shape>
                            </Glyph>
                            <Glyph ID="char_27" CONTENT="n" HPOS="903" VPOS="441" WIDTH="1" HEIGHT="115" GC="0.9999">
                                <Shape>
                                    <Polygon POINTS="903 441 904 556 904 556 903 441"/>
                                </Shape>
                            </Glyph>
                            <Glyph ID="char_28" CONTENT="s" HPOS="964" VPOS="473" WIDTH="1" HEIGHT="80" GC="1.0">
                                <Shape>
                                    <Polygon POINTS="964 473 965 553 965 553 964 473"/>
                                </Shape>
                            </Glyph>
                            <Glyph ID="char_29" CONTENT="i" HPOS="994" VPOS="474" WIDTH="1" HEIGHT="78" GC="0.9999">
                                <Shape>
                                    <Polygon POINTS="994 474 995 552 995 552 994 474"/>
                                </Shape>
                            </Glyph>
                            <Glyph ID="char_30" CONTENT="e" HPOS="1035" VPOS="471" WIDTH="1" HEIGHT="79" GC="0.9998">
                                <Shape>
                                    <Polygon POINTS="1035 471 1036 550 1036 550 1035 471"/>
                                </Shape>
                            </Glyph>
                            <Glyph ID="char_31" CONTENT="u" HPOS="1085" VPOS="463" WIDTH="1" HEIGHT="84" GC="1.0">
                                <Shape>
                                    <Polygon POINTS="1085 463 1086 547 1086 547 1085 463"/>
                                </Shape>
                            </Glyph>
                            <Glyph ID="char_32" CONTENT="r" HPOS="1105" VPOS="469" WIDTH="11" HEIGHT="80" GC="0.9999">
                                <Shape>
                                    <Polygon POINTS="1105 469 1106 548 1116 549 1115 472"/>
                                </Shape>
                            </Glyph>
                        </String>
                        <SP ID="segment_13" HPOS="1186"  VPOS="473" WIDTH="11"  HEIGHT="80"/>
                        <String ID="segment_14" CONTENT="Le" HPOS="1216" VPOS="473" WIDTH="52" HEIGHT="81" WC="1.0">
                            <Shape>
                                <Polygon POINTS="1216 473 1217 554 1268 545 1267 473"/>
                            </Shape>
                            <Glyph ID="char_34" CONTENT="L" HPOS="1216" VPOS="473" WIDTH="1" HEIGHT="81" GC="1.0">
                                <Shape>
                                    <Polygon POINTS="1216 473 1217 554 1217 554 1216 473"/>
                                </Shape>
                            </Glyph>
                            <Glyph ID="char_35" CONTENT="e" HPOS="1267" VPOS="473" WIDTH="1" HEIGHT="72" GC="1.0">
                                <Shape>
                                    <Polygon POINTS="1267 473 1268 545 1268 545 1267 473"/>
                                </Shape>
                            </Glyph>
                        </String>
                        <SP ID="segment_15" HPOS="1348"  VPOS="435" WIDTH="11"  HEIGHT="110"/>
                        <String ID="segment_16" CONTENT="Chevalier" HPOS="1368" VPOS="402" WIDTH="334" HEIGHT="143" WC="0.9981">
                            <Shape>
                                <Polygon POINTS="1368 429 1369 545 1702 545 1701 433"/>
                            </Shape>
                            <Glyph ID="char_37" CONTENT="C" HPOS="1368" VPOS="429" WIDTH="1" HEIGHT="116" GC="0.9999">
                                <Shape>
                                    <Polygon POINTS="1368 429 1369 545 1369 545 1368 429"/>
                                </Shape>
                            </Glyph>
                            <Glyph ID="char_38" CONTENT="h" HPOS="1448" VPOS="402" WIDTH="12" HEIGHT="143" GC="1.0">
                                <Shape>
                                    <Polygon POINTS="1448 402 1449 545 1460 545 1459 402"/>
                                </Shape>
                            </Glyph>
                            <Glyph ID="char_39" CONTENT="e" HPOS="1509" VPOS="402" WIDTH="1" HEIGHT="143" GC="1.0">
                                <Shape>
                                    <Polygon POINTS="1509 402 1510 545 1510 545 1509 402"/>
                                </Shape>
                            </Glyph>
                            <Glyph ID="char_40" CONTENT="v" HPOS="1549" VPOS="412" WIDTH="1" HEIGHT="133" GC="1.0">
                                <Shape>
                                    <Polygon POINTS="1549 412 1550 545 1550 545 1549 412"/>
                                </Shape>
                            </Glyph>
                            <Glyph ID="char_41" CONTENT="a" HPOS="1580" VPOS="429" WIDTH="1" HEIGHT="116" GC="1.0">
                                <Shape>
                                    <Polygon POINTS="1580 429 1581 545 1581 545 1580 429"/>
                                </Shape>
                            </Glyph>
                            <Glyph ID="char_42" CONTENT="l" HPOS="1620" VPOS="429" WIDTH="1" HEIGHT="116" GC="0.9999">
                                <Shape>
                                    <Polygon POINTS="1620 429 1621 545 1621 545 1620 429"/>
                                </Shape>
                            </Glyph>
                            <Glyph ID="char_43" CONTENT="i" HPOS="1650" VPOS="414" WIDTH="1" HEIGHT="131" GC="0.9887">
                                <Shape>
                                    <Polygon POINTS="1650 414 1651 545 1651 545 1650 414"/>
                                </Shape>
                            </Glyph>
                            <Glyph ID="char_44" CONTENT="e" HPOS="1670" VPOS="417" WIDTH="1" HEIGHT="128" GC="0.9999">
                                <Shape>
                                    <Polygon POINTS="1670 417 1671 545 1671 545 1670 417"/>
                                </Shape>
                            </Glyph>
                            <Glyph ID="char_45" CONTENT="r" HPOS="1701" VPOS="433" WIDTH="1" HEIGHT="112" GC="0.9948">
                                <Shape>
                                    <Polygon POINTS="1701 433 1702 545 1702 545 1701 433"/>
                                </Shape>
                            </Glyph>
                        </String>
                        <SP ID="segment_17" HPOS="1751"  VPOS="429" WIDTH="11"  HEIGHT="116"/>
                        <String ID="segment_18" CONTENT="de" HPOS="1771" VPOS="426" WIDTH="42" HEIGHT="119" WC="0.9916">
                            <Shape>
                                <Polygon POINTS="1771 426 1772 545 1813 545 1812 448"/>
                            </Shape>
                            <Glyph ID="char_47" CONTENT="d" HPOS="1771" VPOS="426" WIDTH="1" HEIGHT="119" GC="0.9845">
                                <Shape>
                                    <Polygon POINTS="1771 426 1772 545 1772 545 1771 426"/>
                                </Shape>
                            </Glyph>
                            <Glyph ID="char_48" CONTENT="e" HPOS="1812" VPOS="448" WIDTH="1" HEIGHT="97" GC="0.9986">
                                <Shape>
                                    <Polygon POINTS="1812 448 1813 545 1813 545 1812 448"/>
                                </Shape>
                            </Glyph>
                        </String>
                        <SP ID="segment_19" HPOS="1842"  VPOS="442" WIDTH="11"  HEIGHT="103"/>
                        <String ID="segment_20" CONTENT="Fleurieu" HPOS="1872" VPOS="396" WIDTH="233" HEIGHT="149" WC="0.9725">
                            <Shape>
                                <Polygon POINTS="1872 429 1873 545 2105 545 2103 396"/>
                            </Shape>
                            <Glyph ID="char_50" CONTENT="F" HPOS="1872" VPOS="429" WIDTH="1" HEIGHT="116" GC="0.785">
                                <Shape>
                                    <Polygon POINTS="1872 429 1873 545 1873 545 1872 429"/>
                                </Shape>
                            </Glyph>
                            <Glyph ID="char_51" CONTENT="l" HPOS="1932" VPOS="398" WIDTH="2" HEIGHT="147" GC="0.9969">
                                <Shape>
                                    <Polygon POINTS="1932 398 1934 545 1934 545 1932 398"/>
                                </Shape>
                            </Glyph>
                            <Glyph ID="char_52" CONTENT="e" HPOS="1952" VPOS="398" WIDTH="2" HEIGHT="147" GC="0.9993">
                                <Shape>
                                    <Polygon POINTS="1952 398 1954 545 1954 545 1952 398"/>
                                </Shape>
                            </Glyph>
                            <Glyph ID="char_53" CONTENT="u" HPOS="1992" VPOS="397" WIDTH="2" HEIGHT="148" GC="0.9997">
                                <Shape>
                                    <Polygon POINTS="1992 397 1994 545 1994 545 1992 397"/>
                                </Shape>
                            </Glyph>
                            <Glyph ID="char_54" CONTENT="r" HPOS="2013" VPOS="397" WIDTH="12" HEIGHT="148" GC="0.9999">
                                <Shape>
                                    <Polygon POINTS="2013 397 2015 545 2025 545 2023 397"/>
                                </Shape>
                            </Glyph>
                            <Glyph ID="char_55" CONTENT="i" HPOS="2043" VPOS="397" WIDTH="2" HEIGHT="148" GC="1.0">
                                <Shape>
                                    <Polygon POINTS="2043 397 2045 545 2045 545 2043 397"/>
                                </Shape>
                            </Glyph>
                            <Glyph ID="char_56" CONTENT="e" HPOS="2063" VPOS="397" WIDTH="2" HEIGHT="148" GC="1.0">
                                <Shape>
                                    <Polygon POINTS="2063 397 2065 545 2065 545 2063 397"/>
                                </Shape>
                            </Glyph>
                            <Glyph ID="char_57" CONTENT="u" HPOS="2103" VPOS="396" WIDTH="2" HEIGHT="149" GC="0.9991">
                                <Shape>
                                    <Polygon POINTS="2103 396 2105 545 2105 545 2103 396"/>
                                </Shape>
                            </Glyph>
                        </String>
                    </TextLine>

                    <TextLine ID="9b5aba50-56ad-4766-b0af-ceae24cead2a" HPOS="768.0" VPOS="577.0" WIDTH="1138.0" HEIGHT="143.0" BASELINE="770.0 690.0 1906.0 692.0" TAGREFS="LINE_TYPE_1">
                        <Shape>
                            <Polygon POINTS="770.0 690.0 768.0 710.0 1326.0 720.0 1328.0 720.0 1394.0 708.0 1424.0 720.0 1426.0 720.0 1428.0 720.0 1430.0 720.0 1432.0 720.0 1446.0 708.0 1507.0 720.0 1509.0 720.0 1511.0 720.0 1557.0 708.0 1661.0 718.0 1663.0 718.0 1708.0 708.0 1748.0 720.0 1750.0 720.0 1752.0 720.0 1904.0 706.0 1906.0 692.0 1904.0 639.0 1671.0 639.0 1619.0 607.0 1617.0 607.0 1615.0 607.0 1613.0 607.0 1537.0 615.0 1499.0 579.0 1499.0 577.0 1497.0 577.0 1495.0 577.0 1428.0 577.0 1426.0 577.0 1424.0 577.0 1422.0 577.0 1338.0 631.0 1278.0 579.0 1278.0 577.0 1276.0 577.0 1274.0 577.0 1157.0 577.0 1155.0 577.0 1153.0 577.0 1151.0 577.0 1151.0 579.0 1109.0 617.0 1095.0 613.0 1093.0 613.0 1091.0 613.0 1089.0 613.0 1087.0 613.0 1087.0 615.0 1063.0 639.0 1037.0 639.0 975.0 583.0 973.0 583.0 972.0 583.0 970.0 583.0 968.0 583.0 966.0 583.0 958.0 591.0 934.0 577.0 932.0 577.0 864.0 577.0 862.0 577.0 860.0 577.0 858.0 577.0 858.0 579.0 804.0 627.0 770.0 635.0 770.0 690.0"/>
                        </Shape>
                        <String ID="segment_21" CONTENT="Ministre" HPOS="789" VPOS="577" WIDTH="425" HEIGHT="141" WC="0.9958">
                            <Shape>
                                <Polygon POINTS="789 631 789 710 1214 718 1214 577"/>
                            </Shape>
                            <Glyph ID="char_58" CONTENT="M" HPOS="789" VPOS="631" WIDTH="0" HEIGHT="79" GC="1.0">
                                <Shape>
                                    <Polygon POINTS="789 631 789 710 789 710 789 631"/>
                                </Shape>
                            </Glyph>
                            <Glyph ID="char_59" CONTENT="i" HPOS="1011" VPOS="616" WIDTH="0" HEIGHT="98" GC="1.0">
                                <Shape>
                                    <Polygon POINTS="1011 616 1011 714 1011 714 1011 616"/>
                                </Shape>
                            </Glyph>
                            <Glyph ID="char_60" CONTENT="n" HPOS="1050" VPOS="639" WIDTH="0" HEIGHT="76" GC="0.9995">
                                <Shape>
                                    <Polygon POINTS="1050 639 1050 715 1050 715 1050 639"/>
                                </Shape>
                            </Glyph>
                            <Glyph ID="char_61" CONTENT="i" HPOS="1089" VPOS="613" WIDTH="0" HEIGHT="103" GC="0.9998">
                                <Shape>
                                    <Polygon POINTS="1089 613 1089 716 1089 716 1089 613"/>
                                </Shape>
                            </Glyph>
                            <Glyph ID="char_62" CONTENT="s" HPOS="1118" VPOS="609" WIDTH="0" HEIGHT="107" GC="0.9999">
                                <Shape>
                                    <Polygon POINTS="1118 609 1118 716 1118 716 1118 609"/>
                                </Shape>
                            </Glyph>
                            <Glyph ID="char_63" CONTENT="t" HPOS="1156" VPOS="577" WIDTH="0" HEIGHT="140" GC="1.0">
                                <Shape>
                                    <Polygon POINTS="1156 577 1156 717 1156 717 1156 577"/>
                                </Shape>
                            </Glyph>
                            <Glyph ID="char_64" CONTENT="r" HPOS="1185" VPOS="577" WIDTH="0" HEIGHT="140" GC="0.9673">
                                <Shape>
                                    <Polygon POINTS="1185 577 1185 717 1185 717 1185 577"/>
                                </Shape>
                            </Glyph>
                            <Glyph ID="char_65" CONTENT="e" HPOS="1214" VPOS="577" WIDTH="0" HEIGHT="141" GC="0.9997">
                                <Shape>
                                    <Polygon POINTS="1214 577 1214 718 1214 718 1214 577"/>
                                </Shape>
                            </Glyph>
                        </String>
                        <SP ID="segment_22" HPOS="1262"  VPOS="577" WIDTH="10"  HEIGHT="142"/>
                        <String ID="segment_23" CONTENT="de" HPOS="1291" VPOS="590" WIDTH="39" HEIGHT="130" WC="1.0">
                            <Shape>
                                <Polygon POINTS="1291 590 1291 719 1330 720 1330 624"/>
                            </Shape>
                            <Glyph ID="char_67" CONTENT="d" HPOS="1291" VPOS="590" WIDTH="0" HEIGHT="129" GC="1.0">
                                <Shape>
                                    <Polygon POINTS="1291 590 1291 719 1291 719 1291 590"/>
                                </Shape>
                            </Glyph>
                            <Glyph ID="char_68" CONTENT="e" HPOS="1330" VPOS="624" WIDTH="0" HEIGHT="96" GC="0.9999">
                                <Shape>
                                    <Polygon POINTS="1330 624 1330 720 1330 720 1330 624"/>
                                </Shape>
                            </Glyph>
                        </String>
                        <SP ID="segment_24" HPOS="1397"  VPOS="587" WIDTH="10"  HEIGHT="126"/>
                        <String ID="segment_25" CONTENT="la" HPOS="1426" VPOS="577" WIDTH="49" HEIGHT="143" WC="1.0">
                            <Shape>
                                <Polygon POINTS="1426 577 1426 720 1475 714 1475 577"/>
                            </Shape>
                            <Glyph ID="char_70" CONTENT="l" HPOS="1426" VPOS="577" WIDTH="0" HEIGHT="143" GC="1.0">
                                <Shape>
                                    <Polygon POINTS="1426 577 1426 720 1426 720 1426 577"/>
                                </Shape>
                            </Glyph>
                            <Glyph ID="char_71" CONTENT="a" HPOS="1475" VPOS="577" WIDTH="0" HEIGHT="137" GC="1.0">
                                <Shape>
                                    <Polygon POINTS="1475 577 1475 714 1475 714 1475 577"/>
                                </Shape>
                            </Glyph>
                        </String>
                        <SP ID="segment_26" HPOS="1523"  VPOS="602" WIDTH="0"  HEIGHT="115"/>
                        <String ID="segment_27" CONTENT="Marine" HPOS="1542" VPOS="614" WIDTH="290" HEIGHT="106" WC="0.9498">
                            <Shape>
                                <Polygon POINTS="1542 614 1542 712 1832 713 1832 639"/>
                            </Shape>
                            <Glyph ID="char_73" CONTENT="M" HPOS="1542" VPOS="614" WIDTH="0" HEIGHT="98" GC="0.7493">
                                <Shape>
                                    <Polygon POINTS="1542 614 1542 712 1542 712 1542 614"/>
                                </Shape>
                            </Glyph>
                            <Glyph ID="char_74" CONTENT="a" HPOS="1668" VPOS="637" WIDTH="0" HEIGHT="80" GC="0.9995">
                                <Shape>
                                    <Polygon POINTS="1668 637 1668 717 1668 717 1668 637"/>
                                </Shape>
                            </Glyph>
                            <Glyph ID="char_75" CONTENT="r" HPOS="1735" VPOS="639" WIDTH="0" HEIGHT="77" GC="0.9995">
                                <Shape>
                                    <Polygon POINTS="1735 639 1735 716 1735 716 1735 639"/>
                                </Shape>
                            </Glyph>
                            <Glyph ID="char_76" CONTENT="i" HPOS="1754" VPOS="639" WIDTH="0" HEIGHT="81" GC="0.9789">
                                <Shape>
                                    <Polygon POINTS="1754 639 1754 720 1754 720 1754 639"/>
                                </Shape>
                            </Glyph>
                            <Glyph ID="char_77" CONTENT="n" HPOS="1783" VPOS="639" WIDTH="0" HEIGHT="78" GC="0.9744">
                                <Shape>
                                    <Polygon POINTS="1783 639 1783 717 1783 717 1783 639"/>
                                </Shape>
                            </Glyph>
                            <Glyph ID="char_78" CONTENT="e" HPOS="1832" VPOS="639" WIDTH="0" HEIGHT="74" GC="0.997">
                                <Shape>
                                    <Polygon POINTS="1832 639 1832 713 1832 713 1832 639"/>
                                </Shape>
                            </Glyph>
                        </String>
                    </TextLine>

                    <TextLine ID="e080ec38-3060-440e-9d57-acfa57fe0158" HPOS="1380.0" VPOS="971.0" WIDTH="356.0" HEIGHT="203.0" BASELINE="1382.0 1095.0 1736.0 1087.0" TAGREFS="LINE_TYPE_1">
                        <Shape>
                            <Polygon POINTS="1382.0 1095.0 1382.0 1146.0 1422.0 1174.0 1424.0 1174.0 1426.0 1174.0 1428.0 1174.0 1519.0 1172.0 1521.0 1172.0 1523.0 1172.0 1523.0 1170.0 1589.0 1105.0 1734.0 1101.0 1736.0 1087.0 1734.0 1019.0 1677.0 971.0 1675.0 971.0 1673.0 971.0 1641.0 971.0 1639.0 971.0 1637.0 971.0 1571.0 1003.0 1491.0 975.0 1489.0 975.0 1487.0 975.0 1485.0 975.0 1483.0 975.0 1483.0 977.0 1434.0 1031.0 1380.0 1031.0 1382.0 1095.0"/>
                        </Shape>
                        <String ID="segment_28" CONTENT="M" HPOS="1409" VPOS="1031" WIDTH="3" HEIGHT="136" WC="0.9983">
                            <Shape>
                                <Polygon POINTS="1409 1031 1412 1167 1412 1167 1409 1031"/>
                            </Shape>
                            <Glyph ID="char_79" CONTENT="M" HPOS="1409" VPOS="1031" WIDTH="3" HEIGHT="136" GC="0.9983">
                                <Shape>
                                    <Polygon POINTS="1409 1031 1412 1167 1412 1167 1409 1031"/>
                                </Shape>
                            </Glyph>
                        </String>
                        <SP ID="segment_29" HPOS="1531"  VPOS="989" WIDTH="17"  HEIGHT="170"/>
                        <String ID="segment_30" CONTENT="Sand" HPOS="1558" VPOS="971" WIDTH="139" HEIGHT="162" WC="0.9625">
                            <Shape>
                                <Polygon POINTS="1558 998 1561 1133 1697 1102 1695 986"/>
                            </Shape>
                            <Glyph ID="char_81" CONTENT="S" HPOS="1558" VPOS="998" WIDTH="3" HEIGHT="135" GC="0.9947">
                                <Shape>
                                    <Polygon POINTS="1558 998 1561 1133 1561 1133 1558 998"/>
                                </Shape>
                            </Glyph>
                            <Glyph ID="char_82" CONTENT="a" HPOS="1613" VPOS="983" WIDTH="2" HEIGHT="121" GC="0.9839">
                                <Shape>
                                    <Polygon POINTS="1613 983 1615 1104 1615 1104 1613 983"/>
                                </Shape>
                            </Glyph>
                            <Glyph ID="char_83" CONTENT="n" HPOS="1653" VPOS="971" WIDTH="3" HEIGHT="132" GC="0.9817">
                                <Shape>
                                    <Polygon POINTS="1653 971 1656 1103 1656 1103 1653 971"/>
                                </Shape>
                            </Glyph>
                            <Glyph ID="char_84" CONTENT="d" HPOS="1695" VPOS="986" WIDTH="2" HEIGHT="116" GC="0.8896">
                                <Shape>
                                    <Polygon POINTS="1695 986 1697 1102 1697 1102 1695 986"/>
                                </Shape>
                            </Glyph>
                        </String>
                    </TextLine>

                    <TextLine ID="d47f9a18-4a1e-4b54-ba70-46834eae3cd1" HPOS="794.0" VPOS="1204.0" WIDTH="1351.0" HEIGHT="120.0" BASELINE="796.0 1296.0 2145.0 1286.0" TAGREFS="LINE_TYPE_1">
                        <Shape>
                            <Polygon POINTS="796.0 1296.0 796.0 1318.0 1105.0 1314.0 1131.0 1324.0 1133.0 1324.0 1135.0 1324.0 1197.0 1312.0 1226.0 1324.0 1228.0 1324.0 1230.0 1324.0 1348.0 1314.0 1454.0 1322.0 1456.0 1322.0 1458.0 1322.0 1459.0 1322.0 1475.0 1312.0 1573.0 1320.0 1575.0 1320.0 1706.0 1310.0 1764.0 1320.0 1766.0 1320.0 1768.0 1320.0 1788.0 1310.0 1880.0 1318.0 1882.0 1318.0 2143.0 1304.0 2145.0 1286.0 2139.0 1242.0 2015.0 1242.0 1953.0 1204.0 1951.0 1204.0 1949.0 1204.0 1912.0 1204.0 1910.0 1204.0 1908.0 1204.0 1826.0 1246.0 1699.0 1246.0 1647.0 1206.0 1645.0 1206.0 1643.0 1206.0 1603.0 1206.0 1601.0 1206.0 1533.0 1212.0 1531.0 1212.0 1467.0 1244.0 1398.0 1208.0 1396.0 1208.0 1348.0 1208.0 1346.0 1208.0 1344.0 1208.0 1342.0 1208.0 1296.0 1248.0 1264.0 1250.0 1215.0 1250.0 1163.0 1210.0 1161.0 1210.0 1159.0 1210.0 1087.0 1210.0 1085.0 1210.0 1083.0 1210.0 1081.0 1210.0 1069.0 1220.0 975.0 1212.0 973.0 1212.0 972.0 1212.0 888.0 1252.0 794.0 1252.0 796.0 1296.0"/>
                        </Shape>
                        <String ID="segment_31" CONTENT="e" HPOS="828" VPOS="1252" WIDTH="0" HEIGHT="66" WC="0.9772">
                            <Shape>
                                <Polygon POINTS="828 1252 828 1318 828 1318 828 1252"/>
                            </Shape>
                            <Glyph ID="char_85" CONTENT="e" HPOS="828" VPOS="1252" WIDTH="0" HEIGHT="66" GC="0.9772">
                                <Shape>
                                    <Polygon POINTS="828 1252 828 1318 828 1318 828 1252"/>
                                </Shape>
                            </Glyph>
                        </String>
                        <SP ID="segment_32" HPOS="891"  VPOS="1247" WIDTH="8"  HEIGHT="70"/>
                        <String ID="segment_33" CONTENT="S^r" HPOS="915" VPOS="1214" WIDTH="102" HEIGHT="102" WC="1.0">
                            <Shape>
                                <Polygon POINTS="915 1239 915 1316 1017 1315 1016 1216"/>
                            </Shape>
                            <Glyph ID="char_87" CONTENT="S" HPOS="915" VPOS="1239" WIDTH="0" HEIGHT="77" GC="1.0">
                                <Shape>
                                    <Polygon POINTS="915 1239 915 1316 915 1316 915 1239"/>
                                </Shape>
                            </Glyph>
                            <Glyph ID="char_88" CONTENT="^" HPOS="1001" VPOS="1214" WIDTH="9" HEIGHT="101" GC="1.0">
                                <Shape>
                                    <Polygon POINTS="1001 1214 1002 1315 1010 1315 1009 1215"/>
                                </Shape>
                            </Glyph>
                            <Glyph ID="char_89" CONTENT="r" HPOS="1016" VPOS="1216" WIDTH="1" HEIGHT="99" GC="0.9999">
                                <Shape>
                                    <Polygon POINTS="1016 1216 1017 1315 1017 1315 1016 1216"/>
                                </Shape>
                            </Glyph>
                        </String>
                        <SP ID="segment_34" HPOS="1032"  VPOS="1217" WIDTH="9"  HEIGHT="98"/>
                        <String ID="segment_35" CONTENT="François" HPOS="1056" VPOS="1210" WIDTH="222" HEIGHT="114" WC="0.9328">
                            <Shape>
                                <Polygon POINTS="1056 1219 1057 1315 1278 1320 1278 1249"/>
                            </Shape>
                            <Glyph ID="char_91" CONTENT="F" HPOS="1056" VPOS="1219" WIDTH="1" HEIGHT="96" GC="0.9999">
                                <Shape>
                                    <Polygon POINTS="1056 1219 1057 1315 1057 1315 1056 1219"/>
                                </Shape>
                            </Glyph>
                            <Glyph ID="char_92" CONTENT="r" HPOS="1103" VPOS="1210" WIDTH="9" HEIGHT="107" GC="0.9994">
                                <Shape>
                                    <Polygon POINTS="1103 1210 1104 1314 1112 1317 1111 1210"/>
                                </Shape>
                            </Glyph>
                            <Glyph ID="char_93" CONTENT="a" HPOS="1135" VPOS="1210" WIDTH="1" HEIGHT="114" GC="0.9996">
                                <Shape>
                                    <Polygon POINTS="1135 1210 1136 1324 1136 1324 1135 1210"/>
                                </Shape>
                            </Glyph>
                            <Glyph ID="char_94" CONTENT="n" HPOS="1167" VPOS="1213" WIDTH="1" HEIGHT="105" GC="0.552">
                                <Shape>
                                    <Polygon POINTS="1167 1213 1168 1318 1168 1318 1167 1213"/>
                                </Shape>
                            </Glyph>
                            <Glyph ID="char_95" CONTENT="c" HPOS="1199" VPOS="1237" WIDTH="0" HEIGHT="76" GC="0.9998">
                                <Shape>
                                    <Polygon POINTS="1199 1237 1199 1313 1199 1313 1199 1237"/>
                                </Shape>
                            </Glyph>
                            <Glyph ID="char_96" CONTENT="̧" HPOS="1207" VPOS="1244" WIDTH="0" HEIGHT="72" GC="0.9728">
                                <Shape>
                                    <Polygon POINTS="1207 1244 1207 1316 1207 1316 1207 1244"/>
                                </Shape>
                            </Glyph>
                            <Glyph ID="char_97" CONTENT="o" HPOS="1223" VPOS="1250" WIDTH="0" HEIGHT="73" GC="0.9987">
                                <Shape>
                                    <Polygon POINTS="1223 1250 1223 1323 1223 1323 1223 1250"/>
                                </Shape>
                            </Glyph>
                            <Glyph ID="char_98" CONTENT="i" HPOS="1247" VPOS="1250" WIDTH="0" HEIGHT="73" GC="0.8729">
                                <Shape>
                                    <Polygon POINTS="1247 1250 1247 1323 1247 1323 1247 1250"/>
                                </Shape>
                            </Glyph>
                            <Glyph ID="char_99" CONTENT="s" HPOS="1278" VPOS="1249" WIDTH="0" HEIGHT="71" GC="0.9998">
                                <Shape>
                                    <Polygon POINTS="1278 1249 1278 1320 1278 1320 1278 1249"/>
                                </Shape>
                            </Glyph>
                        </String>
                        <SP ID="segment_36" HPOS="1318"  VPOS="1229" WIDTH="0"  HEIGHT="88"/>
                        <String ID="segment_37" CONTENT="henry" HPOS="1333" VPOS="1208" WIDTH="127" HEIGHT="113" WC="0.9993">
                            <Shape>
                                <Polygon POINTS="1333 1215 1334 1315 1460 1321 1460 1240"/>
                            </Shape>
                            <Glyph ID="char_101" CONTENT="h" HPOS="1333" VPOS="1215" WIDTH="1" HEIGHT="100" GC="1.0">
                                <Shape>
                                    <Polygon POINTS="1333 1215 1334 1315 1334 1315 1333 1215"/>
                                </Shape>
                            </Glyph>
                            <Glyph ID="char_102" CONTENT="e" HPOS="1372" VPOS="1208" WIDTH="1" HEIGHT="108" GC="0.9997">
                                <Shape>
                                    <Polygon POINTS="1372 1208 1373 1316 1373 1316 1372 1208"/>
                                </Shape>
                            </Glyph>
                            <Glyph ID="char_103" CONTENT="n" HPOS="1412" VPOS="1216" WIDTH="1" HEIGHT="103" GC="1.0">
                                <Shape>
                                    <Polygon POINTS="1412 1216 1413 1319 1413 1319 1412 1216"/>
                                </Shape>
                            </Glyph>
                            <Glyph ID="char_104" CONTENT="r" HPOS="1436" VPOS="1228" WIDTH="0" HEIGHT="93" GC="0.9973">
                                <Shape>
                                    <Polygon POINTS="1436 1228 1436 1321 1436 1321 1436 1228"/>
                                </Shape>
                            </Glyph>
                            <Glyph ID="char_105" CONTENT="y" HPOS="1460" VPOS="1240" WIDTH="0" HEIGHT="81" GC="0.9995">
                                <Shape>
                                    <Polygon POINTS="1460 1240 1460 1321 1460 1321 1460 1240"/>
                                </Shape>
                            </Glyph>
                        </String>
                        <SP ID="segment_38" HPOS="1507"  VPOS="1220" WIDTH="8"  HEIGHT="95"/>
                        <String ID="segment_39" CONTENT="Volant," HPOS="1530" VPOS="1206" WIDTH="215" HEIGHT="114" WC="0.9272">
                            <Shape>
                                <Polygon POINTS="1530 1212 1531 1317 1745 1317 1745 1246"/>
                            </Shape>
                            <Glyph ID="char_107" CONTENT="V" HPOS="1530" VPOS="1212" WIDTH="1" HEIGHT="105" GC="0.9987">
                                <Shape>
                                    <Polygon POINTS="1530 1212 1531 1317 1531 1317 1530 1212"/>
                                </Shape>
                            </Glyph>
                            <Glyph ID="char_108" CONTENT="o" HPOS="1578" VPOS="1208" WIDTH="1" HEIGHT="112" GC="0.9743">
                                <Shape>
                                    <Polygon POINTS="1578 1208 1579 1320 1579 1320 1578 1208"/>
                                </Shape>
                            </Glyph>
                            <Glyph ID="char_109" CONTENT="l" HPOS="1601" VPOS="1206" WIDTH="1" HEIGHT="112" GC="0.9999">
                                <Shape>
                                    <Polygon POINTS="1601 1206 1602 1318 1602 1318 1601 1206"/>
                                </Shape>
                            </Glyph>
                            <Glyph ID="char_110" CONTENT="a" HPOS="1633" VPOS="1206" WIDTH="1" HEIGHT="109" GC="0.994">
                                <Shape>
                                    <Polygon POINTS="1633 1206 1634 1315 1634 1315 1633 1206"/>
                                </Shape>
                            </Glyph>
                            <Glyph ID="char_111" CONTENT="n" HPOS="1665" VPOS="1220" WIDTH="1" HEIGHT="93" GC="0.9961">
                                <Shape>
                                    <Polygon POINTS="1665 1220 1666 1313 1666 1313 1665 1220"/>
                                </Shape>
                            </Glyph>
                            <Glyph ID="char_112" CONTENT="t" HPOS="1697" VPOS="1244" WIDTH="0" HEIGHT="67" GC="0.9354">
                                <Shape>
                                    <Polygon POINTS="1697 1244 1697 1311 1697 1311 1697 1244"/>
                                </Shape>
                            </Glyph>
                            <Glyph ID="char_113" CONTENT="," HPOS="1745" VPOS="1246" WIDTH="0" HEIGHT="71" GC="0.592">
                                <Shape>
                                    <Polygon POINTS="1745 1246 1745 1317 1745 1317 1745 1246"/>
                                </Shape>
                            </Glyph>
                        </String>
                        <SP ID="segment_40" HPOS="1753"  VPOS="1246" WIDTH="8"  HEIGHT="74"/>
                        <String ID="segment_41" CONTENT="a" HPOS="1768" VPOS="1246" WIDTH="0" HEIGHT="74" WC="0.9938">
                            <Shape>
                                <Polygon POINTS="1768 1246 1768 1320 1768 1320 1768 1246"/>
                            </Shape>
                            <Glyph ID="char_115" CONTENT="a" HPOS="1768" VPOS="1246" WIDTH="0" HEIGHT="74" GC="0.9938">
                                <Shape>
                                    <Polygon POINTS="1768 1246 1768 1320 1768 1320 1768 1246"/>
                                </Shape>
                            </Glyph>
                        </String>
                        <SP ID="segment_42" HPOS="1800"  VPOS="1246" WIDTH="8"  HEIGHT="66"/>
                        <String ID="segment_43" CONTENT="eu" HPOS="1816" VPOS="1235" WIDTH="32" HEIGHT="80" WC="0.9866">
                            <Shape>
                                <Polygon POINTS="1816 1246 1816 1312 1848 1315 1848 1235"/>
                            </Shape>
                            <Glyph ID="char_117" CONTENT="e" HPOS="1816" VPOS="1246" WIDTH="0" HEIGHT="66" GC="0.9744">
                                <Shape>
                                    <Polygon POINTS="1816 1246 1816 1312 1816 1312 1816 1246"/>
                                </Shape>
                            </Glyph>
                            <Glyph ID="char_118" CONTENT="u" HPOS="1848" VPOS="1235" WIDTH="0" HEIGHT="80" GC="0.9988">
                                <Shape>
                                    <Polygon POINTS="1848 1235 1848 1315 1848 1315 1848 1235"/>
                                </Shape>
                            </Glyph>
                        </String>
                        <SP ID="segment_44" HPOS="1870"  VPOS="1219" WIDTH="9"  HEIGHT="99"/>
                        <String ID="segment_45" CONTENT="l&#39;honneur" HPOS="1894" VPOS="1204" WIDTH="222" HEIGHT="113" WC="0.981">
                            <Shape>
                                <Polygon POINTS="1894 1211 1895 1317 2116 1305 2116 1242"/>
                            </Shape>
                            <Glyph ID="char_120" CONTENT="l" HPOS="1894" VPOS="1211" WIDTH="1" HEIGHT="106" GC="0.943">
                                <Shape>
                                    <Polygon POINTS="1894 1211 1895 1317 1895 1317 1894 1211"/>
                                </Shape>
                            </Glyph>
                            <Glyph ID="char_121" CONTENT="&#39;" HPOS="1926" VPOS="1204" WIDTH="8" HEIGHT="112" GC="0.9999">
                                <Shape>
                                    <Polygon POINTS="1926 1204 1927 1316 1934 1315 1933 1204"/>
                                </Shape>
                            </Glyph>
                            <Glyph ID="char_122" CONTENT="h" HPOS="1941" VPOS="1204" WIDTH="1" HEIGHT="111" GC="0.8943">
                                <Shape>
                                    <Polygon POINTS="1941 1204 1942 1315 1942 1315 1941 1204"/>
                                </Shape>
                            </Glyph>
                            <Glyph ID="char_123" CONTENT="o" HPOS="1981" VPOS="1221" WIDTH="1" HEIGHT="92" GC="0.9991">
                                <Shape>
                                    <Polygon POINTS="1981 1221 1982 1313 1982 1313 1981 1221"/>
                                </Shape>
                            </Glyph>
                            <Glyph ID="char_124" CONTENT="n" HPOS="2014" VPOS="1241" WIDTH="0" HEIGHT="70" GC="0.9999">
                                <Shape>
                                    <Polygon POINTS="2014 1241 2014 1311 2014 1311 2014 1241"/>
                                </Shape>
                            </Glyph>
                            <Glyph ID="char_125" CONTENT="n" HPOS="2037" VPOS="1242" WIDTH="0" HEIGHT="68" GC="0.9946">
                                <Shape>
                                    <Polygon POINTS="2037 1242 2037 1310 2037 1310 2037 1242"/>
                                </Shape>
                            </Glyph>
                            <Glyph ID="char_126" CONTENT="e" HPOS="2069" VPOS="1242" WIDTH="0" HEIGHT="66" GC="0.9999">
                                <Shape>
                                    <Polygon POINTS="2069 1242 2069 1308 2069 1308 2069 1242"/>
                                </Shape>
                            </Glyph>
                            <Glyph ID="char_127" CONTENT="u" HPOS="2100" VPOS="1242" WIDTH="0" HEIGHT="64" GC="0.9992">
                                <Shape>
                                    <Polygon POINTS="2100 1242 2100 1306 2100 1306 2100 1242"/>
                                </Shape>
                            </Glyph>
                            <Glyph ID="char_128" CONTENT="r" HPOS="2116" VPOS="1242" WIDTH="0" HEIGHT="63" GC="0.999">
                                <Shape>
                                    <Polygon POINTS="2116 1242 2116 1305 2116 1305 2116 1242"/>
                                </Shape>
                            </Glyph>
                        </String>
                    </TextLine>

                    <TextLine ID="858172d2-e0d9-4a61-90fa-30e7a41ca186" HPOS="531.0" VPOS="1312.0" WIDTH="1614.0" HEIGHT="117.0" BASELINE="533.0 1401.0 2145.0 1379.0" TAGREFS="LINE_TYPE_1">
                        <Shape>
                            <Polygon POINTS="533.0 1401.0 533.0 1415.0 677.0 1429.0 679.0 1429.0 681.0 1429.0 683.0 1429.0 701.0 1415.0 900.0 1425.0 902.0 1425.0 904.0 1425.0 938.0 1415.0 966.0 1425.0 968.0 1425.0 970.0 1425.0 1131.0 1409.0 1362.0 1419.0 1364.0 1419.0 1450.0 1405.0 1523.0 1417.0 1525.0 1417.0 1710.0 1401.0 1744.0 1413.0 1746.0 1413.0 1748.0 1413.0 1910.0 1401.0 2039.0 1409.0 2041.0 1409.0 2145.0 1393.0 2145.0 1379.0 2139.0 1320.0 2105.0 1326.0 2033.0 1312.0 2031.0 1312.0 2029.0 1312.0 2027.0 1312.0 1985.0 1342.0 1945.0 1314.0 1944.0 1314.0 1942.0 1314.0 1940.0 1314.0 1832.0 1324.0 1762.0 1316.0 1760.0 1316.0 1758.0 1316.0 1756.0 1316.0 1726.0 1336.0 1637.0 1344.0 1615.0 1330.0 1613.0 1330.0 1611.0 1330.0 1436.0 1320.0 1434.0 1320.0 1432.0 1320.0 1430.0 1320.0 1374.0 1353.0 1304.0 1353.0 1280.0 1336.0 1278.0 1336.0 1276.0 1336.0 1274.0 1336.0 1272.0 1336.0 1270.0 1336.0 1240.0 1353.0 1193.0 1326.0 1191.0 1326.0 1189.0 1326.0 1187.0 1326.0 1089.0 1357.0 952.0 1357.0 890.0 1342.0 888.0 1342.0 886.0 1342.0 884.0 1342.0 882.0 1342.0 858.0 1357.0 804.0 1349.0 802.0 1349.0 621.0 1361.0 579.0 1332.0 577.0 1332.0 575.0 1332.0 573.0 1332.0 571.0 1332.0 531.0 1342.0 533.0 1401.0"/>
                        </Shape>
                        <String ID="segment_46" CONTENT="de" HPOS="565" VPOS="1333" WIDTH="41" HEIGHT="89" WC="1.0">
                            <Shape>
                                <Polygon POINTS="565 1333 566 1418 606 1422 605 1350"/>
                            </Shape>
                            <Glyph ID="char_129" CONTENT="d" HPOS="565" VPOS="1333" WIDTH="1" HEIGHT="85" GC="1.0">
                                <Shape>
                                    <Polygon POINTS="565 1333 566 1418 566 1418 565 1333"/>
                                </Shape>
                            </Glyph>
                            <Glyph ID="char_130" CONTENT="e" HPOS="605" VPOS="1350" WIDTH="1" HEIGHT="72" GC="0.9999">
                                <Shape>
                                    <Polygon POINTS="605 1350 606 1422 606 1422 605 1350"/>
                                </Shape>
                            </Glyph>
                        </String>
                        <SP ID="segment_47" HPOS="652"  VPOS="1358" WIDTH="8"  HEIGHT="69"/>
                        <String ID="segment_48" CONTENT="présenter" HPOS="672" VPOS="1343" WIDTH="241" HEIGHT="86" WC="0.9921">
                            <Shape>
                                <Polygon POINTS="672 1358 673 1429 913 1422 912 1347"/>
                            </Shape>
                            <Glyph ID="char_132" CONTENT="p" HPOS="672" VPOS="1358" WIDTH="1" HEIGHT="71" GC="1.0">
                                <Shape>
                                    <Polygon POINTS="672 1358 673 1429 673 1429 672 1358"/>
                                </Shape>
                            </Glyph>
                            <Glyph ID="char_133" CONTENT="r" HPOS="719" VPOS="1354" WIDTH="1" HEIGHT="62" GC="1.0">
                                <Shape>
                                    <Polygon POINTS="719 1354 720 1416 720 1416 719 1354"/>
                                </Shape>
                            </Glyph>
                            <Glyph ID="char_134" CONTENT="e" HPOS="746" VPOS="1353" WIDTH="1" HEIGHT="64" GC="0.9983">
                                <Shape>
                                    <Polygon POINTS="746 1353 747 1417 747 1417 746 1353"/>
                                </Shape>
                            </Glyph>
                            <Glyph ID="char_135" CONTENT="́" HPOS="752" VPOS="1352" WIDTH="1" HEIGHT="66" GC="1.0">
                                <Shape>
                                    <Polygon POINTS="752 1352 753 1418 753 1418 752 1352"/>
                                </Shape>
                            </Glyph>
                            <Glyph ID="char_136" CONTENT="s" HPOS="779" VPOS="1351" WIDTH="1" HEIGHT="68" GC="1.0">
                                <Shape>
                                    <Polygon POINTS="779 1351 780 1419 780 1419 779 1351"/>
                                </Shape>
                            </Glyph>
                            <Glyph ID="char_137" CONTENT="e" HPOS="806" VPOS="1349" WIDTH="1" HEIGHT="71" GC="0.9999">
                                <Shape>
                                    <Polygon POINTS="806 1349 807 1420 807 1420 806 1349"/>
                                </Shape>
                            </Glyph>
                            <Glyph ID="char_138" CONTENT="n" HPOS="839" VPOS="1354" WIDTH="1" HEIGHT="68" GC="1.0">
                                <Shape>
                                    <Polygon POINTS="839 1354 840 1422 840 1422 839 1354"/>
                                </Shape>
                            </Glyph>
                            <Glyph ID="char_139" CONTENT="t" HPOS="872" VPOS="1348" WIDTH="1" HEIGHT="76" GC="0.923">
                                <Shape>
                                    <Polygon POINTS="872 1348 873 1424 873 1424 872 1348"/>
                                </Shape>
                            </Glyph>
                            <Glyph ID="char_140" CONTENT="e" HPOS="892" VPOS="1343" WIDTH="1" HEIGHT="82" GC="1.0">
                                <Shape>
                                    <Polygon POINTS="892 1343 893 1425 893 1425 892 1343"/>
                                </Shape>
                            </Glyph>
                            <Glyph ID="char_141" CONTENT="r" HPOS="912" VPOS="1347" WIDTH="1" HEIGHT="75" GC="1.0">
                                <Shape>
                                    <Polygon POINTS="912 1347 913 1422 913 1422 912 1347"/>
                                </Shape>
                            </Glyph>
                        </String>
                        <SP ID="segment_49" HPOS="959"  VPOS="1357" WIDTH="8"  HEIGHT="68"/>
                        <String ID="segment_50" CONTENT="un" HPOS="986" VPOS="1357" WIDTH="34" HEIGHT="66" WC="0.9994">
                            <Shape>
                                <Polygon POINTS="986 1357 987 1423 1020 1420 1019 1357"/>
                            </Shape>
                            <Glyph ID="char_143" CONTENT="u" HPOS="986" VPOS="1357" WIDTH="1" HEIGHT="66" GC="1.0">
                                <Shape>
                                    <Polygon POINTS="986 1357 987 1423 987 1423 986 1357"/>
                                </Shape>
                            </Glyph>
                            <Glyph ID="char_144" CONTENT="n" HPOS="1019" VPOS="1357" WIDTH="1" HEIGHT="63" GC="0.9989">
                                <Shape>
                                    <Polygon POINTS="1019 1357 1020 1420 1020 1420 1019 1357"/>
                                </Shape>
                            </Glyph>
                        </String>
                        <SP ID="segment_51" HPOS="1059"  VPOS="1357" WIDTH="8"  HEIGHT="59"/>
                        <String ID="segment_52" CONTENT="Mémoire" HPOS="1079" VPOS="1329" WIDTH="235" HEIGHT="88" WC="0.9595">
                            <Shape>
                                <Polygon POINTS="1079 1357 1080 1414 1314 1417 1313 1353"/>
                            </Shape>
                            <Glyph ID="char_146" CONTENT="M" HPOS="1079" VPOS="1357" WIDTH="1" HEIGHT="57" GC="1.0">
                                <Shape>
                                    <Polygon POINTS="1079 1357 1080 1414 1080 1414 1079 1357"/>
                                </Shape>
                            </Glyph>
                            <Glyph ID="char_147" CONTENT="e" HPOS="1173" VPOS="1330" WIDTH="1" HEIGHT="81" GC="0.6761">
                                <Shape>
                                    <Polygon POINTS="1173 1330 1174 1411 1174 1411 1173 1330"/>
                                </Shape>
                            </Glyph>
                            <Glyph ID="char_148" CONTENT="́" HPOS="1179" VPOS="1329" WIDTH="1" HEIGHT="82" GC="0.9997">
                                <Shape>
                                    <Polygon POINTS="1179 1329 1180 1411 1180 1411 1179 1329"/>
                                </Shape>
                            </Glyph>
                            <Glyph ID="char_149" CONTENT="m" HPOS="1213" VPOS="1338" WIDTH="1" HEIGHT="75" GC="1.0">
                                <Shape>
                                    <Polygon POINTS="1213 1338 1214 1413 1214 1413 1213 1338"/>
                                </Shape>
                            </Glyph>
                            <Glyph ID="char_150" CONTENT="o" HPOS="1246" VPOS="1349" WIDTH="1" HEIGHT="65" GC="1.0">
                                <Shape>
                                    <Polygon POINTS="1246 1349 1247 1414 1247 1414 1246 1349"/>
                                </Shape>
                            </Glyph>
                            <Glyph ID="char_151" CONTENT="i" HPOS="1266" VPOS="1338" WIDTH="1" HEIGHT="77" GC="1.0">
                                <Shape>
                                    <Polygon POINTS="1266 1338 1267 1415 1267 1415 1266 1338"/>
                                </Shape>
                            </Glyph>
                            <Glyph ID="char_152" CONTENT="r" HPOS="1293" VPOS="1345" WIDTH="1" HEIGHT="71" GC="1.0">
                                <Shape>
                                    <Polygon POINTS="1293 1345 1294 1416 1294 1416 1293 1345"/>
                                </Shape>
                            </Glyph>
                            <Glyph ID="char_153" CONTENT="e" HPOS="1313" VPOS="1353" WIDTH="1" HEIGHT="64" GC="1.0">
                                <Shape>
                                    <Polygon POINTS="1313 1353 1314 1417 1314 1417 1313 1353"/>
                                </Shape>
                            </Glyph>
                        </String>
                        <SP ID="segment_53" HPOS="1360"  VPOS="1353" WIDTH="1"  HEIGHT="66"/>
                        <String ID="segment_54" CONTENT="a" HPOS="1373" VPOS="1353" WIDTH="1" HEIGHT="64" WC="1.0">
                            <Shape>
                                <Polygon POINTS="1373 1353 1374 1417 1374 1417 1373 1353"/>
                            </Shape>
                            <Glyph ID="char_155" CONTENT="a" HPOS="1373" VPOS="1353" WIDTH="1" HEIGHT="64" GC="1.0">
                                <Shape>
                                    <Polygon POINTS="1373 1353 1374 1417 1374 1417 1373 1353"/>
                                </Shape>
                            </Glyph>
                        </String>
                        <SP ID="segment_55" HPOS="1413"  VPOS="1322" WIDTH="14"  HEIGHT="89"/>
                        <String ID="segment_56" CONTENT="Monsieur" HPOS="1433" VPOS="1320" WIDTH="261" HEIGHT="96" WC="0.9959">
                            <Shape>
                                <Polygon POINTS="1433 1320 1434 1408 1694 1402 1693 1339"/>
                            </Shape>
                            <Glyph ID="char_157" CONTENT="M" HPOS="1433" VPOS="1320" WIDTH="1" HEIGHT="88" GC="0.9999">
                                <Shape>
                                    <Polygon POINTS="1433 1320 1434 1408 1434 1408 1433 1320"/>
                                </Shape>
                            </Glyph>
                            <Glyph ID="char_158" CONTENT="o" HPOS="1540" VPOS="1326" WIDTH="1" HEIGHT="90" GC="1.0">
                                <Shape>
                                    <Polygon POINTS="1540 1326 1541 1416 1541 1416 1540 1326"/>
                                </Shape>
                            </Glyph>
                            <Glyph ID="char_159" CONTENT="n" HPOS="1580" VPOS="1328" WIDTH="1" HEIGHT="84" GC="1.0">
                                <Shape>
                                    <Polygon POINTS="1580 1328 1581 1412 1581 1412 1580 1328"/>
                                </Shape>
                            </Glyph>
                            <Glyph ID="char_160" CONTENT="s" HPOS="1600" VPOS="1329" WIDTH="1" HEIGHT="81" GC="1.0">
                                <Shape>
                                    <Polygon POINTS="1600 1329 1601 1410 1601 1410 1600 1329"/>
                                </Shape>
                            </Glyph>
                            <Glyph ID="char_161" CONTENT="i" HPOS="1620" VPOS="1333" WIDTH="7" HEIGHT="76" GC="1.0">
                                <Shape>
                                    <Polygon POINTS="1620 1333 1621 1409 1627 1408 1626 1337"/>
                                </Shape>
                            </Glyph>
                            <Glyph ID="char_162" CONTENT="e" HPOS="1640" VPOS="1344" WIDTH="1" HEIGHT="63" GC="1.0">
                                <Shape>
                                    <Polygon POINTS="1640 1344 1641 1407 1641 1407 1640 1344"/>
                                </Shape>
                            </Glyph>
                            <Glyph ID="char_163" CONTENT="u" HPOS="1666" VPOS="1341" WIDTH="1" HEIGHT="64" GC="0.9678">
                                <Shape>
                                    <Polygon POINTS="1666 1341 1667 1405 1667 1405 1666 1341"/>
                                </Shape>
                            </Glyph>
                            <Glyph ID="char_164" CONTENT="r" HPOS="1693" VPOS="1339" WIDTH="1" HEIGHT="63" GC="0.9994">
                                <Shape>
                                    <Polygon POINTS="1693 1339 1694 1402 1694 1402 1693 1339"/>
                                </Shape>
                            </Glyph>
                        </String>
                        <SP ID="segment_57" HPOS="1727"  VPOS="1331" WIDTH="7"  HEIGHT="79"/>
                        <String ID="segment_58" CONTENT="Le" HPOS="1747" VPOS="1319" WIDTH="41" HEIGHT="94" WC="0.9109">
                            <Shape>
                                <Polygon POINTS="1747 1322 1748 1413 1788 1410 1787 1319"/>
                            </Shape>
                            <Glyph ID="char_166" CONTENT="L" HPOS="1747" VPOS="1322" WIDTH="1" HEIGHT="91" GC="0.989">
                                <Shape>
                                    <Polygon POINTS="1747 1322 1748 1413 1748 1413 1747 1322"/>
                                </Shape>
                            </Glyph>
                            <Glyph ID="char_167" CONTENT="e" HPOS="1787" VPOS="1319" WIDTH="1" HEIGHT="91" GC="0.8328">
                                <Shape>
                                    <Polygon POINTS="1787 1319 1788 1410 1788 1410 1787 1319"/>
                                </Shape>
                            </Glyph>
                        </String>
                        <SP ID="segment_59" HPOS="1827"  VPOS="1323" WIDTH="7"  HEIGHT="84"/>
                        <String ID="segment_60" CONTENT="Chevalier" HPOS="1840" VPOS="1312" WIDTH="248" HEIGHT="96" WC="0.9932">
                            <Shape>
                                <Polygon POINTS="1840 1323 1841 1406 2088 1402 2087 1323"/>
                            </Shape>
                            <Glyph ID="char_169" CONTENT="C" HPOS="1840" VPOS="1323" WIDTH="1" HEIGHT="83" GC="0.9992">
                                <Shape>
                                    <Polygon POINTS="1840 1323 1841 1406 1841 1406 1840 1323"/>
                                </Shape>
                            </Glyph>
                            <Glyph ID="char_170" CONTENT="h" HPOS="1887" VPOS="1318" WIDTH="14" HEIGHT="85" GC="0.9994">
                                <Shape>
                                    <Polygon POINTS="1887 1319 1888 1403 1901 1402 1900 1318"/>
                                </Shape>
                            </Glyph>
                            <Glyph ID="char_171" CONTENT="e" HPOS="1933" VPOS="1315" WIDTH="1" HEIGHT="87" GC="0.9993">
                                <Shape>
                                    <Polygon POINTS="1933 1315 1934 1402 1934 1402 1933 1315"/>
                                </Shape>
                            </Glyph>
                            <Glyph ID="char_172" CONTENT="v" HPOS="1960" VPOS="1325" WIDTH="1" HEIGHT="79" GC="0.9999">
                                <Shape>
                                    <Polygon POINTS="1960 1325 1961 1404 1961 1404 1960 1325"/>
                                </Shape>
                            </Glyph>
                            <Glyph ID="char_173" CONTENT="a" HPOS="1993" VPOS="1336" WIDTH="1" HEIGHT="70" GC="0.9999">
                                <Shape>
                                    <Polygon POINTS="1993 1336 1994 1406 1994 1406 1993 1336"/>
                                </Shape>
                            </Glyph>
                            <Glyph ID="char_174" CONTENT="l" HPOS="2027" VPOS="1312" WIDTH="1" HEIGHT="96" GC="0.9434">
                                <Shape>
                                    <Polygon POINTS="2027 1312 2028 1408 2028 1408 2027 1312"/>
                                </Shape>
                            </Glyph>
                            <Glyph ID="char_175" CONTENT="i" HPOS="2047" VPOS="1315" WIDTH="1" HEIGHT="93" GC="0.9999">
                                <Shape>
                                    <Polygon POINTS="2047 1315 2048 1408 2048 1408 2047 1315"/>
                                </Shape>
                            </Glyph>
                            <Glyph ID="char_176" CONTENT="e" HPOS="2067" VPOS="1319" WIDTH="1" HEIGHT="86" GC="0.9993">
                                <Shape>
                                    <Polygon POINTS="2067 1319 2068 1405 2068 1405 2067 1319"/>
                                </Shape>
                            </Glyph>
                            <Glyph ID="char_177" CONTENT="r" HPOS="2087" VPOS="1323" WIDTH="1" HEIGHT="79" GC="0.9982">
                                <Shape>
                                    <Polygon POINTS="2087 1323 2088 1402 2088 1402 2087 1323"/>
                                </Shape>
                            </Glyph>
                        </String>
                    </TextLine>

                    <TextLine ID="53a5da27-129d-428a-8d90-6dc212f575a2" HPOS="531.0" VPOS="1409.0" WIDTH="1610.0" HEIGHT="118.0" BASELINE="533.0 1495.0 2141.0 1475.0" TAGREFS="LINE_TYPE_1">
                        <Shape>
                            <Polygon POINTS="533.0 1495.0 535.0 1523.0 577.0 1511.0 715.0 1517.0 717.0 1517.0 719.0 1517.0 756.0 1507.0 1011.0 1527.0 1013.0 1527.0 1015.0 1527.0 1059.0 1505.0 1296.0 1523.0 1298.0 1523.0 1300.0 1523.0 1350.0 1499.0 1463.0 1511.0 1465.0 1511.0 1467.0 1511.0 1523.0 1495.0 1617.0 1519.0 1619.0 1519.0 1621.0 1519.0 1623.0 1519.0 1673.0 1495.0 1768.0 1503.0 1770.0 1503.0 1904.0 1491.0 1999.0 1503.0 2001.0 1503.0 2141.0 1487.0 2141.0 1475.0 2139.0 1429.0 2099.0 1409.0 2097.0 1409.0 2005.0 1409.0 2003.0 1409.0 2001.0 1409.0 1957.0 1425.0 1918.0 1411.0 1916.0 1411.0 1914.0 1411.0 1912.0 1411.0 1814.0 1437.0 1770.0 1413.0 1768.0 1413.0 1722.0 1413.0 1720.0 1413.0 1718.0 1413.0 1716.0 1413.0 1681.0 1441.0 1647.0 1441.0 1603.0 1415.0 1601.0 1415.0 1599.0 1415.0 1569.0 1415.0 1567.0 1415.0 1565.0 1415.0 1493.0 1443.0 1446.0 1443.0 1408.0 1423.0 1406.0 1423.0 1404.0 1423.0 1402.0 1423.0 1400.0 1423.0 1372.0 1443.0 1278.0 1435.0 1276.0 1435.0 1224.0 1445.0 1209.0 1435.0 1207.0 1435.0 1205.0 1435.0 1203.0 1435.0 1105.0 1447.0 1009.0 1447.0 977.0 1423.0 975.0 1423.0 973.0 1423.0 938.0 1423.0 936.0 1423.0 934.0 1423.0 932.0 1423.0 896.0 1451.0 828.0 1451.0 764.0 1425.0 762.0 1425.0 713.0 1425.0 711.0 1425.0 709.0 1425.0 655.0 1455.0 601.0 1455.0 571.0 1435.0 569.0 1435.0 567.0 1435.0 565.0 1435.0 563.0 1435.0 531.0 1449.0 533.0 1495.0"/>
                        </Shape>
                        <String ID="segment_61" CONTENT="de" HPOS="561" VPOS="1436" WIDTH="36" HEIGHT="79" WC="1.0">
                            <Shape>
                                <Polygon POINTS="561 1436 562 1515 597 1512 596 1452"/>
                            </Shape>
                            <Glyph ID="char_178" CONTENT="d" HPOS="561" VPOS="1436" WIDTH="1" HEIGHT="79" GC="1.0">
                                <Shape>
                                    <Polygon POINTS="561 1436 562 1515 562 1515 561 1436"/>
                                </Shape>
                            </Glyph>
                            <Glyph ID="char_179" CONTENT="e" HPOS="596" VPOS="1452" WIDTH="1" HEIGHT="60" GC="0.9999">
                                <Shape>
                                    <Polygon POINTS="596 1452 597 1512 597 1512 596 1452"/>
                                </Shape>
                            </Glyph>
                        </String>
                        <SP ID="segment_62" HPOS="640"  VPOS="1455" WIDTH="8"  HEIGHT="59"/>
                        <String ID="segment_63" CONTENT="Rorien," HPOS="661" VPOS="1425" WIDTH="223" HEIGHT="92" WC="0.9989">
                            <Shape>
                                <Polygon POINTS="661 1451 662 1515 884 1517 883 1451"/>
                            </Shape>
                            <Glyph ID="char_181" CONTENT="R" HPOS="661" VPOS="1451" WIDTH="1" HEIGHT="64" GC="1.0">
                                <Shape>
                                    <Polygon POINTS="661 1451 662 1515 662 1515 661 1451"/>
                                </Shape>
                            </Glyph>
                            <Glyph ID="char_182" CONTENT="o" HPOS="747" VPOS="1425" WIDTH="1" HEIGHT="84" GC="1.0">
                                <Shape>
                                    <Polygon POINTS="747 1425 748 1509 748 1509 747 1425"/>
                                </Shape>
                            </Glyph>
                            <Glyph ID="char_183" CONTENT="r" HPOS="775" VPOS="1430" WIDTH="9" HEIGHT="79" GC="1.0">
                                <Shape>
                                    <Polygon POINTS="775 1430 776 1509 784 1509 783 1433"/>
                                </Shape>
                            </Glyph>
                            <Glyph ID="char_184" CONTENT="i" HPOS="797" VPOS="1439" WIDTH="1" HEIGHT="71" GC="0.9925">
                                <Shape>
                                    <Polygon POINTS="797 1439 798 1510 798 1510 797 1439"/>
                                </Shape>
                            </Glyph>
                            <Glyph ID="char_185" CONTENT="e" HPOS="818" VPOS="1447" WIDTH="1" HEIGHT="65" GC="0.9999">
                                <Shape>
                                    <Polygon POINTS="818 1447 819 1512 819 1512 818 1447"/>
                                </Shape>
                            </Glyph>
                            <Glyph ID="char_186" CONTENT="n" HPOS="847" VPOS="1451" WIDTH="1" HEIGHT="63" GC="1.0">
                                <Shape>
                                    <Polygon POINTS="847 1451 848 1514 848 1514 847 1451"/>
                                </Shape>
                            </Glyph>
                            <Glyph ID="char_187" CONTENT="," HPOS="883" VPOS="1451" WIDTH="1" HEIGHT="66" GC="1.0">
                                <Shape>
                                    <Polygon POINTS="883 1451 884 1517 884 1517 883 1451"/>
                                </Shape>
                            </Glyph>
                        </String>
                        <SP ID="segment_64" HPOS="897"  VPOS="1444" WIDTH="8"  HEIGHT="75"/>
                        <String ID="segment_65" CONTENT="le" HPOS="919" VPOS="1423" WIDTH="29" HEIGHT="99" WC="0.9972">
                            <Shape>
                                <Polygon POINTS="919 1433 920 1520 948 1522 947 1423"/>
                            </Shape>
                            <Glyph ID="char_189" CONTENT="l" HPOS="919" VPOS="1433" WIDTH="1" HEIGHT="87" GC="0.9944">
                                <Shape>
                                    <Polygon POINTS="919 1433 920 1520 920 1520 919 1433"/>
                                </Shape>
                            </Glyph>
                            <Glyph ID="char_190" CONTENT="e" HPOS="947" VPOS="1423" WIDTH="1" HEIGHT="99" GC="1.0">
                                <Shape>
                                    <Polygon POINTS="947 1423 948 1522 948 1522 947 1423"/>
                                </Shape>
                            </Glyph>
                        </String>
                        <SP ID="segment_66" HPOS="983"  VPOS="1428" WIDTH="8"  HEIGHT="97"/>
                        <String ID="segment_67" CONTENT="17" HPOS="1005" VPOS="1444" WIDTH="29" HEIGHT="83" WC="1.0">
                            <Shape>
                                <Polygon POINTS="1005 1444 1006 1527 1034 1517 1033 1447"/>
                            </Shape>
                            <Glyph ID="char_192" CONTENT="1" HPOS="1005" VPOS="1444" WIDTH="1" HEIGHT="83" GC="0.9999">
                                <Shape>
                                    <Polygon POINTS="1005 1444 1006 1527 1006 1527 1005 1444"/>
                                </Shape>
                            </Glyph>
                            <Glyph ID="char_193" CONTENT="7" HPOS="1033" VPOS="1447" WIDTH="1" HEIGHT="70" GC="1.0">
                                <Shape>
                                    <Polygon POINTS="1033 1447 1034 1517 1034 1517 1033 1447"/>
                                </Shape>
                            </Glyph>
                        </String>
                        <SP ID="segment_68" HPOS="1069"  VPOS="1447" WIDTH="8"  HEIGHT="59"/>
                        <String ID="segment_69" CONTENT="mars" HPOS="1105" VPOS="1436" WIDTH="94" HEIGHT="80" WC="0.9682">
                            <Shape>
                                <Polygon POINTS="1105 1447 1106 1509 1199 1516 1198 1436"/>
                            </Shape>
                            <Glyph ID="char_195" CONTENT="m" HPOS="1105" VPOS="1447" WIDTH="1" HEIGHT="62" GC="1.0">
                                <Shape>
                                    <Polygon POINTS="1105 1447 1106 1509 1106 1509 1105 1447"/>
                                </Shape>
                            </Glyph>
                            <Glyph ID="char_196" CONTENT="a" HPOS="1141" VPOS="1443" WIDTH="1" HEIGHT="68" GC="0.873">
                                <Shape>
                                    <Polygon POINTS="1141 1443 1142 1511 1142 1511 1141 1443"/>
                                </Shape>
                            </Glyph>
                            <Glyph ID="char_197" CONTENT="r" HPOS="1169" VPOS="1439" WIDTH="1" HEIGHT="74" GC="1.0">
                                <Shape>
                                    <Polygon POINTS="1169 1439 1170 1513 1170 1513 1169 1439"/>
                                </Shape>
                            </Glyph>
                            <Glyph ID="char_198" CONTENT="s" HPOS="1198" VPOS="1436" WIDTH="1" HEIGHT="80" GC="1.0">
                                <Shape>
                                    <Polygon POINTS="1198 1436 1199 1516 1199 1516 1198 1436"/>
                                </Shape>
                            </Glyph>
                        </String>
                        <SP ID="segment_70" HPOS="1227"  VPOS="1443" WIDTH="8"  HEIGHT="75"/>
                        <String ID="segment_71" CONTENT="1791." HPOS="1241" VPOS="1436" WIDTH="123" HEIGHT="85" WC="0.9999">
                            <Shape>
                                <Polygon POINTS="1241 1442 1242 1519 1364 1501 1363 1442"/>
                            </Shape>
                            <Glyph ID="char_200" CONTENT="1" HPOS="1241" VPOS="1440" WIDTH="8" HEIGHT="79" GC="1.0">
                                <Shape>
                                    <Polygon POINTS="1241 1442 1242 1519 1249 1519 1248 1440"/>
                                </Shape>
                            </Glyph>
                            <Glyph ID="char_201" CONTENT="7" HPOS="1269" VPOS="1436" WIDTH="1" HEIGHT="85" GC="0.9999">
                                <Shape>
                                    <Polygon POINTS="1269 1436 1270 1521 1270 1521 1269 1436"/>
                                </Shape>
                            </Glyph>
                            <Glyph ID="char_202" CONTENT="9" HPOS="1305" VPOS="1437" WIDTH="1" HEIGHT="83" GC="1.0">
                                <Shape>
                                    <Polygon POINTS="1305 1437 1306 1520 1306 1520 1305 1437"/>
                                </Shape>
                            </Glyph>
                            <Glyph ID="char_203" CONTENT="1" HPOS="1341" VPOS="1440" WIDTH="1" HEIGHT="63" GC="0.9999">
                                <Shape>
                                    <Polygon POINTS="1341 1440 1342 1503 1342 1503 1341 1440"/>
                                </Shape>
                            </Glyph>
                            <Glyph ID="char_204" CONTENT="." HPOS="1363" VPOS="1442" WIDTH="1" HEIGHT="59" GC="0.9999">
                                <Shape>
                                    <Polygon POINTS="1363 1442 1364 1501 1364 1501 1363 1442"/>
                                </Shape>
                            </Glyph>
                        </String>
                        <SP ID="segment_72" HPOS="1384"  VPOS="1429" WIDTH="8"  HEIGHT="74"/>
                        <String ID="segment_73" CONTENT="dans" HPOS="1406" VPOS="1423" WIDTH="101" HEIGHT="86" WC="0.997">
                            <Shape>
                                <Polygon POINTS="1406 1423 1407 1505 1507 1500 1506 1438"/>
                            </Shape>
                            <Glyph ID="char_206" CONTENT="d" HPOS="1406" VPOS="1423" WIDTH="1" HEIGHT="82" GC="0.9986">
                                <Shape>
                                    <Polygon POINTS="1406 1423 1407 1505 1407 1505 1406 1423"/>
                                </Shape>
                            </Glyph>
                            <Glyph ID="char_207" CONTENT="a" HPOS="1441" VPOS="1441" WIDTH="1" HEIGHT="68" GC="0.9896">
                                <Shape>
                                    <Polygon POINTS="1441 1441 1442 1509 1442 1509 1441 1441"/>
                                </Shape>
                            </Glyph>
                            <Glyph ID="char_208" CONTENT="n" HPOS="1477" VPOS="1443" WIDTH="1" HEIGHT="65" GC="1.0">
                                <Shape>
                                    <Polygon POINTS="1477 1443 1478 1508 1478 1508 1477 1443"/>
                                </Shape>
                            </Glyph>
                            <Glyph ID="char_209" CONTENT="s" HPOS="1506" VPOS="1438" WIDTH="1" HEIGHT="62" GC="0.9999">
                                <Shape>
                                    <Polygon POINTS="1506 1438 1507 1500 1507 1500 1506 1438"/>
                                </Shape>
                            </Glyph>
                        </String>
                        <SP ID="segment_74" HPOS="1542"  VPOS="1421" WIDTH="8"  HEIGHT="81"/>
                        <String ID="segment_75" CONTENT="lequel" HPOS="1556" VPOS="1413" WIDTH="166" HEIGHT="103" WC="0.9171">
                            <Shape>
                                <Polygon POINTS="1556 1418 1557 1504 1722 1499 1721 1413"/>
                            </Shape>
                            <Glyph ID="char_211" CONTENT="l" HPOS="1556" VPOS="1418" WIDTH="1" HEIGHT="86" GC="1.0">
                                <Shape>
                                    <Polygon POINTS="1556 1418 1557 1504 1557 1504 1556 1418"/>
                                </Shape>
                            </Glyph>
                            <Glyph ID="char_212" CONTENT="e" HPOS="1585" VPOS="1415" WIDTH="1" HEIGHT="96" GC="0.9983">
                                <Shape>
                                    <Polygon POINTS="1585 1415 1586 1511 1586 1511 1585 1415"/>
                                </Shape>
                            </Glyph>
                            <Glyph ID="char_213" CONTENT="q" HPOS="1627" VPOS="1429" WIDTH="1" HEIGHT="87" GC="0.9739">
                                <Shape>
                                    <Polygon POINTS="1627 1429 1628 1516 1628 1516 1627 1429"/>
                                </Shape>
                            </Glyph>
                            <Glyph ID="char_214" CONTENT="u" HPOS="1663" VPOS="1441" WIDTH="1" HEIGHT="58" GC="0.7408">
                                <Shape>
                                    <Polygon POINTS="1663 1441 1664 1499 1664 1499 1663 1441"/>
                                </Shape>
                            </Glyph>
                            <Glyph ID="char_215" CONTENT="e" HPOS="1692" VPOS="1432" WIDTH="1" HEIGHT="65" GC="0.9527">
                                <Shape>
                                    <Polygon POINTS="1692 1432 1693 1497 1693 1497 1692 1432"/>
                                </Shape>
                            </Glyph>
                            <Glyph ID="char_216" CONTENT="l" HPOS="1721" VPOS="1413" WIDTH="1" HEIGHT="86" GC="0.8367">
                                <Shape>
                                    <Polygon POINTS="1721 1413 1722 1499 1722 1499 1721 1413"/>
                                </Shape>
                            </Glyph>
                        </String>
                        <SP ID="segment_76" HPOS="1756"  VPOS="1413" WIDTH="8"  HEIGHT="90"/>
                        <String ID="segment_77" CONTENT="est" HPOS="1771" VPOS="1414" WIDTH="51" HEIGHT="89" WC="0.8515">
                            <Shape>
                                <Polygon POINTS="1771 1414 1772 1503 1822 1498 1821 1435"/>
                            </Shape>
                            <Glyph ID="char_218" CONTENT="e" HPOS="1771" VPOS="1414" WIDTH="1" HEIGHT="89" GC="0.9808">
                                <Shape>
                                    <Polygon POINTS="1771 1414 1772 1503 1772 1503 1771 1414"/>
                                </Shape>
                            </Glyph>
                            <Glyph ID="char_219" CONTENT="s" HPOS="1799" VPOS="1429" WIDTH="1" HEIGHT="71" GC="0.5737">
                                <Shape>
                                    <Polygon POINTS="1799 1429 1800 1500 1800 1500 1799 1429"/>
                                </Shape>
                            </Glyph>
                            <Glyph ID="char_220" CONTENT="t" HPOS="1821" VPOS="1435" WIDTH="1" HEIGHT="63" GC="1.0">
                                <Shape>
                                    <Polygon POINTS="1821 1435 1822 1498 1822 1498 1821 1435"/>
                                </Shape>
                            </Glyph>
                        </String>
                        <SP ID="segment_78" HPOS="1842"  VPOS="1428" WIDTH="8"  HEIGHT="68"/>
                        <String ID="segment_79" CONTENT="détaillé–" HPOS="1864" VPOS="1409" WIDTH="251" HEIGHT="94" WC="0.9991">
                            <Shape>
                                <Polygon POINTS="1864 1424 1865 1494 2115 1490 2114 1417"/>
                            </Shape>
                            <Glyph ID="char_222" CONTENT="d" HPOS="1864" VPOS="1424" WIDTH="1" HEIGHT="70" GC="1.0">
                                <Shape>
                                    <Polygon POINTS="1864 1424 1865 1494 1865 1494 1864 1424"/>
                                </Shape>
                            </Glyph>
                            <Glyph ID="char_223" CONTENT="e" HPOS="1900" VPOS="1414" WIDTH="1" HEIGHT="77" GC="0.9924">
                                <Shape>
                                    <Polygon POINTS="1900 1414 1901 1491 1901 1491 1900 1414"/>
                                </Shape>
                            </Glyph>
                            <Glyph ID="char_224" CONTENT="́" HPOS="1907" VPOS="1411" WIDTH="8" HEIGHT="81" GC="0.9996">
                                <Shape>
                                    <Polygon POINTS="1907 1412 1908 1492 1915 1492 1914 1411"/>
                                </Shape>
                            </Glyph>
                            <Glyph ID="char_225" CONTENT="t" HPOS="1928" VPOS="1415" WIDTH="1" HEIGHT="79" GC="0.9999">
                                <Shape>
                                    <Polygon POINTS="1928 1415 1929 1494 1929 1494 1928 1415"/>
                                </Shape>
                            </Glyph>
                            <Glyph ID="char_226" CONTENT="a" HPOS="1942" VPOS="1420" WIDTH="9" HEIGHT="77" GC="0.9998">
                                <Shape>
                                    <Polygon POINTS="1942 1420 1943 1496 1951 1497 1950 1423"/>
                                </Shape>
                            </Glyph>
                            <Glyph ID="char_227" CONTENT="i" HPOS="1971" VPOS="1420" WIDTH="1" HEIGHT="80" GC="0.9998">
                                <Shape>
                                    <Polygon POINTS="1971 1420 1972 1500 1972 1500 1971 1420"/>
                                </Shape>
                            </Glyph>
                            <Glyph ID="char_228" CONTENT="l" HPOS="2000" VPOS="1409" WIDTH="1" HEIGHT="94" GC="0.9998">
                                <Shape>
                                    <Polygon POINTS="2000 1409 2001 1503 2001 1503 2000 1409"/>
                                </Shape>
                            </Glyph>
                            <Glyph ID="char_229" CONTENT="l" HPOS="2021" VPOS="1409" WIDTH="1" HEIGHT="92" GC="0.9997">
                                <Shape>
                                    <Polygon POINTS="2021 1409 2022 1501 2022 1501 2021 1409"/>
                                </Shape>
                            </Glyph>
                            <Glyph ID="char_230" CONTENT="e" HPOS="2043" VPOS="1409" WIDTH="1" HEIGHT="89" GC="0.9999">
                                <Shape>
                                    <Polygon POINTS="2043 1409 2044 1498 2044 1498 2043 1409"/>
                                </Shape>
                            </Glyph>
                            <Glyph ID="char_231" CONTENT="́" HPOS="2050" VPOS="1409" WIDTH="8" HEIGHT="88" GC="0.9993">
                                <Shape>
                                    <Polygon POINTS="2050 1409 2051 1497 2058 1496 2057 1409"/>
                                </Shape>
                            </Glyph>
                            <Glyph ID="char_232" CONTENT="–" HPOS="2114" VPOS="1417" WIDTH="1" HEIGHT="73" GC="0.9999">
                                <Shape>
                                    <Polygon POINTS="2114 1417 2115 1490 2115 1490 2114 1417"/>
                                </Shape>
                            </Glyph>
                        </String>
                    </TextLine>

                    <TextLine ID="0c61c9ff-a583-4289-a30d-677b311f6207" HPOS="521.0" VPOS="1511.0" WIDTH="1610.0" HEIGHT="101.0" BASELINE="523.0 1584.0 1458.0 1568.0 2131.0 1568.0" TAGREFS="LINE_TYPE_1">
                        <Shape>
                            <Polygon POINTS="523.0 1584.0 523.0 1600.0 563.0 1612.0 565.0 1612.0 567.0 1612.0 569.0 1612.0 571.0 1612.0 591.0 1598.0 826.0 1610.0 828.0 1610.0 830.0 1610.0 878.0 1594.0 1083.0 1604.0 1085.0 1604.0 1087.0 1604.0 1089.0 1604.0 1107.0 1592.0 1228.0 1606.0 1230.0 1606.0 1232.0 1606.0 1270.0 1590.0 1336.0 1598.0 1338.0 1598.0 1412.0 1588.0 1458.0 1602.0 1459.0 1602.0 1461.0 1602.0 1625.0 1586.0 1820.0 1586.0 1842.0 1598.0 1844.0 1598.0 1846.0 1598.0 2131.0 1590.0 2131.0 1568.0 2129.0 1531.0 1938.0 1511.0 1936.0 1511.0 1874.0 1521.0 1786.0 1513.0 1784.0 1513.0 1782.0 1513.0 1780.0 1513.0 1766.0 1525.0 1728.0 1515.0 1726.0 1515.0 1724.0 1515.0 1722.0 1515.0 1720.0 1515.0 1706.0 1527.0 1683.0 1515.0 1681.0 1515.0 1679.0 1515.0 1569.0 1537.0 1456.0 1521.0 1454.0 1521.0 1452.0 1521.0 1450.0 1521.0 1430.0 1535.0 1254.0 1529.0 1252.0 1529.0 1250.0 1529.0 1224.0 1539.0 1203.0 1529.0 1201.0 1529.0 1199.0 1529.0 1137.0 1541.0 1027.0 1523.0 1025.0 1523.0 1023.0 1523.0 1021.0 1523.0 995.0 1545.0 956.0 1545.0 914.0 1523.0 912.0 1523.0 910.0 1523.0 908.0 1523.0 906.0 1523.0 876.0 1543.0 846.0 1533.0 844.0 1533.0 842.0 1533.0 840.0 1533.0 838.0 1533.0 822.0 1547.0 663.0 1547.0 635.0 1527.0 633.0 1527.0 631.0 1527.0 569.0 1527.0 567.0 1527.0 565.0 1527.0 521.0 1545.0 523.0 1584.0"/>
                        </Shape>
                        <String ID="segment_80" CONTENT="43" HPOS="551" VPOS="1527" WIDTH="53" HEIGHT="82" WC="1.0">
                            <Shape>
                                <Polygon POINTS="551 1533 552 1609 604 1599 603 1527"/>
                            </Shape>
                            <Glyph ID="char_233" CONTENT="4" HPOS="551" VPOS="1533" WIDTH="1" HEIGHT="76" GC="1.0">
                                <Shape>
                                    <Polygon POINTS="551 1533 552 1609 552 1609 551 1533"/>
                                </Shape>
                            </Glyph>
                            <Glyph ID="char_234" CONTENT="3" HPOS="603" VPOS="1527" WIDTH="1" HEIGHT="72" GC="1.0">
                                <Shape>
                                    <Polygon POINTS="603 1527 604 1599 604 1599 603 1527"/>
                                </Shape>
                            </Glyph>
                        </String>
                        <SP ID="segment_81" HPOS="644"  VPOS="1534" WIDTH="7"  HEIGHT="67"/>
                        <String ID="segment_82" CONTENT="années" HPOS="662" VPOS="1540" WIDTH="169" HEIGHT="70" WC="0.9895">
                            <Shape>
                                <Polygon POINTS="662 1547 663 1602 831 1610 830 1540"/>
                            </Shape>
                            <Glyph ID="char_236" CONTENT="a" HPOS="662" VPOS="1547" WIDTH="1" HEIGHT="55" GC="0.9914">
                                <Shape>
                                    <Polygon POINTS="662 1547 663 1602 663 1602 662 1547"/>
                                </Shape>
                            </Glyph>
                            <Glyph ID="char_237" CONTENT="n" HPOS="702" VPOS="1547" WIDTH="1" HEIGHT="57" GC="0.9363">
                                <Shape>
                                    <Polygon POINTS="702 1547 703 1604 703 1604 702 1547"/>
                                </Shape>
                            </Glyph>
                            <Glyph ID="char_238" CONTENT="n" HPOS="737" VPOS="1547" WIDTH="1" HEIGHT="59" GC="0.9992">
                                <Shape>
                                    <Polygon POINTS="737 1547 738 1606 738 1606 737 1547"/>
                                </Shape>
                            </Glyph>
                            <Glyph ID="char_239" CONTENT="e" HPOS="772" VPOS="1547" WIDTH="1" HEIGHT="60" GC="1.0">
                                <Shape>
                                    <Polygon POINTS="772 1547 773 1607 773 1607 772 1547"/>
                                </Shape>
                            </Glyph>
                            <Glyph ID="char_240" CONTENT="́" HPOS="778" VPOS="1547" WIDTH="7" HEIGHT="61" GC="1.0">
                                <Shape>
                                    <Polygon POINTS="778 1547 779 1608 785 1608 784 1547"/>
                                </Shape>
                            </Glyph>
                            <Glyph ID="char_241" CONTENT="e" HPOS="801" VPOS="1547" WIDTH="1" HEIGHT="62" GC="0.9999">
                                <Shape>
                                    <Polygon POINTS="801 1547 802 1609 802 1609 801 1547"/>
                                </Shape>
                            </Glyph>
                            <Glyph ID="char_242" CONTENT="s" HPOS="830" VPOS="1540" WIDTH="1" HEIGHT="70" GC="1.0">
                                <Shape>
                                    <Polygon POINTS="830 1540 831 1610 831 1610 830 1540"/>
                                </Shape>
                            </Glyph>
                        </String>
                        <SP ID="segment_83" HPOS="888"  VPOS="1531" WIDTH="7"  HEIGHT="64"/>
                        <String ID="segment_84" CONTENT="de" HPOS="906" VPOS="1523" WIDTH="35" HEIGHT="74" WC="1.0">
                            <Shape>
                                <Polygon POINTS="906 1523 907 1595 941 1597 940 1537"/>
                            </Shape>
                            <Glyph ID="char_244" CONTENT="d" HPOS="906" VPOS="1523" WIDTH="1" HEIGHT="72" GC="1.0">
                                <Shape>
                                    <Polygon POINTS="906 1523 907 1595 907 1595 906 1523"/>
                                </Shape>
                            </Glyph>
                            <Glyph ID="char_245" CONTENT="e" HPOS="940" VPOS="1537" WIDTH="1" HEIGHT="60" GC="1.0">
                                <Shape>
                                    <Polygon POINTS="940 1537 941 1597 941 1597 940 1537"/>
                                </Shape>
                            </Glyph>
                        </String>
                        <SP ID="segment_85" HPOS="987"  VPOS="1545" WIDTH="7"  HEIGHT="55"/>
                        <String ID="segment_86" CONTENT="services" HPOS="1004" VPOS="1526" WIDTH="193" HEIGHT="77" WC="0.9999">
                            <Shape>
                                <Polygon POINTS="1004 1537 1005 1600 1197 1602 1196 1530"/>
                            </Shape>
                            <Glyph ID="char_247" CONTENT="s" HPOS="1004" VPOS="1537" WIDTH="1" HEIGHT="63" GC="0.9999">
                                <Shape>
                                    <Polygon POINTS="1004 1537 1005 1600 1005 1600 1004 1537"/>
                                </Shape>
                            </Glyph>
                            <Glyph ID="char_248" CONTENT="e" HPOS="1045" VPOS="1526" WIDTH="1" HEIGHT="76" GC="0.9999">
                                <Shape>
                                    <Polygon POINTS="1045 1526 1046 1602 1046 1602 1045 1526"/>
                                </Shape>
                            </Glyph>
                            <Glyph ID="char_249" CONTENT="r" HPOS="1068" VPOS="1530" WIDTH="1" HEIGHT="73" GC="0.9998">
                                <Shape>
                                    <Polygon POINTS="1068 1530 1069 1603 1069 1603 1068 1530"/>
                                </Shape>
                            </Glyph>
                            <Glyph ID="char_250" CONTENT="v" HPOS="1092" VPOS="1534" WIDTH="1" HEIGHT="67" GC="1.0">
                                <Shape>
                                    <Polygon POINTS="1092 1534 1093 1601 1093 1601 1092 1534"/>
                                </Shape>
                            </Glyph>
                            <Glyph ID="char_251" CONTENT="i" HPOS="1115" VPOS="1537" WIDTH="7" HEIGHT="57" GC="1.0">
                                <Shape>
                                    <Polygon POINTS="1115 1537 1116 1593 1122 1594 1121 1538"/>
                                </Shape>
                            </Glyph>
                            <Glyph ID="char_252" CONTENT="c" HPOS="1144" VPOS="1540" WIDTH="1" HEIGHT="56" GC="1.0">
                                <Shape>
                                    <Polygon POINTS="1144 1540 1145 1596 1145 1596 1144 1540"/>
                                </Shape>
                            </Glyph>
                            <Glyph ID="char_253" CONTENT="e" HPOS="1167" VPOS="1535" WIDTH="1" HEIGHT="64" GC="1.0">
                                <Shape>
                                    <Polygon POINTS="1167 1535 1168 1599 1168 1599 1167 1535"/>
                                </Shape>
                            </Glyph>
                            <Glyph ID="char_254" CONTENT="s" HPOS="1196" VPOS="1530" WIDTH="1" HEIGHT="72" GC="1.0">
                                <Shape>
                                    <Polygon POINTS="1196 1530 1197 1602 1197 1602 1196 1530"/>
                                </Shape>
                            </Glyph>
                        </String>
                        <SP ID="segment_87" HPOS="1237"  VPOS="1532" WIDTH="7"  HEIGHT="71"/>
                        <String ID="segment_88" CONTENT="prouvés" HPOS="1254" VPOS="1528" WIDTH="187" HEIGHT="69" WC="0.9948">
                            <Shape>
                                <Polygon POINTS="1254 1529 1255 1596 1441 1597 1440 1528"/>
                            </Shape>
                            <Glyph ID="char_256" CONTENT="p" HPOS="1254" VPOS="1529" WIDTH="1" HEIGHT="67" GC="0.9979">
                                <Shape>
                                    <Polygon POINTS="1254 1529 1255 1596 1255 1596 1254 1529"/>
                                </Shape>
                            </Glyph>
                            <Glyph ID="char_257" CONTENT="r" HPOS="1289" VPOS="1530" WIDTH="7" HEIGHT="63" GC="1.0">
                                <Shape>
                                    <Polygon POINTS="1289 1530 1290 1592 1296 1593 1295 1530"/>
                                </Shape>
                            </Glyph>
                            <Glyph ID="char_258" CONTENT="o" HPOS="1318" VPOS="1531" WIDTH="1" HEIGHT="65" GC="1.0">
                                <Shape>
                                    <Polygon POINTS="1318 1531 1319 1596 1319 1596 1318 1531"/>
                                </Shape>
                            </Glyph>
                            <Glyph ID="char_259" CONTENT="u" HPOS="1353" VPOS="1532" WIDTH="1" HEIGHT="64" GC="1.0">
                                <Shape>
                                    <Polygon POINTS="1353 1532 1354 1596 1354 1596 1353 1532"/>
                                </Shape>
                            </Glyph>
                            <Glyph ID="char_260" CONTENT="v" HPOS="1382" VPOS="1533" WIDTH="1" HEIGHT="59" GC="1.0">
                                <Shape>
                                    <Polygon POINTS="1382 1533 1383 1592 1383 1592 1382 1533"/>
                                </Shape>
                            </Glyph>
                            <Glyph ID="char_261" CONTENT="e" HPOS="1411" VPOS="1534" WIDTH="1" HEIGHT="54" GC="0.961">
                                <Shape>
                                    <Polygon POINTS="1411 1534 1412 1588 1412 1588 1411 1534"/>
                                </Shape>
                            </Glyph>
                            <Glyph ID="char_262" CONTENT="́" HPOS="1417" VPOS="1535" WIDTH="7" HEIGHT="57" GC="0.9997">
                                <Shape>
                                    <Polygon POINTS="1417 1535 1418 1590 1424 1592 1423 1535"/>
                                </Shape>
                            </Glyph>
                            <Glyph ID="char_263" CONTENT="s" HPOS="1440" VPOS="1528" WIDTH="1" HEIGHT="69" GC="1.0">
                                <Shape>
                                    <Polygon POINTS="1440 1528 1441 1597 1441 1597 1440 1528"/>
                                </Shape>
                            </Glyph>
                        </String>
                        <SP ID="segment_89" HPOS="1488"  VPOS="1526" WIDTH="6"  HEIGHT="73"/>
                        <String ID="segment_90" CONTENT="par" HPOS="1505" VPOS="1528" WIDTH="82" HEIGHT="70" WC="0.9755">
                            <Shape>
                                <Polygon POINTS="1505 1528 1505 1598 1587 1590 1587 1533"/>
                            </Shape>
                            <Glyph ID="char_265" CONTENT="p" HPOS="1505" VPOS="1528" WIDTH="0" HEIGHT="70" GC="1.0">
                                <Shape>
                                    <Polygon POINTS="1505 1528 1505 1598 1505 1598 1505 1528"/>
                                </Shape>
                            </Glyph>
                            <Glyph ID="char_266" CONTENT="a" HPOS="1546" VPOS="1534" WIDTH="0" HEIGHT="60" GC="0.9265">
                                <Shape>
                                    <Polygon POINTS="1546 1534 1546 1594 1546 1594 1546 1534"/>
                                </Shape>
                            </Glyph>
                            <Glyph ID="char_267" CONTENT="r" HPOS="1587" VPOS="1533" WIDTH="0" HEIGHT="57" GC="1.0">
                                <Shape>
                                    <Polygon POINTS="1587 1533 1587 1590 1587 1590 1587 1533"/>
                                </Shape>
                            </Glyph>
                        </String>
                        <SP ID="segment_91" HPOS="1633"  VPOS="1523" WIDTH="6"  HEIGHT="63"/>
                        <String ID="segment_92" CONTENT="ses" HPOS="1651" VPOS="1515" WIDTH="69" HEIGHT="71" WC="0.9778">
                            <Shape>
                                <Polygon POINTS="1651 1521 1651 1586 1720 1586 1720 1515"/>
                            </Shape>
                            <Glyph ID="char_269" CONTENT="s" HPOS="1651" VPOS="1521" WIDTH="0" HEIGHT="65" GC="0.9999">
                                <Shape>
                                    <Polygon POINTS="1651 1521 1651 1586 1651 1586 1651 1521"/>
                                </Shape>
                            </Glyph>
                            <Glyph ID="char_270" CONTENT="e" HPOS="1685" VPOS="1516" WIDTH="0" HEIGHT="70" GC="0.9339">
                                <Shape>
                                    <Polygon POINTS="1685 1516 1685 1586 1685 1586 1685 1516"/>
                                </Shape>
                            </Glyph>
                            <Glyph ID="char_271" CONTENT="s" HPOS="1720" VPOS="1515" WIDTH="0" HEIGHT="71" GC="0.9997">
                                <Shape>
                                    <Polygon POINTS="1720 1515 1720 1586 1720 1586 1720 1515"/>
                                </Shape>
                            </Glyph>
                        </String>
                        <SP ID="segment_93" HPOS="1767"  VPOS="1519" WIDTH="6"  HEIGHT="67"/>
                        <String ID="segment_94" CONTENT="Certificats," HPOS="1784" VPOS="1511" WIDTH="308" HEIGHT="87" WC="0.9536">
                            <Shape>
                                <Polygon POINTS="1784 1513 1784 1586 2092 1591 2092 1527"/>
                            </Shape>
                            <Glyph ID="char_273" CONTENT="C" HPOS="1784" VPOS="1513" WIDTH="0" HEIGHT="73" GC="0.9754">
                                <Shape>
                                    <Polygon POINTS="1784 1513 1784 1586 1784 1586 1784 1513"/>
                                </Shape>
                            </Glyph>
                            <Glyph ID="char_274" CONTENT="e" HPOS="1837" VPOS="1518" WIDTH="0" HEIGHT="77" GC="0.9547">
                                <Shape>
                                    <Polygon POINTS="1837 1518 1837 1595 1837 1595 1837 1518"/>
                                </Shape>
                            </Glyph>
                            <Glyph ID="char_275" CONTENT="r" HPOS="1860" VPOS="1520" WIDTH="0" HEIGHT="78" GC="0.9711">
                                <Shape>
                                    <Polygon POINTS="1860 1520 1860 1598 1860 1598 1860 1520"/>
                                </Shape>
                            </Glyph>
                            <Glyph ID="char_276" CONTENT="t" HPOS="1877" VPOS="1521" WIDTH="0" HEIGHT="76" GC="0.9549">
                                <Shape>
                                    <Polygon POINTS="1877 1521 1877 1597 1877 1597 1877 1521"/>
                                </Shape>
                            </Glyph>
                            <Glyph ID="char_277" CONTENT="i" HPOS="1895" VPOS="1518" WIDTH="0" HEIGHT="79" GC="0.5916">
                                <Shape>
                                    <Polygon POINTS="1895 1518 1895 1597 1895 1597 1895 1518"/>
                                </Shape>
                            </Glyph>
                            <Glyph ID="char_278" CONTENT="f" HPOS="1918" VPOS="1514" WIDTH="0" HEIGHT="82" GC="0.9997">
                                <Shape>
                                    <Polygon POINTS="1918 1514 1918 1596 1918 1596 1918 1514"/>
                                </Shape>
                            </Glyph>
                            <Glyph ID="char_279" CONTENT="i" HPOS="1935" VPOS="1511" WIDTH="0" HEIGHT="85" GC="0.9997">
                                <Shape>
                                    <Polygon POINTS="1935 1511 1935 1596 1935 1596 1935 1511"/>
                                </Shape>
                            </Glyph>
                            <Glyph ID="char_280" CONTENT="c" HPOS="1959" VPOS="1513" WIDTH="0" HEIGHT="82" GC="0.9961">
                                <Shape>
                                    <Polygon POINTS="1959 1513 1959 1595 1959 1595 1959 1513"/>
                                </Shape>
                            </Glyph>
                            <Glyph ID="char_281" CONTENT="a" HPOS="1982" VPOS="1516" WIDTH="0" HEIGHT="78" GC="1.0">
                                <Shape>
                                    <Polygon POINTS="1982 1516 1982 1594 1982 1594 1982 1516"/>
                                </Shape>
                            </Glyph>
                            <Glyph ID="char_282" CONTENT="t" HPOS="2011" VPOS="1519" WIDTH="0" HEIGHT="74" GC="0.9997">
                                <Shape>
                                    <Polygon POINTS="2011 1519 2011 1593 2011 1593 2011 1519"/>
                                </Shape>
                            </Glyph>
                            <Glyph ID="char_283" CONTENT="s" HPOS="2040" VPOS="1522" WIDTH="0" HEIGHT="71" GC="1.0">
                                <Shape>
                                    <Polygon POINTS="2040 1522 2040 1593 2040 1593 2040 1522"/>
                                </Shape>
                            </Glyph>
                            <Glyph ID="char_284" CONTENT="," HPOS="2092" VPOS="1527" WIDTH="0" HEIGHT="64" GC="0.9999">
                                <Shape>
                                    <Polygon POINTS="2092 1527 2092 1591 2092 1591 2092 1527"/>
                                </Shape>
                            </Glyph>
                        </String>
                    </TextLine>

                    <TextLine ID="463bda78-d8aa-4ee1-a372-dbff97fb3bbf" HPOS="541.0" VPOS="1590.0" WIDTH="1538.0" HEIGHT="122.0" BASELINE="543.0 1678.0 2079.0 1648.0" TAGREFS="LINE_TYPE_1">
                        <Shape>
                            <Polygon POINTS="543.0 1678.0 543.0 1712.0 701.0 1690.0 816.0 1708.0 818.0 1708.0 820.0 1708.0 860.0 1688.0 948.0 1694.0 950.0 1694.0 952.0 1694.0 981.0 1684.0 1087.0 1684.0 1105.0 1698.0 1107.0 1698.0 1109.0 1698.0 1111.0 1698.0 1173.0 1684.0 1240.0 1700.0 1242.0 1700.0 1244.0 1700.0 1282.0 1680.0 1454.0 1696.0 1456.0 1696.0 1458.0 1696.0 1505.0 1674.0 1603.0 1674.0 1627.0 1686.0 1629.0 1686.0 1631.0 1686.0 1748.0 1668.0 1926.0 1668.0 1969.0 1686.0 1971.0 1686.0 1973.0 1686.0 2063.0 1684.0 2065.0 1684.0 2067.0 1684.0 2079.0 1672.0 2079.0 1648.0 2073.0 1612.0 1957.0 1616.0 1924.0 1590.0 1922.0 1590.0 1920.0 1590.0 1918.0 1590.0 1916.0 1590.0 1860.0 1620.0 1804.0 1620.0 1736.0 1594.0 1734.0 1594.0 1732.0 1594.0 1730.0 1594.0 1665.0 1624.0 1581.0 1624.0 1543.0 1598.0 1541.0 1598.0 1539.0 1598.0 1537.0 1598.0 1491.0 1600.0 1489.0 1600.0 1487.0 1600.0 1458.0 1620.0 1420.0 1600.0 1418.0 1600.0 1416.0 1600.0 1414.0 1600.0 1382.0 1614.0 1278.0 1602.0 1276.0 1602.0 1274.0 1602.0 1272.0 1602.0 1244.0 1628.0 1159.0 1630.0 1099.0 1606.0 1097.0 1606.0 1053.0 1606.0 1051.0 1606.0 970.0 1620.0 916.0 1610.0 914.0 1610.0 912.0 1610.0 910.0 1610.0 874.0 1638.0 826.0 1638.0 780.0 1612.0 778.0 1612.0 746.0 1612.0 744.0 1612.0 742.0 1612.0 740.0 1612.0 693.0 1642.0 541.0 1644.0 543.0 1678.0"/>
                        </Shape>
                        <String ID="segment_95" CONTENT="par" HPOS="562" VPOS="1642" WIDTH="95" HEIGHT="67" WC="1.0">
                            <Shape>
                                <Polygon POINTS="562 1644 564 1709 657 1696 656 1642"/>
                            </Shape>
                            <Glyph ID="char_285" CONTENT="p" HPOS="562" VPOS="1644" WIDTH="2" HEIGHT="65" GC="1.0">
                                <Shape>
                                    <Polygon POINTS="562 1644 564 1709 564 1709 562 1644"/>
                                </Shape>
                            </Glyph>
                            <Glyph ID="char_286" CONTENT="a" HPOS="622" VPOS="1643" WIDTH="1" HEIGHT="58" GC="1.0">
                                <Shape>
                                    <Polygon POINTS="622 1643 623 1701 623 1701 622 1643"/>
                                </Shape>
                            </Glyph>
                            <Glyph ID="char_287" CONTENT="r" HPOS="656" VPOS="1642" WIDTH="1" HEIGHT="54" GC="1.0">
                                <Shape>
                                    <Polygon POINTS="656 1642 657 1696 657 1696 656 1642"/>
                                </Shape>
                            </Glyph>
                        </String>
                        <SP ID="segment_96" HPOS="703"  VPOS="1632" WIDTH="7"  HEIGHT="59"/>
                        <String ID="segment_97" CONTENT="lequel" HPOS="723" VPOS="1612" WIDTH="181" HEIGHT="95" WC="0.9999">
                            <Shape>
                                <Polygon POINTS="723 1623 724 1694 904 1691 903 1616"/>
                            </Shape>
                            <Glyph ID="char_289" CONTENT="l" HPOS="723" VPOS="1623" WIDTH="1" HEIGHT="71" GC="1.0">
                                <Shape>
                                    <Polygon POINTS="723 1623 724 1694 724 1694 723 1623"/>
                                </Shape>
                            </Glyph>
                            <Glyph ID="char_290" CONTENT="e" HPOS="756" VPOS="1612" WIDTH="1" HEIGHT="87" GC="1.0">
                                <Shape>
                                    <Polygon POINTS="756 1612 757 1699 757 1699 756 1612"/>
                                </Shape>
                            </Glyph>
                            <Glyph ID="char_291" CONTENT="q" HPOS="810" VPOS="1629" WIDTH="2" HEIGHT="78" GC="0.9997">
                                <Shape>
                                    <Polygon POINTS="810 1629 812 1707 812 1707 810 1629"/>
                                </Shape>
                            </Glyph>
                            <Glyph ID="char_292" CONTENT="u" HPOS="850" VPOS="1638" WIDTH="1" HEIGHT="54" GC="1.0">
                                <Shape>
                                    <Polygon POINTS="850 1638 851 1692 851 1692 850 1638"/>
                                </Shape>
                            </Glyph>
                            <Glyph ID="char_293" CONTENT="e" HPOS="877" VPOS="1635" WIDTH="1" HEIGHT="54" GC="1.0">
                                <Shape>
                                    <Polygon POINTS="877 1635 878 1689 878 1689 877 1635"/>
                                </Shape>
                            </Glyph>
                            <Glyph ID="char_294" CONTENT="l" HPOS="903" VPOS="1616" WIDTH="1" HEIGHT="75" GC="0.9999">
                                <Shape>
                                    <Polygon POINTS="903 1616 904 1691 904 1691 903 1616"/>
                                </Shape>
                            </Glyph>
                        </String>
                        <SP ID="segment_98" HPOS="943"  VPOS="1615" WIDTH="8"  HEIGHT="79"/>
                        <String ID="segment_99" CONTENT="Mémoire" HPOS="957" VPOS="1606" WIDTH="262" HEIGHT="92" WC="0.9883">
                            <Shape>
                                <Polygon POINTS="957 1618 958 1692 1219 1695 1218 1629"/>
                            </Shape>
                            <Glyph ID="char_296" CONTENT="M" HPOS="957" VPOS="1618" WIDTH="1" HEIGHT="74" GC="0.9994">
                                <Shape>
                                    <Polygon POINTS="957 1618 958 1692 958 1692 957 1618"/>
                                </Shape>
                            </Glyph>
                            <Glyph ID="char_297" CONTENT="e" HPOS="1064" VPOS="1606" WIDTH="1" HEIGHT="78" GC="0.9069">
                                <Shape>
                                    <Polygon POINTS="1064 1606 1065 1684 1065 1684 1064 1606"/>
                                </Shape>
                            </Glyph>
                            <Glyph ID="char_298" CONTENT="́" HPOS="1071" VPOS="1606" WIDTH="7" HEIGHT="78" GC="1.0">
                                <Shape>
                                    <Polygon POINTS="1071 1606 1072 1684 1078 1684 1077 1606"/>
                                </Shape>
                            </Glyph>
                            <Glyph ID="char_299" CONTENT="m" HPOS="1111" VPOS="1611" WIDTH="1" HEIGHT="87" GC="1.0">
                                <Shape>
                                    <Polygon POINTS="1111 1611 1112 1698 1112 1698 1111 1611"/>
                                </Shape>
                            </Glyph>
                            <Glyph ID="char_300" CONTENT="o" HPOS="1144" VPOS="1624" WIDTH="1" HEIGHT="66" GC="1.0">
                                <Shape>
                                    <Polygon POINTS="1144 1624 1145 1690 1145 1690 1144 1624"/>
                                </Shape>
                            </Glyph>
                            <Glyph ID="char_301" CONTENT="i" HPOS="1164" VPOS="1630" WIDTH="8" HEIGHT="56" GC="1.0">
                                <Shape>
                                    <Polygon POINTS="1164 1630 1165 1686 1172 1684 1171 1630"/>
                                </Shape>
                            </Glyph>
                            <Glyph ID="char_302" CONTENT="r" HPOS="1191" VPOS="1629" WIDTH="1" HEIGHT="60" GC="1.0">
                                <Shape>
                                    <Polygon POINTS="1191 1629 1192 1689 1192 1689 1191 1629"/>
                                </Shape>
                            </Glyph>
                            <Glyph ID="char_303" CONTENT="e" HPOS="1218" VPOS="1629" WIDTH="1" HEIGHT="66" GC="1.0">
                                <Shape>
                                    <Polygon POINTS="1218 1629 1219 1695 1219 1695 1218 1629"/>
                                </Shape>
                            </Glyph>
                        </String>
                        <SP ID="segment_100" HPOS="1251"  VPOS="1615" WIDTH="8"  HEIGHT="81"/>
                        <String ID="segment_101" CONTENT="le" HPOS="1271" VPOS="1603" WIDTH="35" HEIGHT="82" WC="1.0">
                            <Shape>
                                <Polygon POINTS="1271 1603 1272 1685 1306 1682 1305 1605"/>
                            </Shape>
                            <Glyph ID="char_305" CONTENT="l" HPOS="1271" VPOS="1603" WIDTH="1" HEIGHT="82" GC="1.0">
                                <Shape>
                                    <Polygon POINTS="1271 1603 1272 1685 1272 1685 1271 1603"/>
                                </Shape>
                            </Glyph>
                            <Glyph ID="char_306" CONTENT="e" HPOS="1305" VPOS="1605" WIDTH="1" HEIGHT="77" GC="1.0">
                                <Shape>
                                    <Polygon POINTS="1305 1605 1306 1682 1306 1682 1305 1605"/>
                                </Shape>
                            </Glyph>
                        </String>
                        <SP ID="segment_102" HPOS="1345"  VPOS="1610" WIDTH="8"  HEIGHT="77"/>
                        <String ID="segment_103" CONTENT="Supliant," HPOS="1365" VPOS="1598" WIDTH="282" HEIGHT="97" WC="0.9894">
                            <Shape>
                                <Polygon POINTS="1365 1612 1366 1688 1647 1683 1646 1624"/>
                            </Shape>
                            <Glyph ID="char_308" CONTENT="S" HPOS="1365" VPOS="1612" WIDTH="1" HEIGHT="76" GC="1.0">
                                <Shape>
                                    <Polygon POINTS="1365 1612 1366 1688 1366 1688 1365 1612"/>
                                </Shape>
                            </Glyph>
                            <Glyph ID="char_309" CONTENT="u" HPOS="1432" VPOS="1606" WIDTH="1" HEIGHT="88" GC="1.0">
                                <Shape>
                                    <Polygon POINTS="1432 1606 1433 1694 1433 1694 1432 1606"/>
                                </Shape>
                            </Glyph>
                            <Glyph ID="char_310" CONTENT="p" HPOS="1459" VPOS="1619" WIDTH="2" HEIGHT="76" GC="1.0">
                                <Shape>
                                    <Polygon POINTS="1459 1619 1461 1695 1461 1695 1459 1619"/>
                                </Shape>
                            </Glyph>
                            <Glyph ID="char_311" CONTENT="l" HPOS="1492" VPOS="1600" WIDTH="1" HEIGHT="80" GC="1.0">
                                <Shape>
                                    <Polygon POINTS="1492 1600 1493 1680 1493 1680 1492 1600"/>
                                </Shape>
                            </Glyph>
                            <Glyph ID="char_312" CONTENT="i" HPOS="1512" VPOS="1599" WIDTH="1" HEIGHT="75" GC="1.0">
                                <Shape>
                                    <Polygon POINTS="1512 1599 1513 1674 1513 1674 1512 1599"/>
                                </Shape>
                            </Glyph>
                            <Glyph ID="char_313" CONTENT="a" HPOS="1539" VPOS="1598" WIDTH="1" HEIGHT="76" GC="1.0">
                                <Shape>
                                    <Polygon POINTS="1539 1598 1540 1674 1540 1674 1539 1598"/>
                                </Shape>
                            </Glyph>
                            <Glyph ID="char_314" CONTENT="n" HPOS="1579" VPOS="1623" WIDTH="1" HEIGHT="51" GC="0.9999">
                                <Shape>
                                    <Polygon POINTS="1579 1623 1580 1674 1580 1674 1579 1623"/>
                                </Shape>
                            </Glyph>
                            <Glyph ID="char_315" CONTENT="t" HPOS="1606" VPOS="1624" WIDTH="1" HEIGHT="52" GC="0.9198">
                                <Shape>
                                    <Polygon POINTS="1606 1624 1607 1676 1607 1676 1606 1624"/>
                                </Shape>
                            </Glyph>
                            <Glyph ID="char_316" CONTENT="," HPOS="1646" VPOS="1624" WIDTH="1" HEIGHT="59" GC="0.9853">
                                <Shape>
                                    <Polygon POINTS="1646 1624 1647 1683 1647 1683 1646 1624"/>
                                </Shape>
                            </Glyph>
                        </String>
                        <SP ID="segment_104" HPOS="1659"  VPOS="1623" WIDTH="8"  HEIGHT="58"/>
                        <String ID="segment_105" CONTENT="à" HPOS="1680" VPOS="1608" WIDTH="21" HEIGHT="70" WC="0.9999">
                            <Shape>
                                <Polygon POINTS="1680 1617 1681 1678 1701 1675 1700 1608"/>
                            </Shape>
                            <Glyph ID="char_318" CONTENT="a" HPOS="1680" VPOS="1617" WIDTH="1" HEIGHT="61" GC="1.0">
                                <Shape>
                                    <Polygon POINTS="1680 1617 1681 1678 1681 1678 1680 1617"/>
                                </Shape>
                            </Glyph>
                            <Glyph ID="char_319" CONTENT="̀" HPOS="1693" VPOS="1608" WIDTH="8" HEIGHT="68" GC="0.9999">
                                <Shape>
                                    <Polygon POINTS="1693 1611 1694 1676 1701 1675 1700 1608"/>
                                </Shape>
                            </Glyph>
                        </String>
                        <SP ID="segment_106" HPOS="1726"  VPOS="1594" WIDTH="8"  HEIGHT="77"/>
                        <String ID="segment_107" CONTENT="demande" HPOS="1746" VPOS="1590" WIDTH="202" HEIGHT="87" WC="0.9792">
                            <Shape>
                                <Polygon POINTS="1746 1598 1747 1668 1948 1677 1947 1608"/>
                            </Shape>
                            <Glyph ID="char_321" CONTENT="d" HPOS="1746" VPOS="1598" WIDTH="1" HEIGHT="70" GC="0.9059">
                                <Shape>
                                    <Polygon POINTS="1746 1598 1747 1668 1747 1668 1746 1598"/>
                                </Shape>
                            </Glyph>
                            <Glyph ID="char_322" CONTENT="e" HPOS="1780" VPOS="1611" WIDTH="1" HEIGHT="57" GC="0.9985">
                                <Shape>
                                    <Polygon POINTS="1780 1611 1781 1668 1781 1668 1780 1611"/>
                                </Shape>
                            </Glyph>
                            <Glyph ID="char_323" CONTENT="m" HPOS="1820" VPOS="1620" WIDTH="1" HEIGHT="48" GC="0.9555">
                                <Shape>
                                    <Polygon POINTS="1820 1620 1821 1668 1821 1668 1820 1620"/>
                                </Shape>
                            </Glyph>
                            <Glyph ID="char_324" CONTENT="a" HPOS="1853" VPOS="1620" WIDTH="1" HEIGHT="48" GC="0.9998">
                                <Shape>
                                    <Polygon POINTS="1853 1620 1854 1668 1854 1668 1853 1620"/>
                                </Shape>
                            </Glyph>
                            <Glyph ID="char_325" CONTENT="n" HPOS="1894" VPOS="1602" WIDTH="1" HEIGHT="66" GC="0.9988">
                                <Shape>
                                    <Polygon POINTS="1894 1602 1895 1668 1895 1668 1894 1602"/>
                                </Shape>
                            </Glyph>
                            <Glyph ID="char_326" CONTENT="d" HPOS="1920" VPOS="1590" WIDTH="1" HEIGHT="78" GC="0.9963">
                                <Shape>
                                    <Polygon POINTS="1920 1590 1921 1668 1921 1668 1920 1590"/>
                                </Shape>
                            </Glyph>
                            <Glyph ID="char_327" CONTENT="e" HPOS="1947" VPOS="1608" WIDTH="1" HEIGHT="69" GC="0.9996">
                                <Shape>
                                    <Polygon POINTS="1947 1608 1948 1677 1948 1677 1947 1608"/>
                                </Shape>
                            </Glyph>
                        </String>
                        <SP ID="segment_108" HPOS="2007"  VPOS="1614" WIDTH="8"  HEIGHT="71"/>
                        <String ID="segment_109" CONTENT="en" HPOS="2027" VPOS="1612" WIDTH="35" HEIGHT="73" WC="0.9986">
                            <Shape>
                                <Polygon POINTS="2027 1614 2028 1685 2062 1684 2061 1612"/>
                            </Shape>
                            <Glyph ID="char_329" CONTENT="e" HPOS="2027" VPOS="1614" WIDTH="1" HEIGHT="71" GC="0.9998">
                                <Shape>
                                    <Polygon POINTS="2027 1614 2028 1685 2028 1685 2027 1614"/>
                                </Shape>
                            </Glyph>
                            <Glyph ID="char_330" CONTENT="n" HPOS="2061" VPOS="1612" WIDTH="1" HEIGHT="72" GC="0.9974">
                                <Shape>
                                    <Polygon POINTS="2061 1612 2062 1684 2062 1684 2061 1612"/>
                                </Shape>
                            </Glyph>
                        </String>
                    </TextLine>

                    <TextLine ID="802a1118-accf-4eb2-b2ff-0e04011eca8d" HPOS="533.0" VPOS="1688.0" WIDTH="1592.0" HEIGHT="104.0" BASELINE="535.0 1772.0 2125.0 1744.0" TAGREFS="LINE_TYPE_1">
                        <Shape>
                            <Polygon POINTS="535.0 1772.0 535.0 1792.0 2123.0 1758.0 2125.0 1744.0 2119.0 1710.0 2083.0 1710.0 2051.0 1688.0 2049.0 1688.0 2047.0 1688.0 2045.0 1688.0 2043.0 1688.0 1997.0 1712.0 1892.0 1716.0 1836.0 1716.0 1806.0 1692.0 1804.0 1692.0 1802.0 1692.0 1800.0 1692.0 1798.0 1692.0 1758.0 1714.0 1667.0 1694.0 1665.0 1694.0 1583.0 1696.0 1581.0 1696.0 1579.0 1696.0 1545.0 1720.0 1452.0 1720.0 1430.0 1708.0 1428.0 1708.0 1426.0 1708.0 1424.0 1708.0 1422.0 1708.0 1420.0 1708.0 1402.0 1722.0 1290.0 1720.0 1256.0 1702.0 1254.0 1702.0 1252.0 1702.0 1250.0 1702.0 1185.0 1726.0 1151.0 1704.0 1149.0 1704.0 1147.0 1704.0 1111.0 1704.0 1109.0 1704.0 1107.0 1704.0 1037.0 1728.0 987.0 1706.0 985.0 1706.0 983.0 1706.0 981.0 1706.0 979.0 1706.0 942.0 1730.0 876.0 1708.0 874.0 1708.0 872.0 1708.0 870.0 1708.0 786.0 1734.0 752.0 1734.0 697.0 1712.0 695.0 1712.0 693.0 1712.0 691.0 1712.0 689.0 1712.0 659.0 1736.0 533.0 1736.0 535.0 1772.0"/>
                        </Shape>
                        <String ID="segment_110" CONTENT="considération" HPOS="555" VPOS="1712" WIDTH="365" HEIGHT="80" WC="0.9909">
                            <Shape>
                                <Polygon POINTS="555 1736 556 1792 920 1784 919 1722"/>
                            </Shape>
                            <Glyph ID="char_331" CONTENT="c" HPOS="555" VPOS="1736" WIDTH="1" HEIGHT="56" GC="0.9992">
                                <Shape>
                                    <Polygon POINTS="555 1736 556 1792 556 1792 555 1736"/>
                                </Shape>
                            </Glyph>
                            <Glyph ID="char_332" CONTENT="o" HPOS="587" VPOS="1736" WIDTH="1" HEIGHT="55" GC="1.0">
                                <Shape>
                                    <Polygon POINTS="587 1736 588 1791 588 1791 587 1736"/>
                                </Shape>
                            </Glyph>
                            <Glyph ID="char_333" CONTENT="n" HPOS="630" VPOS="1736" WIDTH="1" HEIGHT="54" GC="0.9996">
                                <Shape>
                                    <Polygon POINTS="630 1736 631 1790 631 1790 630 1736"/>
                                </Shape>
                            </Glyph>
                            <Glyph ID="char_334" CONTENT="s" HPOS="657" VPOS="1736" WIDTH="1" HEIGHT="53" GC="0.8756">
                                <Shape>
                                    <Polygon POINTS="657 1736 658 1789 658 1789 657 1736"/>
                                </Shape>
                            </Glyph>
                            <Glyph ID="char_335" CONTENT="i" HPOS="678" VPOS="1721" WIDTH="1" HEIGHT="68" GC="0.9999">
                                <Shape>
                                    <Polygon POINTS="678 1721 679 1789 679 1789 678 1721"/>
                                </Shape>
                            </Glyph>
                            <Glyph ID="char_336" CONTENT="d" HPOS="705" VPOS="1715" WIDTH="1" HEIGHT="73" GC="0.9993">
                                <Shape>
                                    <Polygon POINTS="705 1715 706 1788 706 1788 705 1715"/>
                                </Shape>
                            </Glyph>
                            <Glyph ID="char_337" CONTENT="e" HPOS="742" VPOS="1730" WIDTH="1" HEIGHT="58" GC="1.0">
                                <Shape>
                                    <Polygon POINTS="742 1730 743 1788 743 1788 742 1730"/>
                                </Shape>
                            </Glyph>
                            <Glyph ID="char_338" CONTENT="́" HPOS="748" VPOS="1733" WIDTH="6" HEIGHT="54" GC="1.0">
                                <Shape>
                                    <Polygon POINTS="748 1733 749 1787 754 1787 753 1734"/>
                                </Shape>
                            </Glyph>
                            <Glyph ID="char_339" CONTENT="r" HPOS="769" VPOS="1734" WIDTH="1" HEIGHT="53" GC="0.9997">
                                <Shape>
                                    <Polygon POINTS="769 1734 770 1787 770 1787 769 1734"/>
                                </Shape>
                            </Glyph>
                            <Glyph ID="char_340" CONTENT="a" HPOS="796" VPOS="1731" WIDTH="1" HEIGHT="55" GC="1.0">
                                <Shape>
                                    <Polygon POINTS="796 1731 797 1786 797 1786 796 1731"/>
                                </Shape>
                            </Glyph>
                            <Glyph ID="char_341" CONTENT="t" HPOS="833" VPOS="1719" WIDTH="1" HEIGHT="67" GC="1.0">
                                <Shape>
                                    <Polygon POINTS="833 1719 834 1786 834 1786 833 1719"/>
                                </Shape>
                            </Glyph>
                            <Glyph ID="char_342" CONTENT="i" HPOS="855" VPOS="1713" WIDTH="1" HEIGHT="72" GC="1.0">
                                <Shape>
                                    <Polygon POINTS="855 1713 856 1785 856 1785 855 1713"/>
                                </Shape>
                            </Glyph>
                            <Glyph ID="char_343" CONTENT="o" HPOS="887" VPOS="1712" WIDTH="1" HEIGHT="72" GC="0.9991">
                                <Shape>
                                    <Polygon POINTS="887 1712 888 1784 888 1784 887 1712"/>
                                </Shape>
                            </Glyph>
                            <Glyph ID="char_344" CONTENT="n" HPOS="919" VPOS="1722" WIDTH="1" HEIGHT="62" GC="0.9997">
                                <Shape>
                                    <Polygon POINTS="919 1722 920 1784 920 1784 919 1722"/>
                                </Shape>
                            </Glyph>
                        </String>
                        <SP ID="segment_111" HPOS="967"  VPOS="1711" WIDTH="6"  HEIGHT="72"/>
                        <String ID="segment_112" CONTENT="de" HPOS="983" VPOS="1706" WIDTH="28" HEIGHT="76" WC="0.9998">
                            <Shape>
                                <Polygon POINTS="983 1706 984 1782 1011 1782 1010 1716"/>
                            </Shape>
                            <Glyph ID="char_346" CONTENT="d" HPOS="983" VPOS="1706" WIDTH="1" HEIGHT="76" GC="1.0">
                                <Shape>
                                    <Polygon POINTS="983 1706 984 1782 984 1782 983 1706"/>
                                </Shape>
                            </Glyph>
                            <Glyph ID="char_347" CONTENT="e" HPOS="1010" VPOS="1716" WIDTH="1" HEIGHT="66" GC="0.9997">
                                <Shape>
                                    <Polygon POINTS="1010 1716 1011 1782 1011 1782 1010 1716"/>
                                </Shape>
                            </Glyph>
                        </String>
                        <SP ID="segment_113" HPOS="1058"  VPOS="1719" WIDTH="6"  HEIGHT="62"/>
                        <String ID="segment_114" CONTENT="ses" HPOS="1074" VPOS="1704" WIDTH="70" HEIGHT="76" WC="0.8949">
                            <Shape>
                                <Polygon POINTS="1074 1715 1075 1780 1144 1779 1143 1704"/>
                            </Shape>
                            <Glyph ID="char_349" CONTENT="s" HPOS="1074" VPOS="1715" WIDTH="1" HEIGHT="65" GC="0.6972">
                                <Shape>
                                    <Polygon POINTS="1074 1715 1075 1780 1075 1780 1074 1715"/>
                                </Shape>
                            </Glyph>
                            <Glyph ID="char_350" CONTENT="e" HPOS="1117" VPOS="1704" WIDTH="1" HEIGHT="76" GC="0.9876">
                                <Shape>
                                    <Polygon POINTS="1117 1704 1118 1780 1118 1780 1117 1704"/>
                                </Shape>
                            </Glyph>
                            <Glyph ID="char_351" CONTENT="s" HPOS="1143" VPOS="1704" WIDTH="1" HEIGHT="75" GC="1.0">
                                <Shape>
                                    <Polygon POINTS="1143 1704 1144 1779 1144 1779 1143 1704"/>
                                </Shape>
                            </Glyph>
                        </String>
                        <SP ID="segment_115" HPOS="1202"  VPOS="1717" WIDTH="7"  HEIGHT="61"/>
                        <String ID="segment_116" CONTENT="services" HPOS="1224" VPOS="1705" WIDTH="193" HEIGHT="72" WC="0.9849">
                            <Shape>
                                <Polygon POINTS="1224 1712 1225 1777 1417 1773 1416 1711"/>
                            </Shape>
                            <Glyph ID="char_353" CONTENT="s" HPOS="1224" VPOS="1712" WIDTH="1" HEIGHT="65" GC="0.9902">
                                <Shape>
                                    <Polygon POINTS="1224 1712 1225 1777 1225 1777 1224 1712"/>
                                </Shape>
                            </Glyph>
                            <Glyph ID="char_354" CONTENT="e" HPOS="1261" VPOS="1705" WIDTH="1" HEIGHT="71" GC="0.9999">
                                <Shape>
                                    <Polygon POINTS="1261 1705 1262 1776 1262 1776 1261 1705"/>
                                </Shape>
                            </Glyph>
                            <Glyph ID="char_355" CONTENT="r" HPOS="1288" VPOS="1719" WIDTH="1" HEIGHT="57" GC="0.8917">
                                <Shape>
                                    <Polygon POINTS="1288 1719 1289 1776 1289 1776 1288 1719"/>
                                </Shape>
                            </Glyph>
                            <Glyph ID="char_356" CONTENT="v" HPOS="1314" VPOS="1720" WIDTH="1" HEIGHT="55" GC="1.0">
                                <Shape>
                                    <Polygon POINTS="1314 1720 1315 1775 1315 1775 1314 1720"/>
                                </Shape>
                            </Glyph>
                            <Glyph ID="char_357" CONTENT="i" HPOS="1341" VPOS="1721" WIDTH="1" HEIGHT="54" GC="1.0">
                                <Shape>
                                    <Polygon POINTS="1341 1721 1342 1775 1342 1775 1341 1721"/>
                                </Shape>
                            </Glyph>
                            <Glyph ID="char_358" CONTENT="c" HPOS="1363" VPOS="1721" WIDTH="1" HEIGHT="53" GC="0.9984">
                                <Shape>
                                    <Polygon POINTS="1363 1721 1364 1774 1364 1774 1363 1721"/>
                                </Shape>
                            </Glyph>
                            <Glyph ID="char_359" CONTENT="e" HPOS="1389" VPOS="1722" WIDTH="1" HEIGHT="52" GC="1.0">
                                <Shape>
                                    <Polygon POINTS="1389 1722 1390 1774 1390 1774 1389 1722"/>
                                </Shape>
                            </Glyph>
                            <Glyph ID="char_360" CONTENT="s" HPOS="1416" VPOS="1711" WIDTH="1" HEIGHT="62" GC="0.9992">
                                <Shape>
                                    <Polygon POINTS="1416 1711 1417 1773 1417 1773 1416 1711"/>
                                </Shape>
                            </Glyph>
                        </String>
                        <SP ID="segment_117" HPOS="1475"  VPOS="1720" WIDTH="6"  HEIGHT="52"/>
                        <String ID="segment_118" CONTENT="qu&#39;il" HPOS="1496" VPOS="1696" WIDTH="97" HEIGHT="75" WC="0.9721">
                            <Shape>
                                <Polygon POINTS="1496 1720 1497 1771 1593 1769 1592 1696"/>
                            </Shape>
                            <Glyph ID="char_362" CONTENT="q" HPOS="1496" VPOS="1720" WIDTH="1" HEIGHT="51" GC="0.8611">
                                <Shape>
                                    <Polygon POINTS="1496 1720 1497 1771 1497 1771 1496 1720"/>
                                </Shape>
                            </Glyph>
                            <Glyph ID="char_363" CONTENT="u" HPOS="1534" VPOS="1720" WIDTH="1" HEIGHT="51" GC="1.0">
                                <Shape>
                                    <Polygon POINTS="1534 1720 1535 1771 1535 1771 1534 1720"/>
                                </Shape>
                            </Glyph>
                            <Glyph ID="char_364" CONTENT="&#39;" HPOS="1560" VPOS="1709" WIDTH="1" HEIGHT="61" GC="0.9996">
                                <Shape>
                                    <Polygon POINTS="1560 1709 1561 1770 1561 1770 1560 1709"/>
                                </Shape>
                            </Glyph>
                            <Glyph ID="char_365" CONTENT="i" HPOS="1571" VPOS="1702" WIDTH="1" HEIGHT="68" GC="1.0">
                                <Shape>
                                    <Polygon POINTS="1571 1702 1572 1770 1572 1770 1571 1702"/>
                                </Shape>
                            </Glyph>
                            <Glyph ID="char_366" CONTENT="l" HPOS="1592" VPOS="1696" WIDTH="1" HEIGHT="73" GC="0.9999">
                                <Shape>
                                    <Polygon POINTS="1592 1696 1593 1769 1593 1769 1592 1696"/>
                                </Shape>
                            </Glyph>
                        </String>
                        <SP ID="segment_119" HPOS="1635"  VPOS="1694" WIDTH="12"  HEIGHT="74"/>
                        <String ID="segment_120" CONTENT="lui" HPOS="1657" VPOS="1694" WIDTH="54" HEIGHT="74" WC="1.0">
                            <Shape>
                                <Polygon POINTS="1657 1694 1658 1768 1711 1767 1710 1703"/>
                            </Shape>
                            <Glyph ID="char_368" CONTENT="l" HPOS="1657" VPOS="1694" WIDTH="1" HEIGHT="74" GC="1.0">
                                <Shape>
                                    <Polygon POINTS="1657 1694 1658 1768 1658 1768 1657 1694"/>
                                </Shape>
                            </Glyph>
                            <Glyph ID="char_369" CONTENT="u" HPOS="1689" VPOS="1699" WIDTH="1" HEIGHT="68" GC="1.0">
                                <Shape>
                                    <Polygon POINTS="1689 1699 1690 1767 1690 1767 1689 1699"/>
                                </Shape>
                            </Glyph>
                            <Glyph ID="char_370" CONTENT="i" HPOS="1710" VPOS="1703" WIDTH="1" HEIGHT="64" GC="1.0">
                                <Shape>
                                    <Polygon POINTS="1710 1703 1711 1767 1711 1767 1710 1703"/>
                                </Shape>
                            </Glyph>
                        </String>
                        <SP ID="segment_121" HPOS="1753"  VPOS="1713" WIDTH="1"  HEIGHT="53"/>
                        <String ID="segment_122" CONTENT="soit" HPOS="1769" VPOS="1697" WIDTH="86" HEIGHT="69" WC="0.9342">
                            <Shape>
                                <Polygon POINTS="1769 1708 1770 1766 1855 1764 1854 1716"/>
                            </Shape>
                            <Glyph ID="char_372" CONTENT="s" HPOS="1769" VPOS="1708" WIDTH="1" HEIGHT="58" GC="0.9941">
                                <Shape>
                                    <Polygon POINTS="1769 1708 1770 1766 1770 1766 1769 1708"/>
                                </Shape>
                            </Glyph>
                            <Glyph ID="char_373" CONTENT="o" HPOS="1812" VPOS="1697" WIDTH="1" HEIGHT="68" GC="0.999">
                                <Shape>
                                    <Polygon POINTS="1812 1697 1813 1765 1813 1765 1812 1697"/>
                                </Shape>
                            </Glyph>
                            <Glyph ID="char_374" CONTENT="i" HPOS="1833" VPOS="1714" WIDTH="6" HEIGHT="50" GC="0.9998">
                                <Shape>
                                    <Polygon POINTS="1833 1714 1834 1764 1839 1764 1838 1716"/>
                                </Shape>
                            </Glyph>
                            <Glyph ID="char_375" CONTENT="t" HPOS="1854" VPOS="1716" WIDTH="1" HEIGHT="48" GC="0.7438">
                                <Shape>
                                    <Polygon POINTS="1854 1716 1855 1764 1855 1764 1854 1716"/>
                                </Shape>
                            </Glyph>
                        </String>
                        <SP ID="segment_123" HPOS="1892"  VPOS="1716" WIDTH="6"  HEIGHT="47"/>
                        <String ID="segment_124" CONTENT="accordé" HPOS="1908" VPOS="1692" WIDTH="167" HEIGHT="71" WC="0.9994">
                            <Shape>
                                <Polygon POINTS="1908 1715 1909 1763 2075 1759 2074 1704"/>
                            </Shape>
                            <Glyph ID="char_377" CONTENT="a" HPOS="1908" VPOS="1715" WIDTH="1" HEIGHT="48" GC="0.9996">
                                <Shape>
                                    <Polygon POINTS="1908 1715 1909 1763 1909 1763 1908 1715"/>
                                </Shape>
                            </Glyph>
                            <Glyph ID="char_378" CONTENT="c" HPOS="1940" VPOS="1714" WIDTH="1" HEIGHT="48" GC="0.9993">
                                <Shape>
                                    <Polygon POINTS="1940 1714 1941 1762 1941 1762 1940 1714"/>
                                </Shape>
                            </Glyph>
                            <Glyph ID="char_379" CONTENT="c" HPOS="1961" VPOS="1713" WIDTH="1" HEIGHT="48" GC="0.9999">
                                <Shape>
                                    <Polygon POINTS="1961 1713 1962 1761 1962 1761 1961 1713"/>
                                </Shape>
                            </Glyph>
                            <Glyph ID="char_380" CONTENT="o" HPOS="1983" VPOS="1713" WIDTH="1" HEIGHT="48" GC="0.9997">
                                <Shape>
                                    <Polygon POINTS="1983 1713 1984 1761 1984 1761 1983 1713"/>
                                </Shape>
                            </Glyph>
                            <Glyph ID="char_381" CONTENT="r" HPOS="2015" VPOS="1703" WIDTH="1" HEIGHT="57" GC="0.9996">
                                <Shape>
                                    <Polygon POINTS="2015 1703 2016 1760 2016 1760 2015 1703"/>
                                </Shape>
                            </Glyph>
                            <Glyph ID="char_382" CONTENT="d" HPOS="2036" VPOS="1692" WIDTH="1" HEIGHT="68" GC="1.0">
                                <Shape>
                                    <Polygon POINTS="2036 1692 2037 1760 2037 1760 2036 1692"/>
                                </Shape>
                            </Glyph>
                            <Glyph ID="char_383" CONTENT="e" HPOS="2063" VPOS="1696" WIDTH="1" HEIGHT="63" GC="0.9985">
                                <Shape>
                                    <Polygon POINTS="2063 1696 2064 1759 2064 1759 2063 1696"/>
                                </Shape>
                            </Glyph>
                            <Glyph ID="char_384" CONTENT="́" HPOS="2074" VPOS="1704" WIDTH="1" HEIGHT="55" GC="0.9986">
                                <Shape>
                                    <Polygon POINTS="2074 1704 2075 1759 2075 1759 2074 1704"/>
                                </Shape>
                            </Glyph>
                        </String>
                    </TextLine>

                    <TextLine ID="fed3aedf-415d-4e69-9c15-0e0d36d120b5" HPOS="539.0" VPOS="1774.0" WIDTH="1524.0" HEIGHT="123.0" BASELINE="541.0 1875.0 1073.0 1855.0 2063.0 1833.0" TAGREFS="LINE_TYPE_1">
                        <Shape>
                            <Polygon POINTS="541.0 1875.0 541.0 1883.0 607.0 1897.0 609.0 1897.0 611.0 1897.0 663.0 1883.0 826.0 1891.0 828.0 1891.0 830.0 1891.0 832.0 1891.0 854.0 1877.0 975.0 1887.0 977.0 1887.0 1107.0 1871.0 1360.0 1873.0 1362.0 1873.0 1410.0 1863.0 1463.0 1873.0 1465.0 1873.0 1718.0 1859.0 1856.0 1865.0 1858.0 1865.0 1860.0 1865.0 1890.0 1855.0 2007.0 1861.0 2009.0 1861.0 2011.0 1861.0 2063.0 1845.0 2063.0 1833.0 2057.0 1782.0 1993.0 1795.0 1953.0 1774.0 1951.0 1774.0 1949.0 1774.0 1947.0 1774.0 1898.0 1799.0 1836.0 1799.0 1786.0 1780.0 1784.0 1780.0 1722.0 1780.0 1720.0 1780.0 1718.0 1780.0 1716.0 1780.0 1716.0 1782.0 1702.0 1793.0 1629.0 1782.0 1627.0 1782.0 1625.0 1782.0 1547.0 1809.0 1515.0 1809.0 1479.0 1788.0 1477.0 1788.0 1475.0 1788.0 1473.0 1788.0 1471.0 1788.0 1469.0 1788.0 1438.0 1809.0 1418.0 1801.0 1416.0 1801.0 1414.0 1801.0 1412.0 1801.0 1392.0 1811.0 1284.0 1792.0 1282.0 1792.0 1280.0 1792.0 1250.0 1807.0 1163.0 1793.0 1161.0 1793.0 1159.0 1793.0 1071.0 1817.0 1025.0 1797.0 1023.0 1797.0 1021.0 1797.0 1019.0 1797.0 968.0 1823.0 924.0 1823.0 900.0 1805.0 898.0 1805.0 896.0 1805.0 894.0 1805.0 892.0 1805.0 890.0 1805.0 862.0 1825.0 770.0 1827.0 697.0 1805.0 695.0 1805.0 693.0 1805.0 691.0 1805.0 689.0 1805.0 659.0 1831.0 629.0 1831.0 595.0 1809.0 593.0 1809.0 591.0 1809.0 589.0 1809.0 587.0 1809.0 539.0 1831.0 541.0 1875.0"/>
                        </Shape>
                        <String ID="segment_125" CONTENT="le" HPOS="563" VPOS="1809" WIDTH="34" HEIGHT="86" WC="1.0">
                            <Shape>
                                <Polygon POINTS="563 1820 566 1888 597 1895 594 1809"/>
                            </Shape>
                            <Glyph ID="char_385" CONTENT="l" HPOS="563" VPOS="1820" WIDTH="3" HEIGHT="68" GC="1.0">
                                <Shape>
                                    <Polygon POINTS="563 1820 566 1888 566 1888 563 1820"/>
                                </Shape>
                            </Glyph>
                            <Glyph ID="char_386" CONTENT="e" HPOS="594" VPOS="1809" WIDTH="3" HEIGHT="86" GC="1.0">
                                <Shape>
                                    <Polygon POINTS="594 1809 597 1895 597 1895 594 1809"/>
                                </Shape>
                            </Glyph>
                        </String>
                        <SP ID="segment_126" HPOS="630"  VPOS="1831" WIDTH="3"  HEIGHT="60"/>
                        <String ID="segment_127" CONTENT="Rang" HPOS="642" VPOS="1818" WIDTH="173" HEIGHT="72" WC="0.9996">
                            <Shape>
                                <Polygon POINTS="642 1831 645 1888 815 1890 812 1826"/>
                            </Shape>
                            <Glyph ID="char_388" CONTENT="R" HPOS="642" VPOS="1831" WIDTH="3" HEIGHT="57" GC="1.0">
                                <Shape>
                                    <Polygon POINTS="642 1831 645 1888 645 1888 642 1831"/>
                                </Shape>
                            </Glyph>
                            <Glyph ID="char_389" CONTENT="a" HPOS="739" VPOS="1818" WIDTH="3" HEIGHT="69" GC="0.999">
                                <Shape>
                                    <Polygon POINTS="739 1818 742 1887 742 1887 739 1818"/>
                                </Shape>
                            </Glyph>
                            <Glyph ID="char_390" CONTENT="n" HPOS="776" VPOS="1827" WIDTH="3" HEIGHT="62" GC="1.0">
                                <Shape>
                                    <Polygon POINTS="776 1827 779 1889 779 1889 776 1827"/>
                                </Shape>
                            </Glyph>
                            <Glyph ID="char_391" CONTENT="g" HPOS="812" VPOS="1826" WIDTH="3" HEIGHT="64" GC="0.9994">
                                <Shape>
                                    <Polygon POINTS="812 1826 815 1890 815 1890 812 1826"/>
                                </Shape>
                            </Glyph>
                        </String>
                        <SP ID="segment_128" HPOS="867"  VPOS="1817" WIDTH="8"  HEIGHT="62"/>
                        <String ID="segment_129" CONTENT="de" HPOS="885" VPOS="1809" WIDTH="40" HEIGHT="74" WC="1.0">
                            <Shape>
                                <Polygon POINTS="885 1809 887 1880 925 1883 922 1822"/>
                            </Shape>
                            <Glyph ID="char_393" CONTENT="d" HPOS="885" VPOS="1809" WIDTH="2" HEIGHT="71" GC="1.0">
                                <Shape>
                                    <Polygon POINTS="885 1809 887 1880 887 1880 885 1809"/>
                                </Shape>
                            </Glyph>
                            <Glyph ID="char_394" CONTENT="e" HPOS="922" VPOS="1822" WIDTH="3" HEIGHT="61" GC="1.0">
                                <Shape>
                                    <Polygon POINTS="922 1822 925 1883 925 1883 922 1822"/>
                                </Shape>
                            </Glyph>
                        </String>
                        <SP ID="segment_130" HPOS="964"  VPOS="1822" WIDTH="9"  HEIGHT="65"/>
                        <String ID="segment_131" CONTENT="sons" HPOS="988" VPOS="1799" WIDTH="112" HEIGHT="86" WC="0.967">
                            <Shape>
                                <Polygon POINTS="988 1813 991 1885 1100 1872 1099 1809"/>
                            </Shape>
                            <Glyph ID="char_396" CONTENT="s" HPOS="988" VPOS="1813" WIDTH="3" HEIGHT="72" GC="1.0">
                                <Shape>
                                    <Polygon POINTS="988 1813 991 1885 991 1885 988 1813"/>
                                </Shape>
                            </Glyph>
                            <Glyph ID="char_397" CONTENT="o" HPOS="1031" VPOS="1799" WIDTH="3" HEIGHT="81" GC="0.9716">
                                <Shape>
                                    <Polygon POINTS="1031 1799 1034 1880 1034 1880 1031 1799"/>
                                </Shape>
                            </Glyph>
                            <Glyph ID="char_398" CONTENT="n" HPOS="1067" VPOS="1815" WIDTH="2" HEIGHT="61" GC="0.8967">
                                <Shape>
                                    <Polygon POINTS="1067 1815 1069 1876 1069 1876 1067 1815"/>
                                </Shape>
                            </Glyph>
                            <Glyph ID="char_399" CONTENT="s" HPOS="1099" VPOS="1809" WIDTH="1" HEIGHT="63" GC="0.9998">
                                <Shape>
                                    <Polygon POINTS="1099 1809 1100 1872 1100 1872 1099 1809"/>
                                </Shape>
                            </Glyph>
                        </String>
                        <SP ID="segment_132" HPOS="1134"  VPOS="1798" WIDTH="8"  HEIGHT="73"/>
                        <String ID="segment_133" CONTENT="lieutenant" HPOS="1152" VPOS="1792" WIDTH="257" HEIGHT="81" WC="0.9998">
                            <Shape>
                                <Polygon POINTS="1152 1795 1154 1871 1409 1863 1408 1803"/>
                            </Shape>
                            <Glyph ID="char_401" CONTENT="l" HPOS="1152" VPOS="1795" WIDTH="2" HEIGHT="76" GC="0.9996">
                                <Shape>
                                    <Polygon POINTS="1152 1795 1154 1871 1154 1871 1152 1795"/>
                                </Shape>
                            </Glyph>
                            <Glyph ID="char_402" CONTENT="i" HPOS="1177" VPOS="1795" WIDTH="2" HEIGHT="77" GC="1.0">
                                <Shape>
                                    <Polygon POINTS="1177 1795 1179 1872 1179 1872 1177 1795"/>
                                </Shape>
                            </Glyph>
                            <Glyph ID="char_403" CONTENT="e" HPOS="1195" VPOS="1798" WIDTH="2" HEIGHT="74" GC="1.0">
                                <Shape>
                                    <Polygon POINTS="1195 1798 1197 1872 1197 1872 1195 1798"/>
                                </Shape>
                            </Glyph>
                            <Glyph ID="char_404" CONTENT="u" HPOS="1232" VPOS="1804" WIDTH="1" HEIGHT="68" GC="0.9995">
                                <Shape>
                                    <Polygon POINTS="1232 1804 1233 1872 1233 1872 1232 1804"/>
                                </Shape>
                            </Glyph>
                            <Glyph ID="char_405" CONTENT="t" HPOS="1262" VPOS="1801" WIDTH="2" HEIGHT="71" GC="1.0">
                                <Shape>
                                    <Polygon POINTS="1262 1801 1264 1872 1264 1872 1262 1801"/>
                                </Shape>
                            </Glyph>
                            <Glyph ID="char_406" CONTENT="e" HPOS="1280" VPOS="1792" WIDTH="2" HEIGHT="80" GC="0.9992">
                                <Shape>
                                    <Polygon POINTS="1280 1792 1282 1872 1282 1872 1280 1792"/>
                                </Shape>
                            </Glyph>
                            <Glyph ID="char_407" CONTENT="n" HPOS="1310" VPOS="1797" WIDTH="2" HEIGHT="76" GC="0.9999">
                                <Shape>
                                    <Polygon POINTS="1310 1797 1312 1873 1312 1873 1310 1797"/>
                                </Shape>
                            </Glyph>
                            <Glyph ID="char_408" CONTENT="a" HPOS="1341" VPOS="1802" WIDTH="1" HEIGHT="71" GC="1.0">
                                <Shape>
                                    <Polygon POINTS="1341 1802 1342 1873 1342 1873 1341 1802"/>
                                </Shape>
                            </Glyph>
                            <Glyph ID="char_409" CONTENT="n" HPOS="1384" VPOS="1810" WIDTH="1" HEIGHT="58" GC="1.0">
                                <Shape>
                                    <Polygon POINTS="1384 1810 1385 1868 1385 1868 1384 1810"/>
                                </Shape>
                            </Glyph>
                            <Glyph ID="char_410" CONTENT="t" HPOS="1408" VPOS="1803" WIDTH="1" HEIGHT="60" GC="0.9999">
                                <Shape>
                                    <Polygon POINTS="1408 1803 1409 1863 1409 1863 1408 1803"/>
                                </Shape>
                            </Glyph>
                        </String>
                        <SP ID="segment_134" HPOS="1456"  VPOS="1793" WIDTH="8"  HEIGHT="80"/>
                        <String ID="segment_135" CONTENT="dans" HPOS="1474" VPOS="1788" WIDTH="93" HEIGHT="84" WC="0.9988">
                            <Shape>
                                <Polygon POINTS="1474 1788 1476 1872 1567 1867 1566 1803"/>
                            </Shape>
                            <Glyph ID="char_412" CONTENT="d" HPOS="1474" VPOS="1788" WIDTH="2" HEIGHT="84" GC="0.9955">
                                <Shape>
                                    <Polygon POINTS="1474 1788 1476 1872 1476 1872 1474 1788"/>
                                </Shape>
                            </Glyph>
                            <Glyph ID="char_413" CONTENT="a" HPOS="1505" VPOS="1803" WIDTH="1" HEIGHT="68" GC="1.0">
                                <Shape>
                                    <Polygon POINTS="1505 1803 1506 1871 1506 1871 1505 1803"/>
                                </Shape>
                            </Glyph>
                            <Glyph ID="char_414" CONTENT="n" HPOS="1542" VPOS="1809" WIDTH="1" HEIGHT="60" GC="1.0">
                                <Shape>
                                    <Polygon POINTS="1542 1809 1543 1869 1543 1869 1542 1809"/>
                                </Shape>
                            </Glyph>
                            <Glyph ID="char_415" CONTENT="s" HPOS="1566" VPOS="1803" WIDTH="1" HEIGHT="64" GC="0.9999">
                                <Shape>
                                    <Polygon POINTS="1566 1803 1567 1867 1567 1867 1566 1803"/>
                                </Shape>
                            </Glyph>
                        </String>
                        <SP ID="segment_136" HPOS="1614"  VPOS="1784" WIDTH="8"  HEIGHT="81"/>
                        <String ID="segment_137" CONTENT="la" HPOS="1626" VPOS="1782" WIDTH="32" HEIGHT="82" WC="0.9995">
                            <Shape>
                                <Polygon POINTS="1626 1782 1628 1864 1658 1862 1656 1786"/>
                            </Shape>
                            <Glyph ID="char_417" CONTENT="l" HPOS="1626" VPOS="1782" WIDTH="2" HEIGHT="82" GC="0.999">
                                <Shape>
                                    <Polygon POINTS="1626 1782 1628 1864 1628 1864 1626 1782"/>
                                </Shape>
                            </Glyph>
                            <Glyph ID="char_418" CONTENT="a" HPOS="1656" VPOS="1786" WIDTH="2" HEIGHT="76" GC="1.0">
                                <Shape>
                                    <Polygon POINTS="1656 1786 1658 1862 1658 1862 1656 1786"/>
                                </Shape>
                            </Glyph>
                        </String>
                        <SP ID="segment_138" HPOS="1717"  VPOS="1780" WIDTH="8"  HEIGHT="79"/>
                        <String ID="segment_139" CONTENT="Troupe" HPOS="1735" VPOS="1780" WIDTH="154" HEIGHT="85" WC="0.8974">
                            <Shape>
                                <Polygon POINTS="1735 1780 1737 1860 1889 1855 1888 1799"/>
                            </Shape>
                            <Glyph ID="char_420" CONTENT="T" HPOS="1735" VPOS="1780" WIDTH="2" HEIGHT="80" GC="0.9999">
                                <Shape>
                                    <Polygon POINTS="1735 1780 1737 1860 1737 1860 1735 1780"/>
                                </Shape>
                            </Glyph>
                            <Glyph ID="char_421" CONTENT="r" HPOS="1772" VPOS="1780" WIDTH="2" HEIGHT="81" GC="0.9686">
                                <Shape>
                                    <Polygon POINTS="1772 1780 1774 1861 1774 1861 1772 1780"/>
                                </Shape>
                            </Glyph>
                            <Glyph ID="char_422" CONTENT="o" HPOS="1796" VPOS="1784" WIDTH="2" HEIGHT="78" GC="0.9088">
                                <Shape>
                                    <Polygon POINTS="1796 1784 1798 1862 1798 1862 1796 1784"/>
                                </Shape>
                            </Glyph>
                            <Glyph ID="char_423" CONTENT="u" HPOS="1826" VPOS="1795" WIDTH="2" HEIGHT="69" GC="0.6276">
                                <Shape>
                                    <Polygon POINTS="1826 1795 1828 1864 1828 1864 1826 1795"/>
                                </Shape>
                            </Glyph>
                            <Glyph ID="char_424" CONTENT="p" HPOS="1851" VPOS="1799" WIDTH="1" HEIGHT="66" GC="0.88">
                                <Shape>
                                    <Polygon POINTS="1851 1799 1852 1865 1852 1865 1851 1799"/>
                                </Shape>
                            </Glyph>
                            <Glyph ID="char_425" CONTENT="e" HPOS="1888" VPOS="1799" WIDTH="1" HEIGHT="56" GC="0.9996">
                                <Shape>
                                    <Polygon POINTS="1888 1799 1889 1855 1889 1855 1888 1799"/>
                                </Shape>
                            </Glyph>
                        </String>
                        <SP ID="segment_140" HPOS="1935"  VPOS="1777" WIDTH="9"  HEIGHT="81"/>
                        <String ID="segment_141" CONTENT="du" HPOS="1954" VPOS="1775" WIDTH="38" HEIGHT="85" WC="0.9614">
                            <Shape>
                                <Polygon POINTS="1954 1775 1956 1858 1992 1860 1990 1794"/>
                            </Shape>
                            <Glyph ID="char_427" CONTENT="d" HPOS="1954" VPOS="1775" WIDTH="2" HEIGHT="83" GC="0.9237">
                                <Shape>
                                    <Polygon POINTS="1954 1775 1956 1858 1956 1858 1954 1775"/>
                                </Shape>
                            </Glyph>
                            <Glyph ID="char_428" CONTENT="u" HPOS="1990" VPOS="1794" WIDTH="2" HEIGHT="66" GC="0.9991">
                                <Shape>
                                    <Polygon POINTS="1990 1794 1992 1860 1992 1860 1990 1794"/>
                                </Shape>
                            </Glyph>
                        </String>
                    </TextLine>

                    <TextLine ID="efad76f6-0c48-47e0-abf0-53b179d8140d" HPOS="539.0" VPOS="1869.0" WIDTH="1574.0" HEIGHT="112.0" BASELINE="541.0 1957.0 2113.0 1923.0" TAGREFS="LINE_TYPE_1">
                        <Shape>
                            <Polygon POINTS="541.0 1957.0 541.0 1973.0 697.0 1981.0 699.0 1981.0 822.0 1971.0 874.0 1981.0 876.0 1981.0 878.0 1981.0 922.0 1967.0 977.0 1979.0 979.0 1979.0 1041.0 1963.0 1135.0 1963.0 1151.0 1973.0 1153.0 1973.0 1155.0 1973.0 1157.0 1973.0 1396.0 1957.0 1438.0 1969.0 1440.0 1969.0 1442.0 1969.0 1444.0 1969.0 1475.0 1959.0 1623.0 1965.0 1625.0 1965.0 1627.0 1965.0 1667.0 1953.0 1738.0 1963.0 1740.0 1963.0 1997.0 1947.0 2051.0 1955.0 2053.0 1955.0 2113.0 1941.0 2113.0 1923.0 2109.0 1889.0 2057.0 1877.0 2055.0 1877.0 1999.0 1889.0 1971.0 1869.0 1969.0 1869.0 1967.0 1869.0 1965.0 1869.0 1963.0 1869.0 1920.0 1893.0 1858.0 1893.0 1812.0 1873.0 1810.0 1873.0 1808.0 1873.0 1806.0 1873.0 1764.0 1895.0 1649.0 1895.0 1559.0 1875.0 1557.0 1875.0 1555.0 1875.0 1499.0 1899.0 1340.0 1895.0 1338.0 1895.0 1268.0 1905.0 1238.0 1883.0 1236.0 1883.0 1234.0 1883.0 1189.0 1883.0 1187.0 1883.0 1095.0 1885.0 1093.0 1885.0 1091.0 1885.0 1063.0 1903.0 1043.0 1895.0 1041.0 1895.0 1039.0 1895.0 1037.0 1895.0 1001.0 1911.0 966.0 1889.0 964.0 1889.0 962.0 1889.0 960.0 1889.0 958.0 1889.0 956.0 1889.0 928.0 1911.0 772.0 1893.0 770.0 1893.0 617.0 1919.0 581.0 1897.0 579.0 1897.0 577.0 1897.0 575.0 1897.0 573.0 1897.0 571.0 1897.0 539.0 1917.0 541.0 1957.0"/>
                        </Shape>
                        <String ID="segment_142" CONTENT="recrutement" HPOS="565" VPOS="1894" WIDTH="322" HEIGHT="87" WC="0.9863">
                            <Shape>
                                <Polygon POINTS="565 1901 566 1974 887 1978 885 1906"/>
                            </Shape>
                            <Glyph ID="char_429" CONTENT="r" HPOS="565" VPOS="1901" WIDTH="1" HEIGHT="73" GC="1.0">
                                <Shape>
                                    <Polygon POINTS="565 1901 566 1974 566 1974 565 1901"/>
                                </Shape>
                            </Glyph>
                            <Glyph ID="char_430" CONTENT="e" HPOS="615" VPOS="1918" WIDTH="1" HEIGHT="59" GC="0.9868">
                                <Shape>
                                    <Polygon POINTS="615 1918 616 1977 616 1977 615 1918"/>
                                </Shape>
                            </Glyph>
                            <Glyph ID="char_431" CONTENT="c" HPOS="640" VPOS="1915" WIDTH="1" HEIGHT="63" GC="0.8757">
                                <Shape>
                                    <Polygon POINTS="640 1915 641 1978 641 1978 640 1915"/>
                                </Shape>
                            </Glyph>
                            <Glyph ID="char_432" CONTENT="r" HPOS="666" VPOS="1911" WIDTH="2" HEIGHT="68" GC="0.9922">
                                <Shape>
                                    <Polygon POINTS="666 1911 668 1979 668 1979 666 1911"/>
                                </Shape>
                            </Glyph>
                            <Glyph ID="char_433" CONTENT="u" HPOS="691" VPOS="1906" WIDTH="2" HEIGHT="75" GC="0.9998">
                                <Shape>
                                    <Polygon POINTS="691 1906 693 1981 693 1981 691 1906"/>
                                </Shape>
                            </Glyph>
                            <Glyph ID="char_434" CONTENT="t" HPOS="722" VPOS="1901" WIDTH="2" HEIGHT="78" GC="1.0">
                                <Shape>
                                    <Polygon POINTS="722 1901 724 1979 724 1979 722 1901"/>
                                </Shape>
                            </Glyph>
                            <Glyph ID="char_435" CONTENT="e" HPOS="747" VPOS="1897" WIDTH="1" HEIGHT="80" GC="1.0">
                                <Shape>
                                    <Polygon POINTS="747 1897 748 1977 748 1977 747 1897"/>
                                </Shape>
                            </Glyph>
                            <Glyph ID="char_436" CONTENT="m" HPOS="785" VPOS="1894" WIDTH="1" HEIGHT="80" GC="1.0">
                                <Shape>
                                    <Polygon POINTS="785 1894 786 1974 786 1974 785 1894"/>
                                </Shape>
                            </Glyph>
                            <Glyph ID="char_437" CONTENT="e" HPOS="822" VPOS="1899" WIDTH="1" HEIGHT="72" GC="1.0">
                                <Shape>
                                    <Polygon POINTS="822 1899 823 1971 823 1971 822 1899"/>
                                </Shape>
                            </Glyph>
                            <Glyph ID="char_438" CONTENT="n" HPOS="854" VPOS="1902" WIDTH="2" HEIGHT="75" GC="0.995">
                                <Shape>
                                    <Polygon POINTS="854 1902 856 1977 856 1977 854 1902"/>
                                </Shape>
                            </Glyph>
                            <Glyph ID="char_439" CONTENT="t" HPOS="885" VPOS="1906" WIDTH="2" HEIGHT="72" GC="1.0">
                                <Shape>
                                    <Polygon POINTS="885 1906 887 1978 887 1978 885 1906"/>
                                </Shape>
                            </Glyph>
                        </String>
                        <SP ID="segment_143" HPOS="935"  VPOS="1900" WIDTH="8"  HEIGHT="72"/>
                        <String ID="segment_144" CONTENT="des" HPOS="954" VPOS="1891" WIDTH="70" HEIGHT="84" WC="1.0">
                            <Shape>
                                <Polygon POINTS="954 1891 955 1974 1024 1967 1023 1901"/>
                            </Shape>
                            <Glyph ID="char_441" CONTENT="d" HPOS="954" VPOS="1891" WIDTH="1" HEIGHT="83" GC="1.0">
                                <Shape>
                                    <Polygon POINTS="954 1891 955 1974 955 1974 954 1891"/>
                                </Shape>
                            </Glyph>
                            <Glyph ID="char_442" CONTENT="e" HPOS="992" VPOS="1905" WIDTH="2" HEIGHT="70" GC="1.0">
                                <Shape>
                                    <Polygon POINTS="992 1905 994 1975 994 1975 992 1905"/>
                                </Shape>
                            </Glyph>
                            <Glyph ID="char_443" CONTENT="s" HPOS="1023" VPOS="1901" WIDTH="1" HEIGHT="66" GC="1.0">
                                <Shape>
                                    <Polygon POINTS="1023 1901 1024 1967 1024 1967 1023 1901"/>
                                </Shape>
                            </Glyph>
                        </String>
                        <SP ID="segment_145" HPOS="1080"  VPOS="1888" WIDTH="7"  HEIGHT="75"/>
                        <String ID="segment_146" CONTENT="Colonies" HPOS="1098" VPOS="1883" WIDTH="227" HEIGHT="90" WC="0.9985">
                            <Shape>
                                <Polygon POINTS="1098 1885 1099 1963 1325 1962 1324 1897"/>
                            </Shape>
                            <Glyph ID="char_445" CONTENT="C" HPOS="1098" VPOS="1885" WIDTH="1" HEIGHT="78" GC="0.9994">
                                <Shape>
                                    <Polygon POINTS="1098 1885 1099 1963 1099 1963 1098 1885"/>
                                </Shape>
                            </Glyph>
                            <Glyph ID="char_446" CONTENT="o" HPOS="1155" VPOS="1884" WIDTH="1" HEIGHT="89" GC="0.9994">
                                <Shape>
                                    <Polygon POINTS="1155 1884 1156 1973 1156 1973 1155 1884"/>
                                </Shape>
                            </Glyph>
                            <Glyph ID="char_447" CONTENT="l" HPOS="1186" VPOS="1883" WIDTH="1" HEIGHT="88" GC="1.0">
                                <Shape>
                                    <Polygon POINTS="1186 1883 1187 1971 1187 1971 1186 1883"/>
                                </Shape>
                            </Glyph>
                            <Glyph ID="char_448" CONTENT="o" HPOS="1211" VPOS="1883" WIDTH="1" HEIGHT="86" GC="0.9966">
                                <Shape>
                                    <Polygon POINTS="1211 1883 1212 1969 1212 1969 1211 1883"/>
                                </Shape>
                            </Glyph>
                            <Glyph ID="char_449" CONTENT="n" HPOS="1249" VPOS="1891" WIDTH="1" HEIGHT="76" GC="1.0">
                                <Shape>
                                    <Polygon POINTS="1249 1891 1250 1967 1250 1967 1249 1891"/>
                                </Shape>
                            </Glyph>
                            <Glyph ID="char_450" CONTENT="i" HPOS="1268" VPOS="1905" WIDTH="1" HEIGHT="60" GC="0.9942">
                                <Shape>
                                    <Polygon POINTS="1268 1905 1269 1965 1269 1965 1268 1905"/>
                                </Shape>
                            </Glyph>
                            <Glyph ID="char_451" CONTENT="e" HPOS="1293" VPOS="1901" WIDTH="1" HEIGHT="63" GC="0.9988">
                                <Shape>
                                    <Polygon POINTS="1293 1901 1294 1964 1294 1964 1293 1901"/>
                                </Shape>
                            </Glyph>
                            <Glyph ID="char_452" CONTENT="s" HPOS="1324" VPOS="1897" WIDTH="1" HEIGHT="65" GC="1.0">
                                <Shape>
                                    <Polygon POINTS="1324 1897 1325 1962 1325 1962 1324 1897"/>
                                </Shape>
                            </Glyph>
                        </String>
                        <SP ID="segment_147" HPOS="1387"  VPOS="1896" WIDTH="7"  HEIGHT="62"/>
                        <String ID="segment_148" CONTENT="ou" HPOS="1406" VPOS="1897" WIDTH="45" HEIGHT="70" WC="0.9995">
                            <Shape>
                                <Polygon POINTS="1406 1897 1407 1960 1451 1967 1450 1898"/>
                            </Shape>
                            <Glyph ID="char_454" CONTENT="o" HPOS="1406" VPOS="1897" WIDTH="1" HEIGHT="63" GC="0.999">
                                <Shape>
                                    <Polygon POINTS="1406 1897 1407 1960 1407 1960 1406 1897"/>
                                </Shape>
                            </Glyph>
                            <Glyph ID="char_455" CONTENT="u" HPOS="1450" VPOS="1898" WIDTH="1" HEIGHT="69" GC="1.0">
                                <Shape>
                                    <Polygon POINTS="1450 1898 1451 1967 1451 1967 1450 1898"/>
                                </Shape>
                            </Glyph>
                        </String>
                        <SP ID="segment_149" HPOS="1481"  VPOS="1899" WIDTH="8"  HEIGHT="61"/>
                        <String ID="segment_150" CONTENT="il" HPOS="1494" VPOS="1891" WIDTH="26" HEIGHT="70" WC="1.0">
                            <Shape>
                                <Polygon POINTS="1494 1899 1495 1960 1520 1961 1519 1891"/>
                            </Shape>
                            <Glyph ID="char_457" CONTENT="i" HPOS="1494" VPOS="1899" WIDTH="1" HEIGHT="61" GC="1.0">
                                <Shape>
                                    <Polygon POINTS="1494 1899 1495 1960 1495 1960 1494 1899"/>
                                </Shape>
                            </Glyph>
                            <Glyph ID="char_458" CONTENT="l" HPOS="1519" VPOS="1891" WIDTH="1" HEIGHT="70" GC="1.0">
                                <Shape>
                                    <Polygon POINTS="1519 1891 1520 1961 1520 1961 1519 1891"/>
                                </Shape>
                            </Glyph>
                        </String>
                        <SP ID="segment_151" HPOS="1562"  VPOS="1876" WIDTH="2"  HEIGHT="87"/>
                        <String ID="segment_152" CONTENT="est" HPOS="1575" VPOS="1878" WIDTH="52" HEIGHT="87" WC="0.9997">
                            <Shape>
                                <Polygon POINTS="1575 1878 1576 1963 1627 1965 1626 1890"/>
                            </Shape>
                            <Glyph ID="char_460" CONTENT="e" HPOS="1575" VPOS="1878" WIDTH="1" HEIGHT="85" GC="0.9999">
                                <Shape>
                                    <Polygon POINTS="1575 1878 1576 1963 1576 1963 1575 1878"/>
                                </Shape>
                            </Glyph>
                            <Glyph ID="char_461" CONTENT="s" HPOS="1600" VPOS="1884" WIDTH="1" HEIGHT="80" GC="0.9996">
                                <Shape>
                                    <Polygon POINTS="1600 1884 1601 1964 1601 1964 1600 1884"/>
                                </Shape>
                            </Glyph>
                            <Glyph ID="char_462" CONTENT="t" HPOS="1626" VPOS="1890" WIDTH="1" HEIGHT="75" GC="0.9996">
                                <Shape>
                                    <Polygon POINTS="1626 1890 1627 1965 1627 1965 1626 1890"/>
                                </Shape>
                            </Glyph>
                        </String>
                        <SP ID="segment_153" HPOS="1663"  VPOS="1895" WIDTH="7"  HEIGHT="59"/>
                        <String ID="segment_154" CONTENT="employé" HPOS="1688" VPOS="1876" WIDTH="215" HEIGHT="86" WC="0.9972">
                            <Shape>
                                <Polygon POINTS="1688 1895 1689 1956 1903 1953 1902 1893"/>
                            </Shape>
                            <Glyph ID="char_464" CONTENT="e" HPOS="1688" VPOS="1895" WIDTH="1" HEIGHT="61" GC="1.0">
                                <Shape>
                                    <Polygon POINTS="1688 1895 1689 1956 1689 1956 1688 1895"/>
                                </Shape>
                            </Glyph>
                            <Glyph ID="char_465" CONTENT="m" HPOS="1726" VPOS="1895" WIDTH="1" HEIGHT="67" GC="0.9999">
                                <Shape>
                                    <Polygon POINTS="1726 1895 1727 1962 1727 1962 1726 1895"/>
                                </Shape>
                            </Glyph>
                            <Glyph ID="char_466" CONTENT="p" HPOS="1757" VPOS="1895" WIDTH="1" HEIGHT="67" GC="0.9999">
                                <Shape>
                                    <Polygon POINTS="1757 1895 1758 1962 1758 1962 1757 1895"/>
                                </Shape>
                            </Glyph>
                            <Glyph ID="char_467" CONTENT="l" HPOS="1801" VPOS="1876" WIDTH="1" HEIGHT="83" GC="0.9873">
                                <Shape>
                                    <Polygon POINTS="1801 1876 1802 1959 1802 1959 1801 1876"/>
                                </Shape>
                            </Glyph>
                            <Glyph ID="char_468" CONTENT="o" HPOS="1820" VPOS="1876" WIDTH="1" HEIGHT="82" GC="0.9915">
                                <Shape>
                                    <Polygon POINTS="1820 1876 1821 1958 1821 1958 1820 1876"/>
                                </Shape>
                            </Glyph>
                            <Glyph ID="char_469" CONTENT="y" HPOS="1858" VPOS="1893" WIDTH="1" HEIGHT="63" GC="0.9999">
                                <Shape>
                                    <Polygon POINTS="1858 1893 1859 1956 1859 1956 1858 1893"/>
                                </Shape>
                            </Glyph>
                            <Glyph ID="char_470" CONTENT="e" HPOS="1889" VPOS="1893" WIDTH="1" HEIGHT="61" GC="0.9995">
                                <Shape>
                                    <Polygon POINTS="1889 1893 1890 1954 1890 1954 1889 1893"/>
                                </Shape>
                            </Glyph>
                            <Glyph ID="char_471" CONTENT="́" HPOS="1895" VPOS="1893" WIDTH="8" HEIGHT="60" GC="0.9998">
                                <Shape>
                                    <Polygon POINTS="1895 1893 1896 1953 1903 1953 1902 1893"/>
                                </Shape>
                            </Glyph>
                        </String>
                        <SP ID="segment_155" HPOS="1946"  VPOS="1879" WIDTH="1"  HEIGHT="71"/>
                        <String ID="segment_156" CONTENT="dans" HPOS="1963" VPOS="1869" WIDTH="103" HEIGHT="83" WC="0.9999">
                            <Shape>
                                <Polygon POINTS="1963 1869 1965 1949 2066 1952 2065 1879"/>
                            </Shape>
                            <Glyph ID="char_473" CONTENT="d" HPOS="1963" VPOS="1869" WIDTH="2" HEIGHT="80" GC="1.0">
                                <Shape>
                                    <Polygon POINTS="1963 1869 1965 1949 1965 1949 1963 1869"/>
                                </Shape>
                            </Glyph>
                            <Glyph ID="char_474" CONTENT="a" HPOS="1996" VPOS="1887" WIDTH="1" HEIGHT="60" GC="1.0">
                                <Shape>
                                    <Polygon POINTS="1996 1887 1997 1947 1997 1947 1996 1887"/>
                                </Shape>
                            </Glyph>
                            <Glyph ID="char_475" CONTENT="n" HPOS="2027" VPOS="1883" WIDTH="1" HEIGHT="69" GC="0.9999">
                                <Shape>
                                    <Polygon POINTS="2027 1883 2028 1952 2028 1952 2027 1883"/>
                                </Shape>
                            </Glyph>
                            <Glyph ID="char_476" CONTENT="s" HPOS="2065" VPOS="1879" WIDTH="1" HEIGHT="73" GC="0.9996">
                                <Shape>
                                    <Polygon POINTS="2065 1879 2066 1952 2066 1952 2065 1879"/>
                                </Shape>
                            </Glyph>
                        </String>
                    </TextLine>

                    <TextLine ID="32dd2d3e-e454-4897-9e34-69cd18ff2bb1" HPOS="531.0" VPOS="1963.0" WIDTH="1614.0" HEIGHT="125.0" BASELINE="533.0 2054.0 2145.0 2020.0" TAGREFS="LINE_TYPE_1">
                        <Shape>
                            <Polygon POINTS="533.0 2054.0 533.0 2072.0 617.0 2088.0 619.0 2088.0 736.0 2070.0 910.0 2082.0 912.0 2082.0 1220.0 2060.0 1284.0 2072.0 1286.0 2072.0 1288.0 2072.0 1326.0 2060.0 1477.0 2070.0 1479.0 2070.0 1481.0 2070.0 1517.0 2054.0 1585.0 2066.0 1587.0 2066.0 1685.0 2056.0 1746.0 2064.0 1748.0 2064.0 2145.0 2040.0 2145.0 2020.0 2137.0 1963.0 2049.0 1991.0 1985.0 1971.0 1983.0 1971.0 1981.0 1971.0 1878.0 1987.0 1760.0 1971.0 1758.0 1971.0 1756.0 1971.0 1701.0 2001.0 1609.0 2001.0 1591.0 1989.0 1589.0 1989.0 1587.0 1989.0 1585.0 1989.0 1481.0 2003.0 1446.0 1979.0 1444.0 1979.0 1442.0 1979.0 1382.0 1979.0 1380.0 1979.0 1306.0 1991.0 1276.0 1983.0 1274.0 1983.0 1272.0 1983.0 1270.0 1983.0 1268.0 1983.0 1226.0 2009.0 1043.0 1987.0 1041.0 1987.0 1039.0 1987.0 985.0 2016.0 744.0 2018.0 641.0 1997.0 639.0 1997.0 637.0 1997.0 585.0 2024.0 531.0 2024.0 533.0 2054.0"/>
                        </Shape>
                        <String ID="segment_157" CONTENT="cette" HPOS="558" VPOS="1997" WIDTH="111" HEIGHT="91" WC="0.9999">
                            <Shape>
                                <Polygon POINTS="558 2024 559 2077 669 2080 667 2002"/>
                            </Shape>
                            <Glyph ID="char_477" CONTENT="c" HPOS="558" VPOS="2024" WIDTH="1" HEIGHT="53" GC="1.0">
                                <Shape>
                                    <Polygon POINTS="558 2024 559 2077 559 2077 558 2024"/>
                                </Shape>
                            </Glyph>
                            <Glyph ID="char_478" CONTENT="e" HPOS="596" VPOS="2018" WIDTH="2" HEIGHT="66" GC="0.9999">
                                <Shape>
                                    <Polygon POINTS="596 2018 598 2084 598 2084 596 2018"/>
                                </Shape>
                            </Glyph>
                            <Glyph ID="char_479" CONTENT="t" HPOS="615" VPOS="2008" WIDTH="2" HEIGHT="80" GC="1.0">
                                <Shape>
                                    <Polygon POINTS="615 2008 617 2088 617 2088 615 2008"/>
                                </Shape>
                            </Glyph>
                            <Glyph ID="char_480" CONTENT="t" HPOS="641" VPOS="1997" WIDTH="2" HEIGHT="87" GC="1.0">
                                <Shape>
                                    <Polygon POINTS="641 1997 643 2084 643 2084 641 1997"/>
                                </Shape>
                            </Glyph>
                            <Glyph ID="char_481" CONTENT="e" HPOS="667" VPOS="2002" WIDTH="2" HEIGHT="78" GC="0.9998">
                                <Shape>
                                    <Polygon POINTS="667 2002 669 2080 669 2080 667 2002"/>
                                </Shape>
                            </Glyph>
                        </String>
                        <SP ID="segment_158" HPOS="705"  VPOS="2010" WIDTH="7"  HEIGHT="65"/>
                        <String ID="segment_159" CONTENT="même" HPOS="737" VPOS="2017" WIDTH="130" HEIGHT="62" WC="0.9967">
                            <Shape>
                                <Polygon POINTS="737 2017 738 2070 867 2079 865 2017"/>
                            </Shape>
                            <Glyph ID="char_483" CONTENT="m" HPOS="737" VPOS="2017" WIDTH="1" HEIGHT="53" GC="0.9999">
                                <Shape>
                                    <Polygon POINTS="737 2017 738 2070 738 2070 737 2017"/>
                                </Shape>
                            </Glyph>
                            <Glyph ID="char_484" CONTENT="e" HPOS="782" VPOS="2018" WIDTH="1" HEIGHT="55" GC="0.9979">
                                <Shape>
                                    <Polygon POINTS="782 2018 783 2073 783 2073 782 2018"/>
                                </Shape>
                            </Glyph>
                            <Glyph ID="char_485" CONTENT="̂" HPOS="788" VPOS="2018" WIDTH="8" HEIGHT="56" GC="0.9998">
                                <Shape>
                                    <Polygon POINTS="788 2018 789 2074 796 2074 795 2018"/>
                                </Shape>
                            </Glyph>
                            <Glyph ID="char_486" CONTENT="m" HPOS="827" VPOS="2017" WIDTH="2" HEIGHT="59" GC="0.9998">
                                <Shape>
                                    <Polygon POINTS="827 2017 829 2076 829 2076 827 2017"/>
                                </Shape>
                            </Glyph>
                            <Glyph ID="char_487" CONTENT="e" HPOS="865" VPOS="2017" WIDTH="2" HEIGHT="62" GC="0.9863">
                                <Shape>
                                    <Polygon POINTS="865 2017 867 2079 867 2079 865 2017"/>
                                </Shape>
                            </Glyph>
                        </String>
                        <SP ID="segment_160" HPOS="910"  VPOS="2017" WIDTH="9"  HEIGHT="65"/>
                        <String ID="segment_161" CONTENT="qualité" HPOS="929" VPOS="1989" WIDTH="187" HEIGHT="92" WC="0.9994">
                            <Shape>
                                <Polygon POINTS="929 2016 931 2081 1116 2067 1115 1996"/>
                            </Shape>
                            <Glyph ID="char_489" CONTENT="q" HPOS="929" VPOS="2016" WIDTH="2" HEIGHT="65" GC="0.996">
                                <Shape>
                                    <Polygon POINTS="929 2016 931 2081 931 2081 929 2016"/>
                                </Shape>
                            </Glyph>
                            <Glyph ID="char_490" CONTENT="u" HPOS="974" VPOS="2016" WIDTH="2" HEIGHT="61" GC="0.9999">
                                <Shape>
                                    <Polygon POINTS="974 2016 976 2077 976 2077 974 2016"/>
                                </Shape>
                            </Glyph>
                            <Glyph ID="char_491" CONTENT="a" HPOS="1000" VPOS="2008" WIDTH="2" HEIGHT="68" GC="0.9999">
                                <Shape>
                                    <Polygon POINTS="1000 2008 1002 2076 1002 2076 1000 2008"/>
                                </Shape>
                            </Glyph>
                            <Glyph ID="char_492" CONTENT="l" HPOS="1032" VPOS="1991" WIDTH="2" HEIGHT="82" GC="1.0">
                                <Shape>
                                    <Polygon POINTS="1032 1991 1034 2073 1034 2073 1032 1991"/>
                                </Shape>
                            </Glyph>
                            <Glyph ID="char_493" CONTENT="i" HPOS="1058" VPOS="1989" WIDTH="1" HEIGHT="82" GC="1.0">
                                <Shape>
                                    <Polygon POINTS="1058 1989 1059 2071 1059 2071 1058 1989"/>
                                </Shape>
                            </Glyph>
                            <Glyph ID="char_494" CONTENT="t" HPOS="1077" VPOS="1991" WIDTH="1" HEIGHT="79" GC="1.0">
                                <Shape>
                                    <Polygon POINTS="1077 1991 1078 2070 1078 2070 1077 1991"/>
                                </Shape>
                            </Glyph>
                            <Glyph ID="char_495" CONTENT="e" HPOS="1102" VPOS="1994" WIDTH="1" HEIGHT="74" GC="0.9997">
                                <Shape>
                                    <Polygon POINTS="1102 1994 1103 2068 1103 2068 1102 1994"/>
                                </Shape>
                            </Glyph>
                            <Glyph ID="char_496" CONTENT="́" HPOS="1109" VPOS="1995" WIDTH="7" HEIGHT="73" GC="1.0">
                                <Shape>
                                    <Polygon POINTS="1109 1995 1110 2068 1116 2067 1115 1996"/>
                                </Shape>
                            </Glyph>
                        </String>
                        <SP ID="segment_162" HPOS="1154"  VPOS="2000" WIDTH="7"  HEIGHT="65"/>
                        <String ID="segment_163" CONTENT="à" HPOS="1173" VPOS="2003" WIDTH="20" HEIGHT="60" WC="1.0">
                            <Shape>
                                <Polygon POINTS="1173 2003 1174 2063 1193 2062 1192 2005"/>
                            </Shape>
                            <Glyph ID="char_498" CONTENT="a" HPOS="1173" VPOS="2003" WIDTH="1" HEIGHT="60" GC="1.0">
                                <Shape>
                                    <Polygon POINTS="1173 2003 1174 2063 1174 2063 1173 2003"/>
                                </Shape>
                            </Glyph>
                            <Glyph ID="char_499" CONTENT="̀" HPOS="1186" VPOS="2004" WIDTH="7" HEIGHT="58" GC="1.0">
                                <Shape>
                                    <Polygon POINTS="1186 2004 1187 2062 1193 2062 1192 2005"/>
                                </Shape>
                            </Glyph>
                        </String>
                        <SP ID="segment_164" HPOS="1224"  VPOS="2006" WIDTH="8"  HEIGHT="56"/>
                        <String ID="segment_165" CONTENT="Orléans;" HPOS="1243" VPOS="1979" WIDTH="258" HEIGHT="90" WC="0.9323">
                            <Shape>
                                <Polygon POINTS="1243 1998 1244 2065 1501 2061 1500 2000"/>
                            </Shape>
                            <Glyph ID="char_501" CONTENT="O" HPOS="1243" VPOS="1998" WIDTH="1" HEIGHT="67" GC="0.7773">
                                <Shape>
                                    <Polygon POINTS="1243 1998 1244 2065 1244 2065 1243 1998"/>
                                </Shape>
                            </Glyph>
                            <Glyph ID="char_502" CONTENT="r" HPOS="1295" VPOS="1988" WIDTH="1" HEIGHT="81" GC="1.0">
                                <Shape>
                                    <Polygon POINTS="1295 1988 1296 2069 1296 2069 1295 1988"/>
                                </Shape>
                            </Glyph>
                            <Glyph ID="char_503" CONTENT="l" HPOS="1320" VPOS="1989" WIDTH="1" HEIGHT="72" GC="0.6411">
                                <Shape>
                                    <Polygon POINTS="1320 1989 1321 2061 1321 2061 1320 1989"/>
                                </Shape>
                            </Glyph>
                            <Glyph ID="char_504" CONTENT="e" HPOS="1346" VPOS="1985" WIDTH="1" HEIGHT="76" GC="1.0">
                                <Shape>
                                    <Polygon POINTS="1346 1985 1347 2061 1347 2061 1346 1985"/>
                                </Shape>
                            </Glyph>
                            <Glyph ID="char_505" CONTENT="́" HPOS="1352" VPOS="1984" WIDTH="1" HEIGHT="78" GC="0.9997">
                                <Shape>
                                    <Polygon POINTS="1352 1984 1353 2062 1353 2062 1352 1984"/>
                                </Shape>
                            </Glyph>
                            <Glyph ID="char_506" CONTENT="a" HPOS="1372" VPOS="1980" WIDTH="1" HEIGHT="83" GC="0.9999">
                                <Shape>
                                    <Polygon POINTS="1372 1980 1373 2063 1373 2063 1372 1980"/>
                                </Shape>
                            </Glyph>
                            <Glyph ID="char_507" CONTENT="n" HPOS="1404" VPOS="1979" WIDTH="1" HEIGHT="86" GC="0.973">
                                <Shape>
                                    <Polygon POINTS="1404 1979 1405 2065 1405 2065 1404 1979"/>
                                </Shape>
                            </Glyph>
                            <Glyph ID="char_508" CONTENT="s" HPOS="1436" VPOS="1979" WIDTH="1" HEIGHT="88" GC="0.9999">
                                <Shape>
                                    <Polygon POINTS="1436 1979 1437 2067 1437 2067 1436 1979"/>
                                </Shape>
                            </Glyph>
                            <Glyph ID="char_509" CONTENT=";" HPOS="1500" VPOS="2000" WIDTH="1" HEIGHT="61" GC="1.0">
                                <Shape>
                                    <Polygon POINTS="1500 2000 1501 2061 1501 2061 1500 2000"/>
                                </Shape>
                            </Glyph>
                        </String>
                        <SP ID="segment_166" HPOS="1532"  VPOS="1995" WIDTH="7"  HEIGHT="63"/>
                        <String ID="segment_167" CONTENT="ce" HPOS="1545" VPOS="1990" WIDTH="33" HEIGHT="75" WC="0.7911">
                            <Shape>
                                <Polygon POINTS="1545 1994 1546 2059 1578 2065 1577 1990"/>
                            </Shape>
                            <Glyph ID="char_511" CONTENT="c" HPOS="1545" VPOS="1994" WIDTH="1" HEIGHT="65" GC="0.9998">
                                <Shape>
                                    <Polygon POINTS="1545 1994 1546 2059 1546 2059 1545 1994"/>
                                </Shape>
                            </Glyph>
                            <Glyph ID="char_512" CONTENT="e" HPOS="1577" VPOS="1990" WIDTH="1" HEIGHT="75" GC="0.5824">
                                <Shape>
                                    <Polygon POINTS="1577 1990 1578 2065 1578 2065 1577 1990"/>
                                </Shape>
                            </Glyph>
                        </String>
                        <SP ID="segment_168" HPOS="1609"  VPOS="2001" WIDTH="7"  HEIGHT="63"/>
                        <String ID="segment_169" CONTENT="qui" HPOS="1628" VPOS="2001" WIDTH="65" HEIGHT="61" WC="0.996">
                            <Shape>
                                <Polygon POINTS="1628 2001 1629 2062 1693 2057 1692 2001"/>
                            </Shape>
                            <Glyph ID="char_514" CONTENT="q" HPOS="1628" VPOS="2001" WIDTH="1" HEIGHT="61" GC="0.9999">
                                <Shape>
                                    <Polygon POINTS="1628 2001 1629 2062 1629 2062 1628 2001"/>
                                </Shape>
                            </Glyph>
                            <Glyph ID="char_515" CONTENT="u" HPOS="1673" VPOS="2001" WIDTH="1" HEIGHT="56" GC="0.9934">
                                <Shape>
                                    <Polygon POINTS="1673 2001 1674 2057 1674 2057 1673 2001"/>
                                </Shape>
                            </Glyph>
                            <Glyph ID="char_516" CONTENT="i" HPOS="1692" VPOS="2001" WIDTH="1" HEIGHT="56" GC="0.9948">
                                <Shape>
                                    <Polygon POINTS="1692 2001 1693 2057 1693 2057 1692 2001"/>
                                </Shape>
                            </Glyph>
                        </String>
                        <SP ID="segment_170" HPOS="1718"  VPOS="1989" WIDTH="7"  HEIGHT="72"/>
                        <String ID="segment_171" CONTENT="le" HPOS="1737" VPOS="1972" WIDTH="33" HEIGHT="91" WC="0.9868">
                            <Shape>
                                <Polygon POINTS="1737 1982 1738 2063 1770 2063 1769 1972"/>
                            </Shape>
                            <Glyph ID="char_518" CONTENT="l" HPOS="1737" VPOS="1982" WIDTH="1" HEIGHT="81" GC="0.9977">
                                <Shape>
                                    <Polygon POINTS="1737 1982 1738 2063 1738 2063 1737 1982"/>
                                </Shape>
                            </Glyph>
                            <Glyph ID="char_519" CONTENT="e" HPOS="1769" VPOS="1972" WIDTH="1" HEIGHT="91" GC="0.9759">
                                <Shape>
                                    <Polygon POINTS="1769 1972 1770 2063 1770 2063 1769 1972"/>
                                </Shape>
                            </Glyph>
                        </String>
                        <SP ID="segment_172" HPOS="1814"  VPOS="1978" WIDTH="7"  HEIGHT="82"/>
                        <String ID="segment_173" CONTENT="mettra" HPOS="1852" VPOS="1971" WIDTH="136" HEIGHT="87" WC="0.9989">
                            <Shape>
                                <Polygon POINTS="1852 1983 1853 2058 1988 2049 1987 1971"/>
                            </Shape>
                            <Glyph ID="char_521" CONTENT="m" HPOS="1852" VPOS="1983" WIDTH="1" HEIGHT="75" GC="0.9978">
                                <Shape>
                                    <Polygon POINTS="1852 1983 1853 2058 1853 2058 1852 1983"/>
                                </Shape>
                            </Glyph>
                            <Glyph ID="char_522" CONTENT="e" HPOS="1897" VPOS="1984" WIDTH="1" HEIGHT="71" GC="0.9989">
                                <Shape>
                                    <Polygon POINTS="1897 1984 1898 2055 1898 2055 1897 1984"/>
                                </Shape>
                            </Glyph>
                            <Glyph ID="char_523" CONTENT="t" HPOS="1916" VPOS="1981" WIDTH="1" HEIGHT="73" GC="0.9984">
                                <Shape>
                                    <Polygon POINTS="1916 1981 1917 2054 1917 2054 1916 1981"/>
                                </Shape>
                            </Glyph>
                            <Glyph ID="char_524" CONTENT="t" HPOS="1936" VPOS="1978" WIDTH="1" HEIGHT="75" GC="0.9986">
                                <Shape>
                                    <Polygon POINTS="1936 1978 1937 2053 1937 2053 1936 1978"/>
                                </Shape>
                            </Glyph>
                            <Glyph ID="char_525" CONTENT="r" HPOS="1955" VPOS="1975" WIDTH="1" HEIGHT="76" GC="0.9994">
                                <Shape>
                                    <Polygon POINTS="1955 1975 1956 2051 1956 2051 1955 1975"/>
                                </Shape>
                            </Glyph>
                            <Glyph ID="char_526" CONTENT="a" HPOS="1987" VPOS="1971" WIDTH="1" HEIGHT="78" GC="0.9999">
                                <Shape>
                                    <Polygon POINTS="1987 1971 1988 2049 1988 2049 1987 1971"/>
                                </Shape>
                            </Glyph>
                        </String>
                        <SP ID="segment_174" HPOS="2051"  VPOS="1988" WIDTH="7"  HEIGHT="58"/>
                        <String ID="segment_175" CONTENT="a" HPOS="2070" VPOS="1984" WIDTH="1" HEIGHT="60" WC="0.9999">
                            <Shape>
                                <Polygon POINTS="2070 1984 2071 2044 2071 2044 2070 1984"/>
                            </Shape>
                            <Glyph ID="char_528" CONTENT="a" HPOS="2070" VPOS="1984" WIDTH="1" HEIGHT="60" GC="0.9999">
                                <Shape>
                                    <Polygon POINTS="2070 1984 2071 2044 2071 2044 2070 1984"/>
                                </Shape>
                            </Glyph>
                        </String>
                    </TextLine>

                    <TextLine ID="acdb4c91-ec6b-4b1b-b86f-5bf7c9ea88d8" HPOS="521.0" VPOS="2062.0" WIDTH="1612.0" HEIGHT="120.0" BASELINE="523.0 2160.0 2133.0 2132.0" TAGREFS="LINE_TYPE_1">
                        <Shape>
                            <Polygon POINTS="523.0 2160.0 523.0 2182.0 770.0 2182.0 826.0 2170.0 936.0 2182.0 938.0 2182.0 940.0 2182.0 973.0 2168.0 1053.0 2176.0 1055.0 2176.0 1057.0 2176.0 1113.0 2162.0 1177.0 2176.0 1179.0 2176.0 1238.0 2166.0 1290.0 2176.0 1292.0 2176.0 1294.0 2176.0 1362.0 2158.0 1440.0 2174.0 1442.0 2174.0 1525.0 2172.0 1527.0 2172.0 1593.0 2152.0 1844.0 2152.0 1898.0 2166.0 1900.0 2166.0 1902.0 2166.0 1904.0 2166.0 1957.0 2148.0 2079.0 2160.0 2081.0 2160.0 2131.0 2150.0 2133.0 2132.0 2131.0 2092.0 2049.0 2062.0 2047.0 2062.0 2017.0 2062.0 2015.0 2062.0 2013.0 2062.0 2011.0 2062.0 1967.0 2096.0 1884.0 2096.0 1822.0 2090.0 1800.0 2072.0 1798.0 2072.0 1796.0 2072.0 1657.0 2068.0 1655.0 2068.0 1653.0 2068.0 1587.0 2088.0 1555.0 2072.0 1553.0 2072.0 1473.0 2072.0 1471.0 2072.0 1469.0 2072.0 1410.0 2102.0 1364.0 2074.0 1362.0 2074.0 1360.0 2074.0 1312.0 2074.0 1310.0 2074.0 1280.0 2076.0 1278.0 2076.0 1276.0 2076.0 1238.0 2106.0 1157.0 2078.0 1155.0 2078.0 1153.0 2078.0 1151.0 2078.0 1149.0 2078.0 1101.0 2108.0 1053.0 2090.0 1051.0 2090.0 1049.0 2090.0 956.0 2094.0 936.0 2082.0 934.0 2082.0 932.0 2082.0 930.0 2082.0 928.0 2082.0 926.0 2082.0 876.0 2114.0 848.0 2114.0 812.0 2092.0 810.0 2092.0 808.0 2092.0 806.0 2092.0 804.0 2092.0 802.0 2092.0 766.0 2116.0 521.0 2118.0 523.0 2160.0"/>
                        </Shape>
                        <String ID="segment_176" CONTENT="même" HPOS="585" VPOS="2116" WIDTH="134" HEIGHT="66" WC="0.9998">
                            <Shape>
                                <Polygon POINTS="585 2117 586 2182 719 2182 718 2116"/>
                            </Shape>
                            <Glyph ID="char_529" CONTENT="m" HPOS="585" VPOS="2117" WIDTH="1" HEIGHT="65" GC="0.9997">
                                <Shape>
                                    <Polygon POINTS="585 2117 586 2182 586 2182 585 2117"/>
                                </Shape>
                            </Glyph>
                            <Glyph ID="char_530" CONTENT="e" HPOS="627" VPOS="2117" WIDTH="1" HEIGHT="65" GC="0.9999">
                                <Shape>
                                    <Polygon POINTS="627 2117 628 2182 628 2182 627 2117"/>
                                </Shape>
                            </Glyph>
                            <Glyph ID="char_531" CONTENT="̂" HPOS="634" VPOS="2117" WIDTH="8" HEIGHT="65" GC="1.0">
                                <Shape>
                                    <Polygon POINTS="634 2117 635 2182 642 2182 641 2117"/>
                                </Shape>
                            </Glyph>
                            <Glyph ID="char_532" CONTENT="m" HPOS="669" VPOS="2117" WIDTH="1" HEIGHT="65" GC="0.9999">
                                <Shape>
                                    <Polygon POINTS="669 2117 670 2182 670 2182 669 2117"/>
                                </Shape>
                            </Glyph>
                            <Glyph ID="char_533" CONTENT="e" HPOS="718" VPOS="2116" WIDTH="1" HEIGHT="66" GC="0.9993">
                                <Shape>
                                    <Polygon POINTS="718 2116 719 2182 719 2182 718 2116"/>
                                </Shape>
                            </Glyph>
                        </String>
                        <SP ID="segment_177" HPOS="781"  VPOS="2101" WIDTH="9"  HEIGHT="78"/>
                        <String ID="segment_178" CONTENT="d&#39;obtenir" HPOS="803" VPOS="2090" WIDTH="260" HEIGHT="89" WC="0.9998">
                            <Shape>
                                <Polygon POINTS="803 2092 804 2175 1063 2174 1062 2093"/>
                            </Shape>
                            <Glyph ID="char_535" CONTENT="d" HPOS="803" VPOS="2092" WIDTH="1" HEIGHT="83" GC="1.0">
                                <Shape>
                                    <Polygon POINTS="803 2092 804 2175 804 2175 803 2092"/>
                                </Shape>
                            </Glyph>
                            <Glyph ID="char_536" CONTENT="&#39;" HPOS="852" VPOS="2114" WIDTH="8" HEIGHT="60" GC="1.0">
                                <Shape>
                                    <Polygon POINTS="852 2114 853 2173 860 2174 859 2114"/>
                                </Shape>
                            </Glyph>
                            <Glyph ID="char_537" CONTENT="o" HPOS="880" VPOS="2111" WIDTH="1" HEIGHT="65" GC="0.9999">
                                <Shape>
                                    <Polygon POINTS="880 2111 881 2176 881 2176 880 2111"/>
                                </Shape>
                            </Glyph>
                            <Glyph ID="char_538" CONTENT="b" HPOS="908" VPOS="2094" WIDTH="1" HEIGHT="85" GC="0.9998">
                                <Shape>
                                    <Polygon POINTS="908 2094 909 2179 909 2179 908 2094"/>
                                </Shape>
                            </Glyph>
                            <Glyph ID="char_539" CONTENT="t" HPOS="950" VPOS="2090" WIDTH="1" HEIGHT="87" GC="1.0">
                                <Shape>
                                    <Polygon POINTS="950 2090 951 2177 951 2177 950 2090"/>
                                </Shape>
                            </Glyph>
                            <Glyph ID="char_540" CONTENT="e" HPOS="971" VPOS="2093" WIDTH="1" HEIGHT="75" GC="0.9995">
                                <Shape>
                                    <Polygon POINTS="971 2093 972 2168 972 2168 971 2093"/>
                                </Shape>
                            </Glyph>
                            <Glyph ID="char_541" CONTENT="n" HPOS="1006" VPOS="2092" WIDTH="1" HEIGHT="79" GC="1.0">
                                <Shape>
                                    <Polygon POINTS="1006 2092 1007 2171 1007 2171 1006 2092"/>
                                </Shape>
                            </Glyph>
                            <Glyph ID="char_542" CONTENT="i" HPOS="1034" VPOS="2091" WIDTH="1" HEIGHT="83" GC="0.9997">
                                <Shape>
                                    <Polygon POINTS="1034 2091 1035 2174 1035 2174 1034 2091"/>
                                </Shape>
                            </Glyph>
                            <Glyph ID="char_543" CONTENT="r" HPOS="1062" VPOS="2093" WIDTH="1" HEIGHT="81" GC="0.9997">
                                <Shape>
                                    <Polygon POINTS="1062 2093 1063 2174 1063 2174 1062 2093"/>
                                </Shape>
                            </Glyph>
                        </String>
                        <SP ID="segment_179" HPOS="1118"  VPOS="2093" WIDTH="8"  HEIGHT="72"/>
                        <String ID="segment_180" CONTENT="la" HPOS="1139" VPOS="2084" WIDTH="36" HEIGHT="92" WC="0.9956">
                            <Shape>
                                <Polygon POINTS="1139 2084 1140 2168 1175 2176 1174 2084"/>
                            </Shape>
                            <Glyph ID="char_545" CONTENT="l" HPOS="1139" VPOS="2084" WIDTH="1" HEIGHT="84" GC="0.9979">
                                <Shape>
                                    <Polygon POINTS="1139 2084 1140 2168 1140 2168 1139 2084"/>
                                </Shape>
                            </Glyph>
                            <Glyph ID="char_546" CONTENT="a" HPOS="1174" VPOS="2084" WIDTH="1" HEIGHT="92" GC="0.9933">
                                <Shape>
                                    <Polygon POINTS="1174 2084 1175 2176 1175 2176 1174 2084"/>
                                </Shape>
                            </Glyph>
                        </String>
                        <SP ID="segment_181" HPOS="1223"  VPOS="2101" WIDTH="8"  HEIGHT="67"/>
                        <String ID="segment_182" CONTENT="Décoration" HPOS="1244" VPOS="2072" WIDTH="282" HEIGHT="102" WC="0.9997">
                            <Shape>
                                <Polygon POINTS="1244 2101 1245 2167 1526 2172 1525 2072"/>
                            </Shape>
                            <Glyph ID="char_548" CONTENT="D" HPOS="1244" VPOS="2101" WIDTH="1" HEIGHT="66" GC="0.999">
                                <Shape>
                                    <Polygon POINTS="1244 2101 1245 2167 1245 2167 1244 2101"/>
                                </Shape>
                            </Glyph>
                            <Glyph ID="char_549" CONTENT="e" HPOS="1307" VPOS="2074" WIDTH="1" HEIGHT="98" GC="1.0">
                                <Shape>
                                    <Polygon POINTS="1307 2074 1308 2172 1308 2172 1307 2074"/>
                                </Shape>
                            </Glyph>
                            <Glyph ID="char_550" CONTENT="́" HPOS="1314" VPOS="2074" WIDTH="1" HEIGHT="96" GC="1.0">
                                <Shape>
                                    <Polygon POINTS="1314 2074 1315 2170 1315 2170 1314 2074"/>
                                </Shape>
                            </Glyph>
                            <Glyph ID="char_551" CONTENT="c" HPOS="1328" VPOS="2074" WIDTH="1" HEIGHT="93" GC="1.0">
                                <Shape>
                                    <Polygon POINTS="1328 2074 1329 2167 1329 2167 1328 2074"/>
                                </Shape>
                            </Glyph>
                            <Glyph ID="char_552" CONTENT="o" HPOS="1357" VPOS="2074" WIDTH="1" HEIGHT="85" GC="1.0">
                                <Shape>
                                    <Polygon POINTS="1357 2074 1358 2159 1358 2159 1357 2074"/>
                                </Shape>
                            </Glyph>
                            <Glyph ID="char_553" CONTENT="r" HPOS="1385" VPOS="2087" WIDTH="1" HEIGHT="76" GC="0.9988">
                                <Shape>
                                    <Polygon POINTS="1385 2087 1386 2163 1386 2163 1385 2087"/>
                                </Shape>
                            </Glyph>
                            <Glyph ID="char_554" CONTENT="a" HPOS="1413" VPOS="2100" WIDTH="1" HEIGHT="69" GC="0.9997">
                                <Shape>
                                    <Polygon POINTS="1413 2100 1414 2169 1414 2169 1413 2100"/>
                                </Shape>
                            </Glyph>
                            <Glyph ID="char_555" CONTENT="t" HPOS="1448" VPOS="2083" WIDTH="1" HEIGHT="91" GC="1.0">
                                <Shape>
                                    <Polygon POINTS="1448 2083 1449 2174 1449 2174 1448 2083"/>
                                </Shape>
                            </Glyph>
                            <Glyph ID="char_556" CONTENT="i" HPOS="1462" VPOS="2072" WIDTH="8" HEIGHT="101" GC="1.0">
                                <Shape>
                                    <Polygon POINTS="1462 2076 1463 2173 1470 2173 1469 2072"/>
                                </Shape>
                            </Glyph>
                            <Glyph ID="char_557" CONTENT="o" HPOS="1483" VPOS="2072" WIDTH="1" HEIGHT="101" GC="0.9995">
                                <Shape>
                                    <Polygon POINTS="1483 2072 1484 2173 1484 2173 1483 2072"/>
                                </Shape>
                            </Glyph>
                            <Glyph ID="char_558" CONTENT="n" HPOS="1525" VPOS="2072" WIDTH="1" HEIGHT="100" GC="0.9999">
                                <Shape>
                                    <Polygon POINTS="1525 2072 1526 2172 1526 2172 1525 2072"/>
                                </Shape>
                            </Glyph>
                        </String>
                        <SP ID="segment_183" HPOS="1553"  VPOS="2072" WIDTH="8"  HEIGHT="92"/>
                        <String ID="segment_184" CONTENT="Militaire" HPOS="1574" VPOS="2068" WIDTH="260" HEIGHT="89" WC="0.9688">
                            <Shape>
                                <Polygon POINTS="1574 2081 1575 2157 1834 2152 1833 2091"/>
                            </Shape>
                            <Glyph ID="char_560" CONTENT="M" HPOS="1574" VPOS="2081" WIDTH="1" HEIGHT="76" GC="1.0">
                                <Shape>
                                    <Polygon POINTS="1574 2081 1575 2157 1575 2157 1574 2081"/>
                                </Shape>
                            </Glyph>
                            <Glyph ID="char_561" CONTENT="i" HPOS="1665" VPOS="2068" WIDTH="1" HEIGHT="84" GC="1.0">
                                <Shape>
                                    <Polygon POINTS="1665 2068 1666 2152 1666 2152 1665 2068"/>
                                </Shape>
                            </Glyph>
                            <Glyph ID="char_562" CONTENT="l" HPOS="1693" VPOS="2069" WIDTH="1" HEIGHT="83" GC="0.9996">
                                <Shape>
                                    <Polygon POINTS="1693 2069 1694 2152 1694 2152 1693 2069"/>
                                </Shape>
                            </Glyph>
                            <Glyph ID="char_563" CONTENT="i" HPOS="1714" VPOS="2070" WIDTH="1" HEIGHT="82" GC="0.9989">
                                <Shape>
                                    <Polygon POINTS="1714 2070 1715 2152 1715 2152 1714 2070"/>
                                </Shape>
                            </Glyph>
                            <Glyph ID="char_564" CONTENT="t" HPOS="1735" VPOS="2070" WIDTH="1" HEIGHT="82" GC="0.9992">
                                <Shape>
                                    <Polygon POINTS="1735 2070 1736 2152 1736 2152 1735 2070"/>
                                </Shape>
                            </Glyph>
                            <Glyph ID="char_565" CONTENT="a" HPOS="1763" VPOS="2071" WIDTH="1" HEIGHT="81" GC="0.9409">
                                <Shape>
                                    <Polygon POINTS="1763 2071 1764 2152 1764 2152 1763 2071"/>
                                </Shape>
                            </Glyph>
                            <Glyph ID="char_566" CONTENT="i" HPOS="1791" VPOS="2072" WIDTH="1" HEIGHT="80" GC="0.9546">
                                <Shape>
                                    <Polygon POINTS="1791 2072 1792 2152 1792 2152 1791 2072"/>
                                </Shape>
                            </Glyph>
                            <Glyph ID="char_567" CONTENT="r" HPOS="1812" VPOS="2082" WIDTH="1" HEIGHT="70" GC="0.8535">
                                <Shape>
                                    <Polygon POINTS="1812 2082 1813 2152 1813 2152 1812 2082"/>
                                </Shape>
                            </Glyph>
                            <Glyph ID="char_568" CONTENT="e" HPOS="1833" VPOS="2091" WIDTH="1" HEIGHT="61" GC="0.9724">
                                <Shape>
                                    <Polygon POINTS="1833 2091 1834 2152 1834 2152 1833 2091"/>
                                </Shape>
                            </Glyph>
                        </String>
                        <SP ID="segment_185" HPOS="1883"  VPOS="2096" WIDTH="8"  HEIGHT="68"/>
                        <String ID="segment_186" CONTENT="qu&#39;il" HPOS="1904" VPOS="2069" WIDTH="99" HEIGHT="97" WC="0.9991">
                            <Shape>
                                <Polygon POINTS="1904 2096 1905 2166 2003 2153 2002 2069"/>
                            </Shape>
                            <Glyph ID="char_570" CONTENT="q" HPOS="1904" VPOS="2096" WIDTH="1" HEIGHT="70" GC="0.9988">
                                <Shape>
                                    <Polygon POINTS="1904 2096 1905 2166 1905 2166 1904 2096"/>
                                </Shape>
                            </Glyph>
                            <Glyph ID="char_571" CONTENT="u" HPOS="1953" VPOS="2096" WIDTH="1" HEIGHT="53" GC="0.9972">
                                <Shape>
                                    <Polygon POINTS="1953 2096 1954 2149 1954 2149 1953 2096"/>
                                </Shape>
                            </Glyph>
                            <Glyph ID="char_572" CONTENT="&#39;" HPOS="1967" VPOS="2091" WIDTH="8" HEIGHT="59" GC="0.9999">
                                <Shape>
                                    <Polygon POINTS="1967 2096 1968 2149 1975 2150 1974 2091"/>
                                </Shape>
                            </Glyph>
                            <Glyph ID="char_573" CONTENT="i" HPOS="1981" VPOS="2085" WIDTH="1" HEIGHT="65" GC="0.9997">
                                <Shape>
                                    <Polygon POINTS="1981 2085 1982 2150 1982 2150 1981 2085"/>
                                </Shape>
                            </Glyph>
                            <Glyph ID="char_574" CONTENT="l" HPOS="2002" VPOS="2069" WIDTH="1" HEIGHT="84" GC="0.9999">
                                <Shape>
                                    <Polygon POINTS="2002 2069 2003 2153 2003 2153 2002 2069"/>
                                </Shape>
                            </Glyph>
                        </String>
                        <SP ID="segment_187" HPOS="2037"  VPOS="2062" WIDTH="15"  HEIGHT="95"/>
                        <String ID="segment_188" CONTENT="se" HPOS="2065" VPOS="2068" WIDTH="36" HEIGHT="91" WC="0.9997">
                            <Shape>
                                <Polygon POINTS="2065 2068 2066 2159 2101 2156 2100 2081"/>
                            </Shape>
                            <Glyph ID="char_576" CONTENT="s" HPOS="2065" VPOS="2068" WIDTH="1" HEIGHT="91" GC="0.9997">
                                <Shape>
                                    <Polygon POINTS="2065 2068 2066 2159 2066 2159 2065 2068"/>
                                </Shape>
                            </Glyph>
                            <Glyph ID="char_577" CONTENT="e" HPOS="2100" VPOS="2081" WIDTH="1" HEIGHT="75" GC="0.9997">
                                <Shape>
                                    <Polygon POINTS="2100 2081 2101 2156 2101 2156 2100 2081"/>
                                </Shape>
                            </Glyph>
                        </String>
                    </TextLine>

                    <TextLine ID="21e95566-0f72-4807-aba3-2b847064e8ae" HPOS="541.0" VPOS="2164.0" WIDTH="1560.0" HEIGHT="115.0" BASELINE="543.0 2253.0 2101.0 2224.0" TAGREFS="LINE_TYPE_1">
                        <Shape>
                            <Polygon POINTS="543.0 2253.0 543.0 2271.0 746.0 2279.0 748.0 2279.0 750.0 2279.0 798.0 2267.0 948.0 2275.0 950.0 2275.0 952.0 2275.0 954.0 2275.0 968.0 2263.0 1057.0 2271.0 1059.0 2271.0 1143.0 2259.0 1193.0 2269.0 1195.0 2269.0 1197.0 2269.0 1220.0 2257.0 1430.0 2263.0 1432.0 2263.0 1501.0 2251.0 1525.0 2263.0 1527.0 2263.0 1529.0 2263.0 1531.0 2263.0 1571.0 2251.0 1649.0 2259.0 1651.0 2259.0 1726.0 2247.0 1949.0 2255.0 1951.0 2255.0 2101.0 2243.0 2101.0 2224.0 2099.0 2190.0 2027.0 2164.0 2025.0 2164.0 1995.0 2164.0 1993.0 2164.0 1991.0 2164.0 1989.0 2164.0 1963.0 2186.0 1928.0 2166.0 1926.0 2166.0 1924.0 2166.0 1922.0 2166.0 1864.0 2190.0 1824.0 2168.0 1822.0 2168.0 1820.0 2168.0 1746.0 2184.0 1699.0 2170.0 1697.0 2170.0 1695.0 2170.0 1613.0 2172.0 1611.0 2172.0 1609.0 2172.0 1575.0 2200.0 1539.0 2200.0 1511.0 2178.0 1509.0 2178.0 1507.0 2178.0 1378.0 2176.0 1376.0 2176.0 1374.0 2176.0 1330.0 2200.0 1232.0 2204.0 1193.0 2182.0 1191.0 2182.0 1189.0 2182.0 1187.0 2182.0 1185.0 2182.0 1153.0 2206.0 1117.0 2182.0 1115.0 2182.0 1113.0 2182.0 1061.0 2182.0 1059.0 2182.0 938.0 2212.0 862.0 2212.0 826.0 2188.0 824.0 2188.0 822.0 2188.0 820.0 2188.0 818.0 2188.0 746.0 2216.0 541.0 2218.0 543.0 2253.0"/>
                        </Shape>
                        <String ID="segment_189" CONTENT="croit" HPOS="561" VPOS="2217" WIDTH="125" HEIGHT="60" WC="0.9997">
                            <Shape>
                                <Polygon POINTS="561 2218 562 2272 686 2277 685 2217"/>
                            </Shape>
                            <Glyph ID="char_578" CONTENT="c" HPOS="561" VPOS="2218" WIDTH="1" HEIGHT="54" GC="0.9992">
                                <Shape>
                                    <Polygon POINTS="561 2218 562 2272 562 2272 561 2218"/>
                                </Shape>
                            </Glyph>
                            <Glyph ID="char_579" CONTENT="r" HPOS="592" VPOS="2217" WIDTH="1" HEIGHT="56" GC="1.0">
                                <Shape>
                                    <Polygon POINTS="592 2217 593 2273 593 2273 592 2217"/>
                                </Shape>
                            </Glyph>
                            <Glyph ID="char_580" CONTENT="o" HPOS="623" VPOS="2217" WIDTH="1" HEIGHT="57" GC="0.9996">
                                <Shape>
                                    <Polygon POINTS="623 2217 624 2274 624 2274 623 2217"/>
                                </Shape>
                            </Glyph>
                            <Glyph ID="char_581" CONTENT="i" HPOS="648" VPOS="2217" WIDTH="1" HEIGHT="58" GC="1.0">
                                <Shape>
                                    <Polygon POINTS="648 2217 649 2275 649 2275 648 2217"/>
                                </Shape>
                            </Glyph>
                            <Glyph ID="char_582" CONTENT="t" HPOS="685" VPOS="2217" WIDTH="1" HEIGHT="60" GC="0.9996">
                                <Shape>
                                    <Polygon POINTS="685 2217 686 2277 686 2277 685 2217"/>
                                </Shape>
                            </Glyph>
                        </String>
                        <SP ID="segment_190" HPOS="747"  VPOS="2213" WIDTH="7"  HEIGHT="66"/>
                        <String ID="segment_191" CONTENT="susceptible" HPOS="766" VPOS="2182" WIDTH="331" HEIGHT="93" WC="0.9998">
                            <Shape>
                                <Polygon POINTS="766 2208 767 2275 1097 2266 1096 2182"/>
                            </Shape>
                            <Glyph ID="char_584" CONTENT="s" HPOS="766" VPOS="2208" WIDTH="1" HEIGHT="67" GC="0.9993">
                                <Shape>
                                    <Polygon POINTS="766 2208 767 2275 767 2275 766 2208"/>
                                </Shape>
                            </Glyph>
                            <Glyph ID="char_585" CONTENT="u" HPOS="841" VPOS="2198" WIDTH="1" HEIGHT="71" GC="0.9998">
                                <Shape>
                                    <Polygon POINTS="841 2198 842 2269 842 2269 841 2198"/>
                                </Shape>
                            </Glyph>
                            <Glyph ID="char_586" CONTENT="s" HPOS="865" VPOS="2212" WIDTH="1" HEIGHT="59" GC="1.0">
                                <Shape>
                                    <Polygon POINTS="865 2212 866 2271 866 2271 865 2212"/>
                                </Shape>
                            </Glyph>
                            <Glyph ID="char_587" CONTENT="c" HPOS="897" VPOS="2212" WIDTH="1" HEIGHT="60" GC="1.0">
                                <Shape>
                                    <Polygon POINTS="897 2212 898 2272 898 2272 897 2212"/>
                                </Shape>
                            </Glyph>
                            <Glyph ID="char_588" CONTENT="e" HPOS="921" VPOS="2212" WIDTH="1" HEIGHT="62" GC="0.9998">
                                <Shape>
                                    <Polygon POINTS="921 2212 922 2274 922 2274 921 2212"/>
                                </Shape>
                            </Glyph>
                            <Glyph ID="char_589" CONTENT="p" HPOS="946" VPOS="2210" WIDTH="1" HEIGHT="65" GC="1.0">
                                <Shape>
                                    <Polygon POINTS="946 2210 947 2275 947 2275 946 2210"/>
                                </Shape>
                            </Glyph>
                            <Glyph ID="char_590" CONTENT="t" HPOS="990" VPOS="2199" WIDTH="1" HEIGHT="66" GC="0.9993">
                                <Shape>
                                    <Polygon POINTS="990 2199 991 2265 991 2265 990 2199"/>
                                </Shape>
                            </Glyph>
                            <Glyph ID="char_591" CONTENT="i" HPOS="1008" VPOS="2195" WIDTH="1" HEIGHT="72" GC="0.9999">
                                <Shape>
                                    <Polygon POINTS="1008 2195 1009 2267 1009 2267 1008 2195"/>
                                </Shape>
                            </Glyph>
                            <Glyph ID="char_592" CONTENT="b" HPOS="1033" VPOS="2188" WIDTH="1" HEIGHT="81" GC="0.9999">
                                <Shape>
                                    <Polygon POINTS="1033 2188 1034 2269 1034 2269 1033 2188"/>
                                </Shape>
                            </Glyph>
                            <Glyph ID="char_593" CONTENT="l" HPOS="1071" VPOS="2182" WIDTH="1" HEIGHT="87" GC="1.0">
                                <Shape>
                                    <Polygon POINTS="1071 2182 1072 2269 1072 2269 1071 2182"/>
                                </Shape>
                            </Glyph>
                            <Glyph ID="char_594" CONTENT="e" HPOS="1096" VPOS="2182" WIDTH="1" HEIGHT="84" GC="0.9999">
                                <Shape>
                                    <Polygon POINTS="1096 2182 1097 2266 1097 2266 1096 2182"/>
                                </Shape>
                            </Glyph>
                        </String>
                        <SP ID="segment_192" HPOS="1170"  VPOS="2189" WIDTH="7"  HEIGHT="77"/>
                        <String ID="segment_193" CONTENT="de" HPOS="1189" VPOS="2182" WIDTH="38" HEIGHT="86" WC="1.0">
                            <Shape>
                                <Polygon POINTS="1189 2182 1190 2268 1227 2257 1226 2201"/>
                            </Shape>
                            <Glyph ID="char_596" CONTENT="d" HPOS="1189" VPOS="2182" WIDTH="1" HEIGHT="86" GC="1.0">
                                <Shape>
                                    <Polygon POINTS="1189 2182 1190 2268 1190 2268 1189 2182"/>
                                </Shape>
                            </Glyph>
                            <Glyph ID="char_597" CONTENT="e" HPOS="1226" VPOS="2201" WIDTH="1" HEIGHT="56" GC="1.0">
                                <Shape>
                                    <Polygon POINTS="1226 2201 1227 2257 1227 2257 1226 2201"/>
                                </Shape>
                            </Glyph>
                        </String>
                        <SP ID="segment_194" HPOS="1251"  VPOS="2203" WIDTH="7"  HEIGHT="55"/>
                        <String ID="segment_195" CONTENT="méreter," HPOS="1288" VPOS="2176" WIDTH="250" HEIGHT="87" WC="0.9995">
                            <Shape>
                                <Polygon POINTS="1288 2202 1289 2259 1538 2261 1537 2199"/>
                            </Shape>
                            <Glyph ID="char_599" CONTENT="m" HPOS="1288" VPOS="2202" WIDTH="1" HEIGHT="57" GC="1.0">
                                <Shape>
                                    <Polygon POINTS="1288 2202 1289 2259 1289 2259 1288 2202"/>
                                </Shape>
                            </Glyph>
                            <Glyph ID="char_600" CONTENT="e" HPOS="1326" VPOS="2200" WIDTH="1" HEIGHT="60" GC="0.9998">
                                <Shape>
                                    <Polygon POINTS="1326 2200 1327 2260 1327 2260 1326 2200"/>
                                </Shape>
                            </Glyph>
                            <Glyph ID="char_601" CONTENT="́" HPOS="1338" VPOS="2196" WIDTH="1" HEIGHT="64" GC="0.9997">
                                <Shape>
                                    <Polygon POINTS="1338 2196 1339 2260 1339 2260 1338 2196"/>
                                </Shape>
                            </Glyph>
                            <Glyph ID="char_602" CONTENT="r" HPOS="1350" VPOS="2189" WIDTH="1" HEIGHT="72" GC="1.0">
                                <Shape>
                                    <Polygon POINTS="1350 2189 1351 2261 1351 2261 1350 2189"/>
                                </Shape>
                            </Glyph>
                            <Glyph ID="char_603" CONTENT="e" HPOS="1375" VPOS="2176" WIDTH="1" HEIGHT="85" GC="0.9996">
                                <Shape>
                                    <Polygon POINTS="1375 2176 1376 2261 1376 2261 1375 2176"/>
                                </Shape>
                            </Glyph>
                            <Glyph ID="char_604" CONTENT="t" HPOS="1400" VPOS="2176" WIDTH="1" HEIGHT="86" GC="1.0">
                                <Shape>
                                    <Polygon POINTS="1400 2176 1401 2262 1401 2262 1400 2176"/>
                                </Shape>
                            </Glyph>
                            <Glyph ID="char_605" CONTENT="e" HPOS="1425" VPOS="2177" WIDTH="1" HEIGHT="86" GC="0.9974">
                                <Shape>
                                    <Polygon POINTS="1425 2177 1426 2263 1426 2263 1425 2177"/>
                                </Shape>
                            </Glyph>
                            <Glyph ID="char_606" CONTENT="r" HPOS="1462" VPOS="2177" WIDTH="1" HEIGHT="81" GC="0.9991">
                                <Shape>
                                    <Polygon POINTS="1462 2177 1463 2258 1463 2258 1462 2177"/>
                                </Shape>
                            </Glyph>
                            <Glyph ID="char_607" CONTENT="," HPOS="1537" VPOS="2199" WIDTH="1" HEIGHT="62" GC="1.0">
                                <Shape>
                                    <Polygon POINTS="1537 2199 1538 2261 1538 2261 1537 2199"/>
                                </Shape>
                            </Glyph>
                        </String>
                        <SP ID="segment_196" HPOS="1581"  VPOS="2190" WIDTH="7"  HEIGHT="63"/>
                        <String ID="segment_197" CONTENT="C&#39;est" HPOS="1599" VPOS="2170" WIDTH="107" HEIGHT="89" WC="0.9996">
                            <Shape>
                                <Polygon POINTS="1599 2180 1600 2254 1706 2250 1705 2172"/>
                            </Shape>
                            <Glyph ID="char_609" CONTENT="C" HPOS="1599" VPOS="2180" WIDTH="1" HEIGHT="74" GC="1.0">
                                <Shape>
                                    <Polygon POINTS="1599 2180 1600 2254 1600 2254 1599 2180"/>
                                </Shape>
                            </Glyph>
                            <Glyph ID="char_610" CONTENT="&#39;" HPOS="1643" VPOS="2171" WIDTH="1" HEIGHT="88" GC="0.9998">
                                <Shape>
                                    <Polygon POINTS="1643 2171 1644 2259 1644 2259 1643 2171"/>
                                </Shape>
                            </Glyph>
                            <Glyph ID="char_611" CONTENT="e" HPOS="1655" VPOS="2171" WIDTH="1" HEIGHT="87" GC="0.999">
                                <Shape>
                                    <Polygon POINTS="1655 2171 1656 2258 1656 2258 1655 2171"/>
                                </Shape>
                            </Glyph>
                            <Glyph ID="char_612" CONTENT="s" HPOS="1680" VPOS="2170" WIDTH="1" HEIGHT="84" GC="0.9994">
                                <Shape>
                                    <Polygon POINTS="1680 2170 1681 2254 1681 2254 1680 2170"/>
                                </Shape>
                            </Glyph>
                            <Glyph ID="char_613" CONTENT="t" HPOS="1705" VPOS="2172" WIDTH="1" HEIGHT="78" GC="1.0">
                                <Shape>
                                    <Polygon POINTS="1705 2172 1706 2250 1706 2250 1705 2172"/>
                                </Shape>
                            </Glyph>
                        </String>
                        <SP ID="segment_198" HPOS="1755"  VPOS="2181" WIDTH="7"  HEIGHT="67"/>
                        <String ID="segment_199" CONTENT="la" HPOS="1767" VPOS="2172" WIDTH="38" HEIGHT="78" WC="0.9922">
                            <Shape>
                                <Polygon POINTS="1767 2179 1768 2249 1805 2250 1804 2172"/>
                            </Shape>
                            <Glyph ID="char_615" CONTENT="l" HPOS="1767" VPOS="2179" WIDTH="1" HEIGHT="70" GC="0.998">
                                <Shape>
                                    <Polygon POINTS="1767 2179 1768 2249 1768 2249 1767 2179"/>
                                </Shape>
                            </Glyph>
                            <Glyph ID="char_616" CONTENT="a" HPOS="1804" VPOS="2172" WIDTH="1" HEIGHT="78" GC="0.9863">
                                <Shape>
                                    <Polygon POINTS="1804 2172 1805 2250 1805 2250 1804 2172"/>
                                </Shape>
                            </Glyph>
                        </String>
                        <SP ID="segment_200" HPOS="1867"  VPOS="2189" WIDTH="1"  HEIGHT="63"/>
                        <String ID="segment_201" CONTENT="seule" HPOS="1885" VPOS="2164" WIDTH="132" HEIGHT="91" WC="0.9584">
                            <Shape>
                                <Polygon POINTS="1885 2181 1886 2253 2017 2250 2016 2164"/>
                            </Shape>
                            <Glyph ID="char_618" CONTENT="s" HPOS="1885" VPOS="2181" WIDTH="1" HEIGHT="72" GC="0.7936">
                                <Shape>
                                    <Polygon POINTS="1885 2181 1886 2253 1886 2253 1885 2181"/>
                                </Shape>
                            </Glyph>
                            <Glyph ID="char_619" CONTENT="e" HPOS="1935" VPOS="2170" WIDTH="1" HEIGHT="85" GC="0.9991">
                                <Shape>
                                    <Polygon POINTS="1935 2170 1936 2255 1936 2255 1935 2170"/>
                                </Shape>
                            </Glyph>
                            <Glyph ID="char_620" CONTENT="u" HPOS="1960" VPOS="2184" WIDTH="1" HEIGHT="70" GC="0.9997">
                                <Shape>
                                    <Polygon POINTS="1960 2184 1961 2254 1961 2254 1960 2184"/>
                                </Shape>
                            </Glyph>
                            <Glyph ID="char_621" CONTENT="l" HPOS="1991" VPOS="2164" WIDTH="1" HEIGHT="88" GC="0.9997">
                                <Shape>
                                    <Polygon POINTS="1991 2164 1992 2252 1992 2252 1991 2164"/>
                                </Shape>
                            </Glyph>
                            <Glyph ID="char_622" CONTENT="e" HPOS="2016" VPOS="2164" WIDTH="1" HEIGHT="86" GC="0.9999">
                                <Shape>
                                    <Polygon POINTS="2016 2164 2017 2250 2017 2250 2016 2164"/>
                                </Shape>
                            </Glyph>
                        </String>
                    </TextLine>

                    <TextLine ID="3eeb48e7-5f23-4aa4-9855-2a6592868fa1" HPOS="527.0" VPOS="2259.0" WIDTH="1544.0" HEIGHT="128.0" BASELINE="529.0 2347.0 2071.0 2317.0" TAGREFS="LINE_TYPE_1">
                        <Shape>
                            <Polygon POINTS="529.0 2347.0 529.0 2367.0 693.0 2375.0 695.0 2375.0 697.0 2375.0 725.0 2365.0 796.0 2387.0 798.0 2387.0 800.0 2387.0 802.0 2387.0 804.0 2387.0 842.0 2359.0 1011.0 2383.0 1013.0 2383.0 1015.0 2383.0 1017.0 2383.0 1053.0 2355.0 1246.0 2379.0 1248.0 2379.0 1404.0 2351.0 1458.0 2361.0 1459.0 2361.0 1461.0 2361.0 1463.0 2361.0 1483.0 2347.0 1619.0 2353.0 1621.0 2353.0 1691.0 2343.0 1728.0 2367.0 1730.0 2367.0 1732.0 2367.0 1734.0 2367.0 1824.0 2347.0 1896.0 2365.0 1898.0 2365.0 1900.0 2365.0 2037.0 2363.0 2039.0 2363.0 2071.0 2349.0 2071.0 2317.0 2067.0 2283.0 1967.0 2259.0 1965.0 2259.0 1926.0 2261.0 1924.0 2261.0 1922.0 2261.0 1884.0 2285.0 1766.0 2285.0 1732.0 2265.0 1730.0 2265.0 1728.0 2265.0 1726.0 2265.0 1724.0 2265.0 1722.0 2265.0 1693.0 2289.0 1605.0 2289.0 1557.0 2267.0 1555.0 2267.0 1553.0 2267.0 1446.0 2293.0 1410.0 2271.0 1408.0 2271.0 1406.0 2271.0 1362.0 2271.0 1360.0 2271.0 1358.0 2271.0 1356.0 2271.0 1356.0 2273.0 1338.0 2287.0 1262.0 2273.0 1260.0 2273.0 1258.0 2273.0 1256.0 2273.0 1228.0 2295.0 1205.0 2275.0 1203.0 2275.0 1201.0 2275.0 1143.0 2275.0 1141.0 2275.0 1139.0 2275.0 1091.0 2299.0 810.0 2293.0 808.0 2293.0 806.0 2293.0 776.0 2307.0 687.0 2307.0 631.0 2285.0 629.0 2285.0 627.0 2285.0 527.0 2307.0 529.0 2347.0"/>
                        </Shape>
                        <String ID="segment_202" CONTENT="Récompeuse" HPOS="557" VPOS="2294" WIDTH="367" HEIGHT="93" WC="0.9997">
                            <Shape>
                                <Polygon POINTS="557 2300 558 2368 924 2371 922 2295"/>
                            </Shape>
                            <Glyph ID="char_623" CONTENT="R" HPOS="557" VPOS="2300" WIDTH="1" HEIGHT="68" GC="1.0">
                                <Shape>
                                    <Polygon POINTS="557 2300 558 2368 558 2368 557 2300"/>
                                </Shape>
                            </Glyph>
                            <Glyph ID="char_624" CONTENT="e" HPOS="659" VPOS="2296" WIDTH="2" HEIGHT="77" GC="0.9993">
                                <Shape>
                                    <Polygon POINTS="659 2296 661 2373 661 2373 659 2296"/>
                                </Shape>
                            </Glyph>
                            <Glyph ID="char_625" CONTENT="́" HPOS="666" VPOS="2299" WIDTH="10" HEIGHT="75" GC="1.0">
                                <Shape>
                                    <Polygon POINTS="666 2299 668 2374 676 2374 674 2302"/>
                                </Shape>
                            </Glyph>
                            <Glyph ID="char_626" CONTENT="c" HPOS="688" VPOS="2307" WIDTH="2" HEIGHT="68" GC="1.0">
                                <Shape>
                                    <Polygon POINTS="688 2307 690 2375 690 2375 688 2307"/>
                                </Shape>
                            </Glyph>
                            <Glyph ID="char_627" CONTENT="o" HPOS="718" VPOS="2307" WIDTH="1" HEIGHT="60" GC="0.9984">
                                <Shape>
                                    <Polygon POINTS="718 2307 719 2367 719 2367 718 2307"/>
                                </Shape>
                            </Glyph>
                            <Glyph ID="char_628" CONTENT="m" HPOS="761" VPOS="2307" WIDTH="2" HEIGHT="70" GC="1.0">
                                <Shape>
                                    <Polygon POINTS="761 2307 763 2377 763 2377 761 2307"/>
                                </Shape>
                            </Glyph>
                            <Glyph ID="char_629" CONTENT="p" HPOS="798" VPOS="2297" WIDTH="2" HEIGHT="90" GC="1.0">
                                <Shape>
                                    <Polygon POINTS="798 2297 800 2387 800 2387 798 2297"/>
                                </Shape>
                            </Glyph>
                            <Glyph ID="char_630" CONTENT="e" HPOS="834" VPOS="2294" WIDTH="1" HEIGHT="70" GC="0.9999">
                                <Shape>
                                    <Polygon POINTS="834 2294 835 2364 835 2364 834 2294"/>
                                </Shape>
                            </Glyph>
                            <Glyph ID="char_631" CONTENT="u" HPOS="863" VPOS="2294" WIDTH="1" HEIGHT="68" GC="0.9996">
                                <Shape>
                                    <Polygon POINTS="863 2294 864 2362 864 2362 863 2294"/>
                                </Shape>
                            </Glyph>
                            <Glyph ID="char_632" CONTENT="s" HPOS="892" VPOS="2295" WIDTH="1" HEIGHT="71" GC="1.0">
                                <Shape>
                                    <Polygon POINTS="892 2295 893 2366 893 2366 892 2295"/>
                                </Shape>
                            </Glyph>
                            <Glyph ID="char_633" CONTENT="e" HPOS="922" VPOS="2295" WIDTH="2" HEIGHT="76" GC="1.0">
                                <Shape>
                                    <Polygon POINTS="922 2295 924 2371 924 2371 922 2295"/>
                                </Shape>
                            </Glyph>
                        </String>
                        <SP ID="segment_203" HPOS="980"  VPOS="2297" WIDTH="9"  HEIGHT="83"/>
                        <String ID="segment_204" CONTENT="que" HPOS="1002" VPOS="2297" WIDTH="74" HEIGHT="85" WC="1.0">
                            <Shape>
                                <Polygon POINTS="1002 2297 1004 2382 1076 2358 1075 2299"/>
                            </Shape>
                            <Glyph ID="char_635" CONTENT="q" HPOS="1002" VPOS="2297" WIDTH="2" HEIGHT="85" GC="1.0">
                                <Shape>
                                    <Polygon POINTS="1002 2297 1004 2382 1004 2382 1002 2297"/>
                                </Shape>
                            </Glyph>
                            <Glyph ID="char_636" CONTENT="u" HPOS="1045" VPOS="2298" WIDTH="1" HEIGHT="62" GC="1.0">
                                <Shape>
                                    <Polygon POINTS="1045 2298 1046 2360 1046 2360 1045 2298"/>
                                </Shape>
                            </Glyph>
                            <Glyph ID="char_637" CONTENT="e" HPOS="1075" VPOS="2299" WIDTH="1" HEIGHT="59" GC="1.0">
                                <Shape>
                                    <Polygon POINTS="1075 2299 1076 2358 1076 2358 1075 2299"/>
                                </Shape>
                            </Glyph>
                        </String>
                        <SP ID="segment_205" HPOS="1111"  VPOS="2286" WIDTH="8"  HEIGHT="77"/>
                        <String ID="segment_206" CONTENT="le" HPOS="1133" VPOS="2275" WIDTH="31" HEIGHT="94" WC="0.9999">
                            <Shape>
                                <Polygon POINTS="1133 2278 1134 2365 1164 2369 1162 2275"/>
                            </Shape>
                            <Glyph ID="char_639" CONTENT="l" HPOS="1133" VPOS="2278" WIDTH="1" HEIGHT="87" GC="0.9998">
                                <Shape>
                                    <Polygon POINTS="1133 2278 1134 2365 1134 2365 1133 2278"/>
                                </Shape>
                            </Glyph>
                            <Glyph ID="char_640" CONTENT="e" HPOS="1162" VPOS="2275" WIDTH="2" HEIGHT="94" GC="0.9999">
                                <Shape>
                                    <Polygon POINTS="1162 2275 1164 2369 1164 2369 1162 2275"/>
                                </Shape>
                            </Glyph>
                        </String>
                        <SP ID="segment_207" HPOS="1213"  VPOS="2282" WIDTH="9"  HEIGHT="94"/>
                        <String ID="segment_208" CONTENT="supliant" HPOS="1242" VPOS="2271" WIDTH="234" HEIGHT="108" WC="0.9946">
                            <Shape>
                                <Polygon POINTS="1242 2284 1244 2379 1476 2352 1475 2286"/>
                            </Shape>
                            <Glyph ID="char_642" CONTENT="s" HPOS="1242" VPOS="2284" WIDTH="2" HEIGHT="95" GC="1.0">
                                <Shape>
                                    <Polygon POINTS="1242 2284 1244 2379 1244 2379 1242 2284"/>
                                </Shape>
                            </Glyph>
                            <Glyph ID="char_643" CONTENT="u" HPOS="1293" VPOS="2279" WIDTH="2" HEIGHT="92" GC="0.9995">
                                <Shape>
                                    <Polygon POINTS="1293 2279 1295 2371 1295 2371 1293 2279"/>
                                </Shape>
                            </Glyph>
                            <Glyph ID="char_644" CONTENT="p" HPOS="1315" VPOS="2283" WIDTH="2" HEIGHT="84" GC="1.0">
                                <Shape>
                                    <Polygon POINTS="1315 2283 1317 2367 1317 2367 1315 2283"/>
                                </Shape>
                            </Glyph>
                            <Glyph ID="char_645" CONTENT="l" HPOS="1359" VPOS="2271" WIDTH="1" HEIGHT="88" GC="1.0">
                                <Shape>
                                    <Polygon POINTS="1359 2271 1360 2359 1360 2359 1359 2271"/>
                                </Shape>
                            </Glyph>
                            <Glyph ID="char_646" CONTENT="i" HPOS="1381" VPOS="2271" WIDTH="1" HEIGHT="84" GC="1.0">
                                <Shape>
                                    <Polygon POINTS="1381 2271 1382 2355 1382 2355 1381 2271"/>
                                </Shape>
                            </Glyph>
                            <Glyph ID="char_647" CONTENT="a" HPOS="1403" VPOS="2271" WIDTH="1" HEIGHT="80" GC="1.0">
                                <Shape>
                                    <Polygon POINTS="1403 2271 1404 2351 1404 2351 1403 2271"/>
                                </Shape>
                            </Glyph>
                            <Glyph ID="char_648" CONTENT="n" HPOS="1446" VPOS="2293" WIDTH="1" HEIGHT="66" GC="0.9979">
                                <Shape>
                                    <Polygon POINTS="1446 2293 1447 2359 1447 2359 1446 2293"/>
                                </Shape>
                            </Glyph>
                            <Glyph ID="char_649" CONTENT="t" HPOS="1475" VPOS="2286" WIDTH="1" HEIGHT="66" GC="0.9597">
                                <Shape>
                                    <Polygon POINTS="1475 2286 1476 2352 1476 2352 1475 2286"/>
                                </Shape>
                            </Glyph>
                        </String>
                        <SP ID="segment_209" HPOS="1519"  VPOS="2274" WIDTH="8"  HEIGHT="75"/>
                        <String ID="segment_210" CONTENT="demande" HPOS="1541" VPOS="2265" WIDTH="213" HEIGHT="102" WC="0.9797">
                            <Shape>
                                <Polygon POINTS="1541 2270 1542 2350 1754 2363 1752 2277"/>
                            </Shape>
                            <Glyph ID="char_651" CONTENT="d" HPOS="1541" VPOS="2270" WIDTH="1" HEIGHT="80" GC="0.9944">
                                <Shape>
                                    <Polygon POINTS="1541 2270 1542 2350 1542 2350 1541 2270"/>
                                </Shape>
                            </Glyph>
                            <Glyph ID="char_652" CONTENT="e" HPOS="1577" VPOS="2276" WIDTH="1" HEIGHT="75" GC="0.9994">
                                <Shape>
                                    <Polygon POINTS="1577 2276 1578 2351 1578 2351 1577 2276"/>
                                </Shape>
                            </Glyph>
                            <Glyph ID="char_653" CONTENT="m" HPOS="1621" VPOS="2289" WIDTH="1" HEIGHT="64" GC="0.8785">
                                <Shape>
                                    <Polygon POINTS="1621 2289 1622 2353 1622 2353 1621 2289"/>
                                </Shape>
                            </Glyph>
                            <Glyph ID="char_654" CONTENT="a" HPOS="1658" VPOS="2289" WIDTH="1" HEIGHT="59" GC="0.9998">
                                <Shape>
                                    <Polygon POINTS="1658 2289 1659 2348 1659 2348 1658 2289"/>
                                </Shape>
                            </Glyph>
                            <Glyph ID="char_655" CONTENT="n" HPOS="1701" VPOS="2282" WIDTH="1" HEIGHT="68" GC="0.9955">
                                <Shape>
                                    <Polygon POINTS="1701 2282 1702 2350 1702 2350 1701 2282"/>
                                </Shape>
                            </Glyph>
                            <Glyph ID="char_656" CONTENT="d" HPOS="1730" VPOS="2265" WIDTH="2" HEIGHT="102" GC="0.9998">
                                <Shape>
                                    <Polygon POINTS="1730 2265 1732 2367 1732 2367 1730 2265"/>
                                </Shape>
                            </Glyph>
                            <Glyph ID="char_657" CONTENT="e" HPOS="1752" VPOS="2277" WIDTH="2" HEIGHT="86" GC="0.9907">
                                <Shape>
                                    <Polygon POINTS="1752 2277 1754 2363 1754 2363 1752 2277"/>
                                </Shape>
                            </Glyph>
                        </String>
                        <SP ID="segment_211" HPOS="1803"  VPOS="2285" WIDTH="9"  HEIGHT="66"/>
                        <String ID="segment_212" CONTENT="et" HPOS="1825" VPOS="2285" WIDTH="30" HEIGHT="70" WC="0.9998">
                            <Shape>
                                <Polygon POINTS="1825 2285 1826 2348 1855 2355 1854 2285"/>
                            </Shape>
                            <Glyph ID="char_659" CONTENT="e" HPOS="1825" VPOS="2285" WIDTH="1" HEIGHT="63" GC="0.9999">
                                <Shape>
                                    <Polygon POINTS="1825 2285 1826 2348 1826 2348 1825 2285"/>
                                </Shape>
                            </Glyph>
                            <Glyph ID="char_660" CONTENT="t" HPOS="1854" VPOS="2285" WIDTH="1" HEIGHT="70" GC="0.9997">
                                <Shape>
                                    <Polygon POINTS="1854 2285 1855 2355 1855 2355 1854 2285"/>
                                </Shape>
                            </Glyph>
                        </String>
                        <SP ID="segment_213" HPOS="1883"  VPOS="2281" WIDTH="10"  HEIGHT="83"/>
                        <String ID="segment_214" CONTENT="il" HPOS="1898" VPOS="2263" WIDTH="24" HEIGHT="102" WC="0.9994">
                            <Shape>
                                <Polygon POINTS="1898 2276 1900 2365 1922 2365 1920 2263"/>
                            </Shape>
                            <Glyph ID="char_662" CONTENT="i" HPOS="1898" VPOS="2276" WIDTH="2" HEIGHT="89" GC="0.9995">
                                <Shape>
                                    <Polygon POINTS="1898 2276 1900 2365 1900 2365 1898 2276"/>
                                </Shape>
                            </Glyph>
                            <Glyph ID="char_663" CONTENT="l" HPOS="1920" VPOS="2263" WIDTH="2" HEIGHT="102" GC="0.9993">
                                <Shape>
                                    <Polygon POINTS="1920 2263 1922 2365 1922 2365 1920 2263"/>
                                </Shape>
                            </Glyph>
                        </String>
                        <SP ID="segment_215" HPOS="1971"  VPOS="2260" WIDTH="2"  HEIGHT="104"/>
                        <String ID="segment_216" CONTENT="en" HPOS="1993" VPOS="2265" WIDTH="38" HEIGHT="99" WC="0.8595">
                            <Shape>
                                <Polygon POINTS="1993 2265 1995 2364 2031 2363 2029 2274"/>
                            </Shape>
                            <Glyph ID="char_665" CONTENT="e" HPOS="1993" VPOS="2265" WIDTH="2" HEIGHT="99" GC="1.0">
                                <Shape>
                                    <Polygon POINTS="1993 2265 1995 2364 1995 2364 1993 2265"/>
                                </Shape>
                            </Glyph>
                            <Glyph ID="char_666" CONTENT="n" HPOS="2029" VPOS="2274" WIDTH="2" HEIGHT="89" GC="0.719">
                                <Shape>
                                    <Polygon POINTS="2029 2274 2031 2363 2031 2363 2029 2274"/>
                                </Shape>
                            </Glyph>
                        </String>
                    </TextLine>

                    <TextLine ID="e6ad872a-2e53-4ce3-968c-c1000136b312" HPOS="529.0" VPOS="2377.0" WIDTH="1094.0" HEIGHT="101.0" BASELINE="531.0 2443.0 1623.0 2419.0" TAGREFS="LINE_TYPE_1">
                        <Shape>
                            <Polygon POINTS="531.0 2443.0 531.0 2478.0 623.0 2463.0 746.0 2476.0 748.0 2476.0 872.0 2459.0 981.0 2472.0 983.0 2472.0 985.0 2472.0 1037.0 2455.0 1125.0 2455.0 1163.0 2468.0 1165.0 2468.0 1167.0 2468.0 1356.0 2447.0 1408.0 2463.0 1410.0 2463.0 1412.0 2463.0 1414.0 2463.0 1416.0 2463.0 1448.0 2445.0 1517.0 2445.0 1547.0 2459.0 1549.0 2459.0 1551.0 2459.0 1553.0 2459.0 1555.0 2459.0 1579.0 2443.0 1621.0 2447.0 1623.0 2419.0 1619.0 2387.0 1551.0 2377.0 1549.0 2377.0 1547.0 2377.0 1545.0 2377.0 1525.0 2389.0 1346.0 2381.0 1344.0 2381.0 1254.0 2395.0 1205.0 2385.0 1203.0 2385.0 1201.0 2385.0 1161.0 2397.0 1013.0 2389.0 1011.0 2389.0 1009.0 2389.0 977.0 2401.0 806.0 2393.0 804.0 2393.0 529.0 2405.0 531.0 2443.0"/>
                        </Shape>
                        <String ID="segment_217" CONTENT="conservera" HPOS="553" VPOS="2394" WIDTH="267" HEIGHT="81" WC="0.9999">
                            <Shape>
                                <Polygon POINTS="553 2404 555 2474 820 2466 818 2394"/>
                            </Shape>
                            <Glyph ID="char_667" CONTENT="c" HPOS="553" VPOS="2404" WIDTH="2" HEIGHT="70" GC="0.9999">
                                <Shape>
                                    <Polygon POINTS="553 2404 555 2474 555 2474 553 2404"/>
                                </Shape>
                            </Glyph>
                            <Glyph ID="char_668" CONTENT="o" HPOS="582" VPOS="2403" WIDTH="2" HEIGHT="66" GC="1.0">
                                <Shape>
                                    <Polygon POINTS="582 2403 584 2469 584 2469 582 2403"/>
                                </Shape>
                            </Glyph>
                            <Glyph ID="char_669" CONTENT="n" HPOS="622" VPOS="2401" WIDTH="1" HEIGHT="62" GC="1.0">
                                <Shape>
                                    <Polygon POINTS="622 2401 623 2463 623 2463 622 2401"/>
                                </Shape>
                            </Glyph>
                            <Glyph ID="char_670" CONTENT="s" HPOS="657" VPOS="2399" WIDTH="2" HEIGHT="68" GC="1.0">
                                <Shape>
                                    <Polygon POINTS="657 2399 659 2467 659 2467 657 2399"/>
                                </Shape>
                            </Glyph>
                            <Glyph ID="char_671" CONTENT="e" HPOS="686" VPOS="2398" WIDTH="2" HEIGHT="72" GC="1.0">
                                <Shape>
                                    <Polygon POINTS="686 2398 688 2470 688 2470 686 2398"/>
                                </Shape>
                            </Glyph>
                            <Glyph ID="char_672" CONTENT="r" HPOS="709" VPOS="2397" WIDTH="2" HEIGHT="75" GC="1.0">
                                <Shape>
                                    <Polygon POINTS="709 2397 711 2472 711 2472 709 2397"/>
                                </Shape>
                            </Glyph>
                            <Glyph ID="char_673" CONTENT="v" HPOS="738" VPOS="2396" WIDTH="2" HEIGHT="79" GC="0.9996">
                                <Shape>
                                    <Polygon POINTS="738 2396 740 2475 740 2475 738 2396"/>
                                </Shape>
                            </Glyph>
                            <Glyph ID="char_674" CONTENT="e" HPOS="766" VPOS="2395" WIDTH="2" HEIGHT="78" GC="0.9999">
                                <Shape>
                                    <Polygon POINTS="766 2395 768 2473 768 2473 766 2395"/>
                                </Shape>
                            </Glyph>
                            <Glyph ID="char_675" CONTENT="r" HPOS="789" VPOS="2394" WIDTH="2" HEIGHT="76" GC="1.0">
                                <Shape>
                                    <Polygon POINTS="789 2394 791 2470 791 2470 789 2394"/>
                                </Shape>
                            </Glyph>
                            <Glyph ID="char_676" CONTENT="a" HPOS="818" VPOS="2394" WIDTH="2" HEIGHT="72" GC="1.0">
                                <Shape>
                                    <Polygon POINTS="818 2394 820 2466 820 2466 818 2394"/>
                                </Shape>
                            </Glyph>
                        </String>
                        <SP ID="segment_218" HPOS="864"  VPOS="2396" WIDTH="7"  HEIGHT="64"/>
                        <String ID="segment_219" CONTENT="un" HPOS="905" VPOS="2398" WIDTH="30" HEIGHT="68" WC="0.9848">
                            <Shape>
                                <Polygon POINTS="905 2398 907 2463 935 2466 933 2399"/>
                            </Shape>
                            <Glyph ID="char_678" CONTENT="u" HPOS="905" VPOS="2398" WIDTH="2" HEIGHT="65" GC="1.0">
                                <Shape>
                                    <Polygon POINTS="905 2398 907 2463 907 2463 905 2398"/>
                                </Shape>
                            </Glyph>
                            <Glyph ID="char_679" CONTENT="n" HPOS="933" VPOS="2399" WIDTH="2" HEIGHT="67" GC="0.9696">
                                <Shape>
                                    <Polygon POINTS="933 2399 935 2466 935 2466 933 2399"/>
                                </Shape>
                            </Glyph>
                        </String>
                        <SP ID="segment_220" HPOS="968"  VPOS="2401" WIDTH="8"  HEIGHT="70"/>
                        <String ID="segment_221" CONTENT="precieux" HPOS="991" VPOS="2386" WIDTH="210" HEIGHT="83" WC="0.9999">
                            <Shape>
                                <Polygon POINTS="991 2396 993 2469 1201 2464 1199 2386"/>
                            </Shape>
                            <Glyph ID="char_681" CONTENT="p" HPOS="991" VPOS="2396" WIDTH="2" HEIGHT="73" GC="1.0">
                                <Shape>
                                    <Polygon POINTS="991 2396 993 2469 993 2469 991 2396"/>
                                </Shape>
                            </Glyph>
                            <Glyph ID="char_682" CONTENT="r" HPOS="1037" VPOS="2390" WIDTH="1" HEIGHT="65" GC="1.0">
                                <Shape>
                                    <Polygon POINTS="1037 2390 1038 2455 1038 2455 1037 2390"/>
                                </Shape>
                            </Glyph>
                            <Glyph ID="char_683" CONTENT="e" HPOS="1054" VPOS="2391" WIDTH="1" HEIGHT="64" GC="1.0">
                                <Shape>
                                    <Polygon POINTS="1054 2391 1055 2455 1055 2455 1054 2391"/>
                                </Shape>
                            </Glyph>
                            <Glyph ID="char_684" CONTENT="c" HPOS="1078" VPOS="2393" WIDTH="1" HEIGHT="62" GC="1.0">
                                <Shape>
                                    <Polygon POINTS="1078 2393 1079 2455 1079 2455 1078 2393"/>
                                </Shape>
                            </Glyph>
                            <Glyph ID="char_685" CONTENT="i" HPOS="1101" VPOS="2394" WIDTH="1" HEIGHT="61" GC="0.9998">
                                <Shape>
                                    <Polygon POINTS="1101 2394 1102 2455 1102 2455 1101 2394"/>
                                </Shape>
                            </Glyph>
                            <Glyph ID="char_686" CONTENT="e" HPOS="1124" VPOS="2395" WIDTH="1" HEIGHT="60" GC="0.9998">
                                <Shape>
                                    <Polygon POINTS="1124 2395 1125 2455 1125 2455 1124 2395"/>
                                </Shape>
                            </Glyph>
                            <Glyph ID="char_687" CONTENT="u" HPOS="1158" VPOS="2397" WIDTH="2" HEIGHT="70" GC="0.9999">
                                <Shape>
                                    <Polygon POINTS="1158 2397 1160 2467 1160 2467 1158 2397"/>
                                </Shape>
                            </Glyph>
                            <Glyph ID="char_688" CONTENT="x" HPOS="1199" VPOS="2386" WIDTH="2" HEIGHT="78" GC="0.9997">
                                <Shape>
                                    <Polygon POINTS="1199 2386 1201 2464 1201 2464 1199 2386"/>
                                </Shape>
                            </Glyph>
                        </String>
                        <SP ID="segment_222" HPOS="1279"  VPOS="2390" WIDTH="7"  HEIGHT="65"/>
                        <String ID="segment_223" CONTENT="souvenir." HPOS="1296" VPOS="2378" WIDTH="318" HEIGHT="81" WC="0.9865">
                            <Shape>
                                <Polygon POINTS="1296 2388 1297 2454 1614 2446 1613 2386"/>
                            </Shape>
                            <Glyph ID="char_690" CONTENT="s" HPOS="1296" VPOS="2388" WIDTH="1" HEIGHT="66" GC="1.0">
                                <Shape>
                                    <Polygon POINTS="1296 2388 1297 2454 1297 2454 1296 2388"/>
                                </Shape>
                            </Glyph>
                            <Glyph ID="char_691" CONTENT="o" HPOS="1360" VPOS="2382" WIDTH="1" HEIGHT="67" GC="1.0">
                                <Shape>
                                    <Polygon POINTS="1360 2382 1361 2449 1361 2449 1360 2382"/>
                                </Shape>
                            </Glyph>
                            <Glyph ID="char_692" CONTENT="u" HPOS="1394" VPOS="2383" WIDTH="2" HEIGHT="76" GC="0.9998">
                                <Shape>
                                    <Polygon POINTS="1394 2383 1396 2459 1396 2459 1394 2383"/>
                                </Shape>
                            </Glyph>
                            <Glyph ID="char_693" CONTENT="v" HPOS="1423" VPOS="2384" WIDTH="2" HEIGHT="74" GC="1.0">
                                <Shape>
                                    <Polygon POINTS="1423 2384 1425 2458 1425 2458 1423 2384"/>
                                </Shape>
                            </Glyph>
                            <Glyph ID="char_694" CONTENT="e" HPOS="1452" VPOS="2386" WIDTH="1" HEIGHT="59" GC="0.9908">
                                <Shape>
                                    <Polygon POINTS="1452 2386 1453 2445 1453 2445 1452 2386"/>
                                </Shape>
                            </Glyph>
                            <Glyph ID="char_695" CONTENT="n" HPOS="1487" VPOS="2387" WIDTH="1" HEIGHT="58" GC="0.9972">
                                <Shape>
                                    <Polygon POINTS="1487 2387 1488 2445 1488 2445 1487 2387"/>
                                </Shape>
                            </Glyph>
                            <Glyph ID="char_696" CONTENT="i" HPOS="1515" VPOS="2389" WIDTH="1" HEIGHT="56" GC="0.9995">
                                <Shape>
                                    <Polygon POINTS="1515 2389 1516 2445 1516 2445 1515 2389"/>
                                </Shape>
                            </Glyph>
                            <Glyph ID="char_697" CONTENT="r" HPOS="1544" VPOS="2378" WIDTH="2" HEIGHT="80" GC="0.9998">
                                <Shape>
                                    <Polygon POINTS="1544 2378 1546 2458 1546 2458 1544 2378"/>
                                </Shape>
                            </Glyph>
                            <Glyph ID="char_698" CONTENT="." HPOS="1613" VPOS="2386" WIDTH="1" HEIGHT="60" GC="0.8915">
                                <Shape>
                                    <Polygon POINTS="1613 2386 1614 2446 1614 2446 1613 2386"/>
                                </Shape>
                            </Glyph>
                        </String>
                    </TextLine>
</TextBlock>
                <TextBlock ID="48f77bee-a78c-4930-a68f-d24752ff9220" HPOS="1592.0" VPOS="727.0" WIDTH="385.0" HEIGHT="327.0" TAGREFS="REGION_TYPE_2">
<Shape>
                        <Polygon POINTS="1592.0 727.0 1977.0 727.0 1977.0 1054.0 1592.0 1054.0 1592.0 727.0"/>
                    </Shape>
                    <TextLine ID="ba2bb1d4-8923-4512-9470-c469a580b115" HPOS="1742.0" VPOS="752.0" WIDTH="28.0" HEIGHT="76.0" BASELINE="1742.0 792.0 1770.0 792.0" TAGREFS="LINE_TYPE_1">
                        <Shape>
                            <Polygon POINTS="1742.0 792.0 1742.0 828.0 1770.0 822.0 1770.0 792.0 1770.0 754.0 1742.0 752.0 1742.0 792.0"/>
                        </Shape>
                        <String ID="segment_224" CONTENT="2" HPOS="1743" VPOS="752" WIDTH="0" HEIGHT="76" WC="0.815">
                            <Shape>
                                <Polygon POINTS="1743 752 1743 828 1743 828 1743 752"/>
                            </Shape>
                            <Glyph ID="char_699" CONTENT="2" HPOS="1743" VPOS="752" WIDTH="0" HEIGHT="76" GC="0.815">
                                <Shape>
                                    <Polygon POINTS="1743 752 1743 828 1743 828 1743 752"/>
                                </Shape>
                            </Glyph>
                        </String>
                    </TextLine>
</TextBlock>
            </PrintSpace>
        </Page>
    </Layout>
</alto>