3232 4000
2571 222 32 29 Pa

863 294 62 104 St
1016 306 143 88 Pierre
1249 258 499 137 Martinique
1838 245 52 148 Le
2001 258 93 131 p^er
2143 242 174 149 Avril
2387 254 215 134 1783.–

937 462 407 112 Collonies
1611 462 162 111 Garde
1827 486 261 83 Magazin
2179 461 32 101 de
2303 464 307 96 L'artillerie

855 632 1 71 M
983 588 146 110 Votre
1173 611 92 80 M.
1301 580 154 106 Vilain

1724 598 5 72 a
1820 624 57 45 S^
1947 586 122 82 Pierre

1320 724 527 140 Memoire.

781 905 119 70 Pour
974 881 156 95 servir
1197 913 0 63 a
1279 871 44 106 La
1420 871 267 107 Demande
1791 873 37 105 de
1903 875 29 103 la
2021 875 283 104 Médaille

591 1000 101 97 JB^le
728 1000 93 98 Joly
886 1004 94 93 natif
1045 1000 29 102 de
1139 1028 252 78 perpignan
1441 1028 29 60 en
1513 1002 130 86 Rosillon
1722 1005 152 83 Pendent
1960 1005 22 83 Le
2040 1007 108 93 sudit
2205 1011 123 96 temps
2422 1012 21 93 il
2487 1020 0 79 a
2537 1014 130 88 assisté

597 1077 74 80 agé
720 1084 24 75 de
800 1079 36 82 54
916 1099 135 66 ans,
1082 1102 111 64 après
1248 1082 86 77 avoir
1401 1083 74 85 sait
1530 1082 50 82 les
1727 1102 0 69 a
1770 1085 31 87 la
1856 1084 209 91 Bataille
2108 1100 30 75 de
2175 1107 240 68 plaisance,
2439 1109 0 64 a
2482 1088 31 83 la
2544 1091 160 78 Retraite

577 1155 184 87 dernieres
793 1160 263 82 Campagnes
1121 1155 164 87 Ditalie
1357 1155 92 87 dans
1507 1156 49 86 les
1723 1155 29 87 de
1795 1161 139 81 tortone
1998 1180 27 62 ou
2064 1167 27 75 il
2142 1169 60 73 sut
2254 1175 184 67 prisoner
2477 1166 27 76 de
2535 1180 184 62 Guerre,

558 1233 285 87 Volontaires,
887 1246 31 65 de
980 1234 161 85 Gantes,
1178 1251 0 57 a
1240 1231 267 82 Commencer
1563 1228 37 78 de
1699 1248 19 68 et
1755 1248 0 68 A
1835 1230 31 85 la
1916 1226 304 87 Martineque
2270 1224 18 85 il
2344 1238 0 70 a
2394 1224 136 84 Enuÿé
2567 1225 44 80 les

557 1304 157 78 Lannée
787 1304 146 78 1746^lt
977 1314 40 68 est
1089 1315 124 66 passé
1257 1324 0 57 a
1297 1305 28 76 la
1375 1306 280 75 Martinique
1700 1305 84 76 deux
1857 1303 168 78 dernieres
2125 1315 135 66 guerres
2304 1303 79 77 dont
2427 1297 12 83 à
2461 1297 29 83 la
2522 1297 96 83 suitte

566 1399 26 60 et
651 1393 0 68 a
703 1381 65 85 été
827 1392 209 80 jncorporé
1102 1378 72 76 L'an
1239 1386 92 83 1750
1396 1377 105 74 dans
1559 1385 46 68 les
1716 1376 26 86 de
1788 1375 39 92 la
1886 1391 196 73 premiere
2148 1380 32 83 il
2233 1378 0 72 a
2292 1371 104 79 subi
2435 1371 27 78 le
2494 1371 72 77 fort
2612 1371 26 76 de

558 1462 289 98 Compaqnies
912 1458 181 97 franches
1172 1455 58 76 des
1273 1464 296 86 Cannoniers
1699 1451 94 95 Lisle
1864 1475 153 64 comme
2059 1450 23 84 il
2160 1454 153 87 paroit
2376 1446 23 82 de
2434 1446 124 82 L'autre
2600 1450 95 78 part

573 1535 315 85 Bombardiers
947 1533 172 84 détachés
1167 1532 35 84 de
1250 1532 41 83 La
1369 1543 154 72 Marine
1577 1551 29 62 de
1719 1551 30 61 et
1808 1529 143 83 depuis
1998 1535 72 76 son
2117 1526 143 84 Retour
2319 1528 18 81 il
2384 1542 6 66 a
2426 1522 226 86 Continué

583 1606 297 109 Rochefort.

1725 1625 75 76 son
1880 1623 144 83 service
2115 1633 173 65 jusques
2328 1638 0 60 a
2392 1639 11 60 ce
2437 1623 87 77 jour
2580 1621 30 69 ce
2650 1615 75 82 quil

570 1688 84 94 L'an
724 1688 134 98 1753.
900 1694 21 82 il
984 1706 0 74 a
1040 1700 63 79 été
1159 1686 98 102 fait
1327 1687 211 101 sergent.
1727 1688 28 90 Le
1804 1704 120 79 porte
2001 1704 0 63 a
2057 1684 196 93 solleiter
2323 1685 35 86 la
2422 1684 175 84 médaille

553 1782 82 91 L'an
709 1788 126 97 1760.
894 1783 22 86 il
983 1791 0 69 a
1035 1785 66 75 été
1152 1779 171 105 chargé
1368 1798 37 60 du
1449 1775 200 88 Detaille
1738 1795 59 85 qui
1871 1775 156 80 servira
2085 1775 31 88 de
2168 1770 89 100 titre
2331 1783 0 92 a
2383 1768 59 107 son
2493 1766 75 96 fils
2642 1786 74 83 agé

573 1882 29 76 de
664 1886 36 77 la
755 1878 275 95 Compagnie
1092 1871 29 88 de
1212 1868 196 103 pelletier
1456 1882 1 85 a
1498 1866 43 96 S^t
1568 1864 100 101 Pierre
1751 1871 36 76 de
1842 1865 50 86 15.
1919 1879 71 76 ans
2101 1876 120 84 pour
2269 1872 184 84 pouvoir
2522 1867 162 66 meritter

595 1977 26 67 et
688 1982 1 64 a
769 1962 63 89 été
887 1973 138 74 pourv
1148 1957 131 86 d'une
1328 1959 281 81 Commission
1744 1949 120 74 dans
1981 1942 38 79 la
2092 1943 144 77 Suitte
2316 1944 57 74 les
2434 1934 225 83 bienfaits

591 2035 27 81 de
682 2033 123 89 Metre
876 2035 253 80 Cannonier
1212 2037 40 78 au
1296 2029 47 72 dit
1393 2024 312 87 Département
1808 2020 39 87 du
1905 2023 104 87 Roÿ
2047 2037 163 63 comme
2288 2013 77 71 fils
2456 2011 97 86 d'un

592 2123 21 72 et
675 2125 0 76 a
745 2113 236 100 Continué
1057 2112 180 98 jusques
1335 2131 0 49 a
1390 2131 42 61 la
1515 2116 118 81 prise
1737 2111 160 97 Encien
2001 2109 243 94 serviteur.

617 2185 24 90 de
703 2184 98 90 Lisle
887 2197 80 76 qu'il
1004 2213 43 59 est
1120 2182 209 89 Repassé
1378 2211 37 58 en
1489 2182 166 86 France

616 2287 95 73 avec
777 2279 54 72 sa
911 2282 409 89 Compagnie,
1345 2285 22 76 et
1432 2269 163 88 Lihencué
1619 2284 2 78 a
1666 2263 168 98 Rochefort

603 2358 140 69 L'année
808 2357 120 74 1762"
993 2373 125 54 ...

2414 2135 63 122 jol

573 2417 86 99 L'an
722 2444 93 67 1763
870 2444 23 63 en
969 2434 270 81 Consequence
1302 2419 43 84 des
1429 2417 114 93 ordres
1607 2415 36 93 du
1819 2424 121 76 Nons
1989 2413 262 87 commandant
2308 2414 28 90 En
2371 2429 71 82 chef
2484 2411 206 96 L'artillerie

572 2522 236 82 Ministre
866 2513 23 71 il
954 2512 45 72 est
1064 2508 169 97 Répassé
1269 2522 1 62 a
1342 2508 38 79 La
1438 2507 275 91 Martinique
1787 2506 38 98 de
1846 2507 39 96 ela
1937 2519 59 83 Ms
2032 2513 52 87 que
2120 2523 30 75 et
2172 2511 73 87 ioles
2282 2518 29 78 du
2340 2525 103 70 vent,
2465 2525 147 68 croyons
2663 2524 52 65 que

603 2595 19 82 Êt
671 2597 28 79 il
757 2599 0 75 a
805 2600 68 85 eté
911 2590 125 106 placé
1084 2588 125 95 Garde
1267 2588 250 109 Dartillevie
1594 2609 0 104 a
1642 2586 46 107 S^t
1760 2592 44 119 Le
1808 2586 35 125 S^t
1871 2599 68 112 Joly
1996 2622 30 75 et
2073 2606 251 105 Sureptible,
2352 2616 145 92 parsou
2525 2615 68 71 rêle
2640 2614 30 73 et

549 2687 114 91 Pierre
739 2702 34 70 ou
831 2695 21 75 il
903 2694 1 71 a
962 2677 250 94 Continué
1290 2673 86 91 son
1434 2671 172 89 Sorvice

601 2789 173 115 Jusques
821 2792 1 132 a
888 2784 39 140 Ce
974 2783 230 127 jour...

1742 2708 259 105 L'amienneté
2044 2712 30 101 de
2095 2710 46 103 ses
2178 2735 140 67 services
2376 2702 82 99 de
2486 2704 31 94 la
2568 2705 178 95 Médaille

1740 2809 103 96 qu'il
1883 2806 219 93 demande.

2171 2831 305 135 grandedre
