3168 3536
917 344 20 77 il
989 339 0 93 a
1041 356 77 75 fait
1170 342 46 90 les
1261 354 201 77 premieres
1514 344 259 92 Campagnes
1825 343 330 77 d'hanovre.

1034 432 149 99 Blesse
1232 464 50 63 une
1338 428 255 100 secondefois
1650 443 70 84 d'un
1756 426 78 101 Coup
1889 426 44 97 de
1975 424 57 102 feu
2109 457 15 57 à
2152 426 35 91 la

916 534 167 86 bataille
1142 534 30 84 de
1220 532 274 86 Rosbach,
1518 537 17 79 il
1583 532 60 83 n'en
1684 537 161 77 contnua
1917 555 65 58 pas
2042 550 113 62 moins
2215 526 41 85 de

923 632 108 79 servir
1072 652 176 78 jusqu'en
1302 633 94 91 1759
1464 630 74 91 qu'il
1592 628 115 83 obtint
1755 628 88 79 son
1883 633 122 87 longé
2052 626 196 88 absolu.

1080 748 25 57 Le
1156 736 56 70 16.
1244 730 100 76 avril
1401 740 126 67 1760,
1552 734 25 73 il
1621 732 44 76 est
1709 721 113 87 rentré
1872 720 88 89 dans
2004 720 19 89 le
2074 720 226 91 Régiment

915 829 218 90 Provincal
1195 823 36 91 de
1280 839 98 80 Paris
1413 844 49 65 où
1490 831 28 81 il
1567 827 0 96 a
1602 819 78 102 fait
1729 826 21 78 le
1792 822 91 94 resté
1931 817 50 94 des
2023 834 260 83 Campagnes

926 917 221 90 d'hanorre
1212 943 26 68 en
1277 915 169 91 qualité
1504 918 39 87 de
1582 913 247 93 Sergent,

1136 1019 39 81 ors
1219 1016 34 83 du
1304 1007 260 91 licenciement
1641 1003 33 88 de
1707 1031 19 64 ce
1772 1025 110 65 Corps
1934 1025 13 64 à
1978 999 27 95 la
2043 1000 79 92 paix
2199 1015 33 71 le
2284 997 59 91 S.

912 1102 133 89 Volant
1101 1102 101 81 s'est
1245 1098 176 90 employé
1476 1096 70 84 sur
1589 1097 20 88 le
1652 1095 145 89 Champ
1866 1119 25 61 au
1942 1093 344 84 Recrulement

917 1184 60 88 des
1022 1184 196 110 Troupes
1270 1182 31 98 du
1354 1189 136 101 Roi,
1528 1194 83 82 tant
1678 1212 91 60 pour
1807 1180 22 102 le
1904 1178 295 110 Département
2258 1176 39 102 de
2327 1181 23 93 la

906 1306 176 76 Guerre,
1121 1320 58 60 que
1218 1320 84 57 pour
1353 1284 92 89 celui
1502 1282 40 87 de
1568 1314 32 53 la
1652 1278 220 87 Marine
1936 1276 104 90 sous
2078 1274 47 92 les
2162 1274 131 92 ordres

911 1396 38 82 de
984 1412 117 69 M.
1118 1402 226 77 Agobert.
1385 1420 32 54 Le
1464 1384 202 87 Certificat
1720 1397 134 72 cijoint
1914 1382 25 85 de
1981 1406 19 60 ce
2072 1382 250 82 Lieutenant

906 1481 139 88 Colonel
1095 1479 26 89 et
1166 1490 76 77 celui
1311 1477 39 89 de
1374 1477 27 89 la
1444 1474 369 91 Municipalité
1869 1471 217 91 d'Orleans
2143 1498 44 63 ou
2237 1469 96 91 ledit

895 1585 69 95 S^t
1004 1583 131 95 Volant
1182 1581 110 98 réside
1359 1581 131 98 depuis
1536 1588 22 89 18
1619 1608 55 58 ans
1735 1608 27 61 ne
1809 1579 158 94 laissent
2008 1598 68 69 rien
2123 1573 15 98 à
2184 1573 111 94 désire

891 1686 75 82 sur
1005 1683 18 83 le
1081 1681 69 85 zèle
1200 1681 19 83 le
1281 1681 357 82 désinteressement
1707 1702 17 56 et
1776 1675 29 83 le
1845 1694 178 63 Succes
2104 1694 115 60 avec

900 1775 178 108 lesquels
1114 1780 23 83 il
1204 1781 0 90 y
1255 1774 74 105 fait
1389 1775 66 104 ses
1492 1775 222 104 opérations
1772 1775 31 90 de
1855 1768 207 105 Becrues
2129 1793 22 81 en
2203 1766 155 107 qualité

925 1874 190 78 d'officier
1169 1891 211 58 drépose.

1089 1991 88 67 n1^e
1241 1964 24 100 8.
1305 1993 112 77 ayant
1457 1958 152 118 justifie
1673 1958 56 116 par
1786 1958 32 102 de
1858 1958 88 104 bous
1986 1958 216 116 Certificats
2250 1976 80 98 qu'il

899 2077 151 74 servoit
1118 2098 130 54 depuis
1300 2079 42 73 30
1389 2101 52 51 ans
1478 2078 161 74 revolus,
1676 2077 68 75 dont
1801 2076 83 76 plus
1937 2076 31 76 de
1994 2082 21 71 la
2093 2076 125 77 moitié
2276 2084 31 69 en

916 2166 157 83 qualité
1124 2194 28 55 de
1197 2168 163 81 sergent
1416 2185 23 64 il
1495 2166 123 83 obtini
1675 2166 56 83 des
1770 2166 135 83 bontes
1961 2167 34 82 du
2051 2173 95 76 Roi
2208 2194 23 55 en
2270 2170 73 79 cette

914 2282 157 62 derniere
1136 2270 162 76 qualité
1347 2275 27 71 la
1423 2281 244 68 recompense
1726 2272 239 79 Militaire
2035 2297 0 54 a
2089 2280 136 73 raison

918 2357 33 88 de
1004 2369 106 78 168^lt
1136 2382 66 65 par
1249 2378 79 70 an:
1374 2357 33 92 Le
1453 2357 198 94 Brevet
1704 2357 46 95 est
1803 2357 33 95 du
1896 2366 85 87 30.
2041 2357 105 98 x^bre
2193 2359 99 94 1778
2338 2375 26 73 et

898 2468 25 80 la
978 2474 103 79 Copie
1136 2481 25 65 en
1203 2476 37 75 est
1277 2470 256 85 cijointe.

1089 2547 35 97 Il
1167 2549 137 106 résulle
1362 2550 34 94 de
1417 2549 204 106 l'Expose
1675 2551 173 108 cidessus
1917 2551 32 106 et
1993 2556 66 105 des
2111 2577 135 80 pieces
2338 2583 2 73 y

905 2668 135 97 jointes
1089 2685 64 80 que
1202 2690 22 56 le
1273 2660 71 86 S^r
1394 2659 176 99 François
1620 2659 141 103 heury
1811 2657 156 96 Volant
2037 2663 100 94 sert
2214 2687 92 64 avec

922 2763 78 90 zele
1059 2766 20 85 et
1132 2765 196 90 distinction
1400 2762 145 92 depuis
1617 2773 52 81 43
1735 2777 78 77 ans

1118 2866 44 84 uil
1206 2866 0 84 a
1256 2869 56 81 été
1350 2864 100 87 tres,
1475 2864 351 87 dangereusement
1889 2862 125 90 blesse
2077 2893 31 59 au
2146 2866 163 86 Service

900 2962 87 110 dans
1035 2969 40 111 sa
1130 2983 183 97 premiere
1353 2962 207 108 Jennesse
1615 2986 24 91 et
1687 2980 80 90 qu'il
1846 2993 0 82 y
1894 2991 47 73 est
1989 2978 255 96 néannoins

2926 920 20 95 Le

2892 1142 0 69 C
