2272 3272
167 188 181 83 May
410 209 141 81 1758.
587 209 343 81 Voydant

601 288 176 84 mlechul
874 279 444 100 Mémoire

208 372 13 73 à
248 359 66 94 M.
361 362 146 91 Bignous

1599 209 206 89 Maode)

603 550 78 77 Le
730 539 46 79 S^r
850 542 887 112 DarmancourtLieutenant
1812 588 52 64 de

571 667 502 85 Marechaussée
1156 692 1 64 a
1219 683 277 84 Mantes

672 802 254 114 Envoye
961 807 62 89 les
1079 822 527 100 jnterrogatoires
1709 820 60 83 de
1805 820 75 80 six

567 936 401 105 particuliers
1054 967 93 74 qui
1179 962 71 69 ont
1289 970 77 71 été
1420 963 200 91 arretés
1695 967 98 83 par
1840 956 35 73 la

563 1048 270 111 Brigade
895 1057 55 110 de
985 1062 336 113 Chevreuse,
1353 1090 27 91 et
1436 1090 85 93 qui
1560 1083 118 83 sont
1727 1089 272 79 deserteurs

560 1175 146 87 d'une
752 1195 177 75 recriue
1011 1187 51 84 de
1125 1197 74 80 25.
1245 1194 283 91 hommes
1624 1204 223 84 destinée

573 1311 160 81 pour
780 1310 68 97 les
887 1309 259 104 Colonies
1202 1315 345 100 francoises

565 1563 230 88 Michel
908 1574 261 104 Voydant
1265 1608 228 73 paroist
1563 1592 286 88 d'autant

571 1685 133 84 plus
787 1697 234 102 suspect
1125 1717 126 89 qu'il
1357 1711 225 93 semble
1682 1743 166 62 avoir

565 1823 177 81 voulu
814 1830 199 90 cacher
1109 1836 33 87 le
1169 1834 99 96 lieu
1320 1846 47 84 de
1411 1850 69 82 son
1562 1863 281 84 origine,

547 1953 224 76 Jetant
825 1956 73 84 dit
994 1964 218 85 d'abord
1309 1975 56 83 de
1401 1982 310 82 Namur,
1781 1994 87 63 et–

546 2083 237 74 ensuite
869 2085 49 107 de
989 2093 260 106 Geneve,
1284 2130 33 62 et
1381 2132 243 92 nayant
1676 2123 91 103 pas
1820 2125 143 71 voulu

561 2234 197 66 rendre
838 2241 200 85 raison
1157 2252 44 85 de
1243 2244 35 94 la
1363 2257 255 91 conduite
1711 2257 120 93 qu'il
1923 2273 0 57 a

550 2368 173 62 tenue
820 2387 2 52 a
870 2384 221 81 Paris,
1147 2397 57 71 my
1285 2379 76 84 des
1417 2390 277 82 endroits
1814 2390 50 69 ou

562 2505 22 93 il
673 2499 2 98 y
758 2517 169 75 avoit
1002 2519 352 76 demeure.

1251 1404 16 54 1C

626 1436 72 79 Un
751 1436 45 93 de
835 1472 65 55 ces
969 1446 379 108 particuliers
1459 1463 233 89 nommé
1747 1462 183 102 Pierre

606 2640 193 76 Deux
884 2648 191 77 autres
1171 2652 45 77 de
1258 2657 62 85 ces
1387 2662 393 82 prisonniers

573 2753 270 89 nommés
933 2759 314 96 Sebastien
1346 2768 281 98 Géraud,
1673 2782 28 79 et
1760 2788 134 75 noel
