2080 3144
207 162 118 100 Pour
374 164 127 120 Copie

250 307 342 101 Voidant

201 424 153 131 Pierre
414 408 196 140 Michel

970 207 162 49 Extrait
1198 207 0 42 d
1290 207 287 53 Linterrogatoire
1632 209 81 40 d'un

985 252 197 82 particulier
1229 251 59 84 trés
1324 248 172 87 suspect,
1538 244 219 87 soupconné

988 318 34 59 de
1049 317 195 70 desertion,
1277 323 139 66 arresté
1444 312 62 75 par
1537 317 24 63 la
1599 312 156 77 brigade

973 397 40 54 de
1062 391 228 70 marechausée
1338 391 36 59 de
1407 387 199 68 Cheureuse
1659 386 35 59 Le

974 455 61 69 22.
1069 464 31 52 de
1119 466 22 58 ce
1175 460 101 60 mais,
1315 447 101 71 Suby
1450 454 141 58 ddevant
1641 449 76 61 nous

970 532 141 60 Charler
1144 519 175 71 Benoist
1385 517 276 70 D'armenceeur

978 595 223 65 Lieutenant
1260 597 36 59 de
1322 590 24 65 la
1387 586 272 69 marechaussée

1001 661 0 53 a
1033 651 22 79 la
1083 651 181 79 residence
1297 649 44 76 de
1396 657 165 65 manter,
1594 648 186 78 fcemmes

988 732 0 43 a
1024 727 41 65 cet
1095 721 72 67 effet
1217 728 204 66 transportée
1472 724 87 61 audit
1604 726 168 72 Cheureuse

993 819 261 37 acompeigue
1309 822 151 34 emtte
1505 822 118 40 preffie

987 857 210 84 ordinaire,
1245 873 79 70 ainsy
1384 860 48 67 qu'il
1486 854 150 87 ensuit.

579 870 77 120 Du
712 902 68 89 28.
817 927 77 86 avril
949 924 104 85 1758.

546 1004 370 86 Premierement
992 1004 172 87 Interogé
1196 1020 25 75 de
1246 1020 45 75 son
1335 1035 89 46 nom,
1456 1009 184 86 Surnoin,
1679 1017 101 78 age,

571 1089 136 63 qualité,
744 1089 141 64 demeure
935 1091 40 57 lle
1039 1093 68 62 Lieu
1157 1101 32 58 de
1212 1095 23 63 sa
1267 1102 222 54 Naissance.

563 1163 0 61 A
645 1168 50 66 dit
755 1184 60 52 quil
870 1165 136 75 sapelle
1056 1172 120 66 Pierre
1236 1166 104 77 Michel
1389 1168 170 79 Voidant,
1586 1175 66 72 agé
1674 1175 33 54 de

577 1247 56 53 23.
664 1252 81 62 ans,
780 1247 208 75 charpentier
1044 1253 25 69 de
1100 1248 25 74 sa
1151 1248 243 74 proffession,
1440 1247 71 58 sans
1567 1261 111 46 aucune

575 1304 131 67 demeure
745 1304 92 72 fixe,
886 1314 91 61 natif
1036 1319 27 53 de
1097 1312 105 64 namur
1257 1311 20 62 en
1308 1308 210 70 flandree.
1573 1308 61 66 dit

569 1374 250 71 presentement
879 1379 59 63 estre
998 1377 89 61 nalif
1141 1376 24 74 de
1206 1367 119 86 Geneve
1367 1368 149 84 pardite
1558 1369 41 81 S^t
1623 1370 137 84 Gervais.

602 1453 224 106 Interrogé
876 1455 36 89 sil
949 1460 14 96 à
985 1484 57 64 pere
1086 1463 14 67 le
1143 1474 58 63 mere
1251 1453 22 106 et
1302 1455 36 93 fil
1381 1460 36 69 est
1475 1462 130 65 marie.

584 1554 0 65 A
672 1552 66 81 dit
809 1563 55 70 qu'il
908 1569 5 48 à
935 1571 71 54 pere
1045 1551 22 70 Et
1105 1570 93 61 mere,
1248 1565 49 63 qui
1336 1560 214 67 demeurent
1613 1555 102 64 audit

559 1631 141 80 Genere,
722 1632 19 67 le
774 1627 199 82 Cabartier,
1031 1634 58 74 qu'il
1141 1629 47 77 n'est
1223 1629 87 71 point
1391 1621 134 75 marie.

619 1722 239 84 Interrogé
904 1736 30 68 ou
986 1722 23 80 Il
1038 1719 93 68 alloit
1195 1718 146 82 lorsqu'il
1388 1722 99 71 aesté
1521 1717 158 69 arresé.

592 1832 0 71 A
662 1828 52 77 dit
766 1828 53 82 qu'il
877 1834 87 61 alloit
1009 1835 1 53 a
1044 1823 159 80 Versaillée
1242 1835 89 67 pecir
1375 1831 1 53 y
1405 1814 152 82 cherches
1596 1822 106 54 de–

579 1896 214 78 Louvrage.

613 1972 230 83 Interrogé
883 1976 142 76 dequel
1070 1970 125 76 endruit
1241 1964 24 83 Il
1317 1963 101 76 venoit
1470 1966 106 67 avant
1616 1958 189 81 sacapture.

593 2057 0 54 A
661 2055 42 64 dit
755 2054 68 71 qu'il
880 2054 110 68 venoit
1058 2054 214 75 DEtamper,
1303 2059 104 70 ayant
1475 2056 89 71 quitté
1621 2057 58 64 une

579 2140 111 57 recrüe
740 2136 78 75 dont
868 2132 17 73 Il
918 2130 128 70 etoit,
1084 2131 111 78 s'étant
1240 2135 133 74 engagé
1417 2138 0 58 a
1467 2131 122 66 Paris
1634 2125 28 68 le
1695 2125 94 70 14.–

579 2214 38 49 de
633 2214 135 69 cemois,
811 2218 27 57 au
860 2214 44 63 S^r
956 2214 180 81 Labarthe
1183 2214 120 81 sergent
1351 2219 49 62 des
1437 2214 190 76 Colonnies

561 2289 199 95 françoises
831 2291 83 86 Logé
959 2302 39 66 rüe
1043 2305 32 50 de
1101 2298 19 67 la
1165 2295 142 83 Vannerie
1357 2306 84 72 prés
1479 2282 28 81 la
1550 2282 174 88 Grene.

619 2377 250 109 Interrogé
931 2373 225 112 Pourquoy
1210 2385 32 85 Il
1273 2402 7 50 à
1311 2382 117 100 quitté
1482 2374 24 85 sa
1543 2378 164 95 troupe.

592 2481 0 67 A
659 2487 53 79 dit
766 2500 60 67 que
859 2485 14 75 le
900 2480 33 94 d^r
973 2476 134 96 sergent
1174 2479 60 69 luy
1274 2486 94 85 avoit
1435 2473 248 94 proile–

579 2578 46 63 12.
716 2577 76 66 mais
848 2593 56 53 que
940 2583 86 61 neluy
1066 2579 102 67 ayant
1219 2572 50 74 pai
1315 2571 162 66 donné,
1523 2572 66 64 cela
1650 2573 41 60 la

573 2653 221 73 déterminé
835 2653 149 75 aquitter
1020 2653 21 73 la
1072 2653 103 69 recrüe
1226 2661 72 64 avec
1350 2653 82 75 Ciq
1484 2664 51 64 de
1566 2653 46 75 ses

586 2726 216 64 Camarades

159 955 194 155 honnetue
384 927 140 174 surpete

158 1154 52 58 N^o
241 1147 106 63 paroist
378 1148 65 53 avoir

189 1208 26 60 36
260 1220 107 49 anss.
