<?xml version="1.0" encoding="UTF-8"?>
<alto xmlns:xsi="http://www.w3.org/2001/XMLSchema-instance"
    xmlns="http://www.loc.gov/standards/alto/ns-v4#"
    xsi:schemaLocation="http://www.loc.gov/standards/alto/ns-v4# http://www.loc.gov/standards/alto/v4/alto-4-3.xsd">
    <Description>
        <MeasurementUnit>pixel</MeasurementUnit>
        <sourceImageInformation>
            <fileName>images3/anom_col_e_soldats_2/FRCAOM06_COLE_241619A_0805_fonduegdmegvv2.jpg</fileName>
        </sourceImageInformation>
        <Processing ID="OCR_c14d8a9a-1a56-42fb-9c2f-f159bf2d80bc">
            <processingCategory>contentGeneration</processingCategory>
            <processingStepDescription>Text line recognition</processingStepDescription>
            <processingStepSettings>text_direction: horizontal-tb; models: fondue_gd_megv_v2.mlmodel; pad: 16; bidi_reordering: True</processingStepSettings>
            <processingSoftware>
                <softwareName>kraken</softwareName>
                <softwareVersion>5.3.0</softwareVersion>
            </processingSoftware>
        </Processing>
    </Description>
    <Tags>
        <OtherTag DESCRIPTION="line type" ID="LINE_TYPE_1" TYPE="type" LABEL="default"/>
        <OtherTag DESCRIPTION="region type" ID="REGION_TYPE_1" TYPE="region" LABEL="MainZone"/>
    </Tags>
    <Layout>
        <Page WIDTH="2944" HEIGHT="4160" PHYSICAL_IMG_NR="0" ID="page_0">
            <PrintSpace HPOS="0" VPOS="0" WIDTH="2944" HEIGHT="4160">
                <TextBlock ID="fc368dbf-3037-4bbb-b2d5-e527fd15d4c9" HPOS="540.0" VPOS="311.0" WIDTH="2109.0" HEIGHT="2277.0" TAGREFS="REGION_TYPE_1">
<Shape>
                        <Polygon POINTS="540.0 311.0 2649.0 311.0 2649.0 2588.0 540.0 2588.0 540.0 311.0"/>
                    </Shape>
                    <TextLine ID="ad721d84-4eb0-443c-af9c-b052e5f581bd" HPOS="642.0" VPOS="383.0" WIDTH="1938.0" HEIGHT="139.0" BASELINE="645.0 476.0 2580.0 462.0" TAGREFS="LINE_TYPE_1">
                        <Shape>
                            <Polygon POINTS="645.0 476.0 645.0 496.0 758.0 496.0 816.0 520.0 818.0 520.0 820.0 520.0 823.0 520.0 860.0 501.0 894.0 520.0 897.0 520.0 899.0 522.0 964.0 522.0 964.0 520.0 966.0 520.0 1010.0 501.0 1047.0 517.0 1049.0 517.0 1052.0 520.0 1193.0 520.0 1193.0 517.0 1318.0 492.0 1359.0 508.0 1362.0 508.0 1364.0 508.0 1366.0 508.0 1410.0 494.0 1450.0 515.0 1452.0 515.0 1454.0 517.0 1512.0 517.0 1512.0 515.0 1514.0 515.0 1551.0 499.0 1783.0 508.0 1785.0 508.0 1787.0 508.0 1836.0 489.0 1940.0 510.0 1942.0 513.0 2095.0 513.0 2095.0 510.0 2097.0 510.0 2146.0 485.0 2481.0 485.0 2516.0 496.0 2518.0 496.0 2520.0 496.0 2523.0 496.0 2580.0 480.0 2580.0 462.0 2576.0 415.0 2363.0 409.0 2308.0 385.0 2305.0 385.0 2303.0 385.0 2301.0 385.0 2206.0 415.0 2125.0 404.0 2123.0 404.0 2120.0 404.0 2118.0 404.0 2102.0 418.0 1981.0 418.0 1921.0 383.0 1919.0 383.0 1838.0 383.0 1836.0 383.0 1833.0 383.0 1789.0 406.0 1734.0 397.0 1732.0 397.0 1729.0 397.0 1683.0 418.0 1561.0 402.0 1558.0 402.0 1556.0 402.0 1503.0 415.0 1450.0 399.0 1447.0 399.0 1445.0 399.0 1364.0 418.0 1327.0 402.0 1325.0 402.0 1322.0 402.0 1320.0 402.0 1274.0 418.0 1230.0 402.0 1228.0 402.0 1225.0 402.0 1223.0 402.0 1193.0 418.0 1137.0 388.0 1135.0 388.0 989.0 388.0 987.0 388.0 985.0 388.0 885.0 422.0 832.0 390.0 830.0 390.0 827.0 390.0 714.0 390.0 712.0 390.0 709.0 390.0 642.0 413.0 645.0 476.0"/>
                        </Shape>
                        <String ID="segment_0" CONTENT="Compagnie" HPOS="680" VPOS="388" WIDTH="362" HEIGHT="134" WC="0.9961">
                            <Shape>
                                <Polygon POINTS="680 400 681 496 1042 515 1041 388"/>
                            </Shape>
                            <Glyph ID="char_0" CONTENT="C" HPOS="680" VPOS="400" WIDTH="1" HEIGHT="96" GC="1.0">
                                <Shape>
                                    <Polygon POINTS="680 400 681 496 681 496 680 400"/>
                                </Shape>
                            </Glyph>
                            <Glyph ID="char_1" CONTENT="o" HPOS="743" VPOS="390" WIDTH="10" HEIGHT="106" GC="1.0">
                                <Shape>
                                    <Polygon POINTS="743 390 744 496 753 496 752 390"/>
                                </Shape>
                            </Glyph>
                            <Glyph ID="char_2" CONTENT="m" HPOS="806" VPOS="390" WIDTH="1" HEIGHT="126" GC="1.0">
                                <Shape>
                                    <Polygon POINTS="806 390 807 516 807 516 806 390"/>
                                </Shape>
                            </Glyph>
                            <Glyph ID="char_3" CONTENT="p" HPOS="851" VPOS="402" WIDTH="1" HEIGHT="103" GC="1.0">
                                <Shape>
                                    <Polygon POINTS="851 402 852 505 852 505 851 402"/>
                                </Shape>
                            </Glyph>
                            <Glyph ID="char_4" CONTENT="a" HPOS="897" VPOS="418" WIDTH="0" HEIGHT="102" GC="1.0">
                                <Shape>
                                    <Polygon POINTS="897 418 897 520 897 520 897 418"/>
                                </Shape>
                            </Glyph>
                            <Glyph ID="char_5" CONTENT="g" HPOS="932" VPOS="406" WIDTH="1" HEIGHT="116" GC="0.9663">
                                <Shape>
                                    <Polygon POINTS="932 406 933 522 933 522 932 406"/>
                                </Shape>
                            </Glyph>
                            <Glyph ID="char_6" CONTENT="n" HPOS="978" VPOS="390" WIDTH="1" HEIGHT="124" GC="1.0">
                                <Shape>
                                    <Polygon POINTS="978 390 979 514 979 514 978 390"/>
                                </Shape>
                            </Glyph>
                            <Glyph ID="char_7" CONTENT="i" HPOS="1014" VPOS="388" WIDTH="1" HEIGHT="115" GC="0.9987">
                                <Shape>
                                    <Polygon POINTS="1014 388 1015 503 1015 503 1014 388"/>
                                </Shape>
                            </Glyph>
                            <Glyph ID="char_8" CONTENT="e" HPOS="1041" VPOS="388" WIDTH="1" HEIGHT="127" GC="1.0">
                                <Shape>
                                    <Polygon POINTS="1041 388 1042 515 1042 515 1041 388"/>
                                </Shape>
                            </Glyph>
                        </String>
                        <SP ID="segment_1" HPOS="1122"  VPOS="388" WIDTH="10"  HEIGHT="132"/>
                        <String ID="segment_2" CONTENT="pour" HPOS="1149" VPOS="395" WIDTH="154" HEIGHT="125" WC="1.0">
                            <Shape>
                                <Polygon POINTS="1149 395 1150 520 1303 495 1303 408"/>
                            </Shape>
                            <Glyph ID="char_10" CONTENT="p" HPOS="1149" VPOS="395" WIDTH="1" HEIGHT="125" GC="1.0">
                                <Shape>
                                    <Polygon POINTS="1149 395 1150 520 1150 520 1149 395"/>
                                </Shape>
                            </Glyph>
                            <Glyph ID="char_11" CONTENT="o" HPOS="1221" VPOS="403" WIDTH="1" HEIGHT="108" GC="1.0">
                                <Shape>
                                    <Polygon POINTS="1221 403 1222 511 1222 511 1221 403"/>
                                </Shape>
                            </Glyph>
                            <Glyph ID="char_12" CONTENT="u" HPOS="1258" VPOS="412" WIDTH="0" HEIGHT="92" GC="1.0">
                                <Shape>
                                    <Polygon POINTS="1258 412 1258 504 1258 504 1258 412"/>
                                </Shape>
                            </Glyph>
                            <Glyph ID="char_13" CONTENT="r" HPOS="1303" VPOS="408" WIDTH="0" HEIGHT="87" GC="1.0">
                                <Shape>
                                    <Polygon POINTS="1303 408 1303 495 1303 495 1303 408"/>
                                </Shape>
                            </Glyph>
                        </String>
                        <SP ID="segment_3" HPOS="1348"  VPOS="411" WIDTH="9"  HEIGHT="96"/>
                        <String ID="segment_4" CONTENT="Reparation" HPOS="1375" VPOS="398" WIDTH="415" HEIGHT="119" WC="0.962">
                            <Shape>
                                <Polygon POINTS="1375 416 1375 505 1790 507 1790 406"/>
                            </Shape>
                            <Glyph ID="char_15" CONTENT="R" HPOS="1375" VPOS="416" WIDTH="0" HEIGHT="89" GC="1.0">
                                <Shape>
                                    <Polygon POINTS="1375 416 1375 505 1375 505 1375 416"/>
                                </Shape>
                            </Glyph>
                            <Glyph ID="char_16" CONTENT="e" HPOS="1492" VPOS="412" WIDTH="0" HEIGHT="105" GC="0.9316">
                                <Shape>
                                    <Polygon POINTS="1492 412 1492 517 1492 517 1492 412"/>
                                </Shape>
                            </Glyph>
                            <Glyph ID="char_17" CONTENT="p" HPOS="1528" VPOS="409" WIDTH="0" HEIGHT="100" GC="1.0">
                                <Shape>
                                    <Polygon POINTS="1528 409 1528 509 1528 509 1528 409"/>
                                </Shape>
                            </Glyph>
                            <Glyph ID="char_18" CONTENT="a" HPOS="1582" VPOS="405" WIDTH="0" HEIGHT="95" GC="0.9997">
                                <Shape>
                                    <Polygon POINTS="1582 405 1582 500 1582 500 1582 405"/>
                                </Shape>
                            </Glyph>
                            <Glyph ID="char_19" CONTENT="r" HPOS="1628" VPOS="411" WIDTH="0" HEIGHT="91" GC="1.0">
                                <Shape>
                                    <Polygon POINTS="1628 411 1628 502 1628 502 1628 411"/>
                                </Shape>
                            </Glyph>
                            <Glyph ID="char_20" CONTENT="a" HPOS="1664" VPOS="415" WIDTH="0" HEIGHT="88" GC="0.6889">
                                <Shape>
                                    <Polygon POINTS="1664 415 1664 503 1664 503 1664 415"/>
                                </Shape>
                            </Glyph>
                            <Glyph ID="char_21" CONTENT="t" HPOS="1700" VPOS="410" WIDTH="0" HEIGHT="95" GC="1.0">
                                <Shape>
                                    <Polygon POINTS="1700 410 1700 505 1700 505 1700 410"/>
                                </Shape>
                            </Glyph>
                            <Glyph ID="char_22" CONTENT="i" HPOS="1726" VPOS="398" WIDTH="1" HEIGHT="108" GC="1.0">
                                <Shape>
                                    <Polygon POINTS="1726 398 1727 506 1727 506 1726 398"/>
                                </Shape>
                            </Glyph>
                            <Glyph ID="char_23" CONTENT="o" HPOS="1753" VPOS="400" WIDTH="1" HEIGHT="107" GC="1.0">
                                <Shape>
                                    <Polygon POINTS="1753 400 1754 507 1754 507 1753 400"/>
                                </Shape>
                            </Glyph>
                            <Glyph ID="char_24" CONTENT="n" HPOS="1790" VPOS="406" WIDTH="0" HEIGHT="101" GC="0.9997">
                                <Shape>
                                    <Polygon POINTS="1790 406 1790 507 1790 507 1790 406"/>
                                </Shape>
                            </Glyph>
                        </String>
                        <SP ID="segment_5" HPOS="1852"  VPOS="383" WIDTH="10"  HEIGHT="111"/>
                        <String ID="segment_6" CONTENT="dequoy," HPOS="1879" VPOS="383" WIDTH="262" HEIGHT="130" WC="0.9972">
                            <Shape>
                                <Polygon POINTS="1879 383 1880 498 2141 487 2141 406"/>
                            </Shape>
                            <Glyph ID="char_26" CONTENT="d" HPOS="1879" VPOS="383" WIDTH="1" HEIGHT="115" GC="1.0">
                                <Shape>
                                    <Polygon POINTS="1879 383 1880 498 1880 498 1879 383"/>
                                </Shape>
                            </Glyph>
                            <Glyph ID="char_27" CONTENT="e" HPOS="1924" VPOS="385" WIDTH="1" HEIGHT="122" GC="0.9998">
                                <Shape>
                                    <Polygon POINTS="1924 385 1925 507 1925 507 1924 385"/>
                                </Shape>
                            </Glyph>
                            <Glyph ID="char_28" CONTENT="q" HPOS="1970" VPOS="411" WIDTH="0" HEIGHT="102" GC="0.9994">
                                <Shape>
                                    <Polygon POINTS="1970 411 1970 513 1970 513 1970 411"/>
                                </Shape>
                            </Glyph>
                            <Glyph ID="char_29" CONTENT="u" HPOS="2024" VPOS="418" WIDTH="0" HEIGHT="95" GC="0.9984">
                                <Shape>
                                    <Polygon POINTS="2024 418 2024 513 2024 513 2024 418"/>
                                </Shape>
                            </Glyph>
                            <Glyph ID="char_30" CONTENT="o" HPOS="2060" VPOS="418" WIDTH="0" HEIGHT="95" GC="0.9997">
                                <Shape>
                                    <Polygon POINTS="2060 418 2060 513 2060 513 2060 418"/>
                                </Shape>
                            </Glyph>
                            <Glyph ID="char_31" CONTENT="y" HPOS="2105" VPOS="416" WIDTH="0" HEIGHT="90" GC="0.9848">
                                <Shape>
                                    <Polygon POINTS="2105 416 2105 506 2105 506 2105 416"/>
                                </Shape>
                            </Glyph>
                            <Glyph ID="char_32" CONTENT="," HPOS="2141" VPOS="406" WIDTH="0" HEIGHT="81" GC="0.9986">
                                <Shape>
                                    <Polygon POINTS="2141 406 2141 487 2141 487 2141 406"/>
                                </Shape>
                            </Glyph>
                        </String>
                        <SP ID="segment_7" HPOS="2159"  VPOS="409" WIDTH="9"  HEIGHT="76"/>
                        <String ID="segment_8" CONTENT="et" HPOS="2186" VPOS="412" WIDTH="27" HEIGHT="73" WC="0.9811">
                            <Shape>
                                <Polygon POINTS="2186 412 2186 485 2213 485 2213 413"/>
                            </Shape>
                            <Glyph ID="char_34" CONTENT="e" HPOS="2186" VPOS="412" WIDTH="0" HEIGHT="73" GC="0.9627">
                                <Shape>
                                    <Polygon POINTS="2186 412 2186 485 2186 485 2186 412"/>
                                </Shape>
                            </Glyph>
                            <Glyph ID="char_35" CONTENT="t" HPOS="2213" VPOS="413" WIDTH="0" HEIGHT="72" GC="0.9996">
                                <Shape>
                                    <Polygon POINTS="2213 413 2213 485 2213 485 2213 413"/>
                                </Shape>
                            </Glyph>
                        </String>
                        <SP ID="segment_9" HPOS="2266"  VPOS="393" WIDTH="11"  HEIGHT="92"/>
                        <String ID="segment_10" CONTENT="attendû" HPOS="2294" VPOS="387" WIDTH="235" HEIGHT="109" WC="0.9999">
                            <Shape>
                                <Polygon POINTS="2294 387 2295 485 2529 494 2529 414"/>
                            </Shape>
                            <Glyph ID="char_37" CONTENT="a" HPOS="2294" VPOS="387" WIDTH="1" HEIGHT="98" GC="0.9996">
                                <Shape>
                                    <Polygon POINTS="2294 387 2295 485 2295 485 2294 387"/>
                                </Shape>
                            </Glyph>
                            <Glyph ID="char_38" CONTENT="t" HPOS="2339" VPOS="399" WIDTH="1" HEIGHT="86" GC="1.0">
                                <Shape>
                                    <Polygon POINTS="2339 399 2340 485 2340 485 2339 399"/>
                                </Shape>
                            </Glyph>
                            <Glyph ID="char_39" CONTENT="t" HPOS="2367" VPOS="409" WIDTH="0" HEIGHT="76" GC="1.0">
                                <Shape>
                                    <Polygon POINTS="2367 409 2367 485 2367 485 2367 409"/>
                                </Shape>
                            </Glyph>
                            <Glyph ID="char_40" CONTENT="e" HPOS="2394" VPOS="410" WIDTH="0" HEIGHT="75" GC="1.0">
                                <Shape>
                                    <Polygon POINTS="2394 410 2394 485 2394 485 2394 410"/>
                                </Shape>
                            </Glyph>
                            <Glyph ID="char_41" CONTENT="n" HPOS="2430" VPOS="411" WIDTH="0" HEIGHT="74" GC="1.0">
                                <Shape>
                                    <Polygon POINTS="2430 411 2430 485 2430 485 2430 411"/>
                                </Shape>
                            </Glyph>
                            <Glyph ID="char_42" CONTENT="d" HPOS="2466" VPOS="412" WIDTH="0" HEIGHT="73" GC="0.9998">
                                <Shape>
                                    <Polygon POINTS="2466 412 2466 485 2466 485 2466 412"/>
                                </Shape>
                            </Glyph>
                            <Glyph ID="char_43" CONTENT="u" HPOS="2511" VPOS="413" WIDTH="9" HEIGHT="83" GC="1.0">
                                <Shape>
                                    <Polygon POINTS="2511 413 2511 494 2520 496 2520 413"/>
                                </Shape>
                            </Glyph>
                            <Glyph ID="char_44" CONTENT="̂" HPOS="2529" VPOS="414" WIDTH="0" HEIGHT="80" GC="0.9997">
                                <Shape>
                                    <Polygon POINTS="2529 414 2529 494 2529 494 2529 414"/>
                                </Shape>
                            </Glyph>
                        </String>
                    </TextLine>

                    <TextLine ID="9cbe8a58-f342-40a1-b23a-dec24409844e" HPOS="647.0" VPOS="526.0" WIDTH="1915.0" HEIGHT="132.0" BASELINE="647.0 610.0 1766.0 617.0 2562.0 605.0" TAGREFS="LINE_TYPE_1">
                        <Shape>
                            <Polygon POINTS="647.0 658.0 758.0 633.0 841.0 656.0 844.0 656.0 846.0 658.0 971.0 658.0 971.0 656.0 973.0 656.0 1036.0 630.0 1075.0 630.0 1107.0 656.0 1110.0 656.0 1112.0 656.0 1114.0 658.0 1165.0 658.0 1165.0 656.0 1167.0 656.0 1170.0 656.0 1207.0 630.0 1422.0 630.0 1475.0 656.0 1477.0 656.0 1480.0 656.0 1572.0 642.0 1637.0 656.0 1639.0 656.0 1641.0 656.0 1676.0 640.0 1739.0 654.0 1741.0 654.0 1917.0 633.0 2236.0 642.0 2238.0 642.0 2328.0 630.0 2375.0 656.0 2377.0 656.0 2379.0 658.0 2453.0 658.0 2453.0 656.0 2456.0 656.0 2509.0 630.0 2560.0 630.0 2562.0 605.0 2557.0 566.0 2460.0 566.0 2372.0 526.0 2370.0 526.0 2368.0 526.0 2291.0 529.0 2289.0 529.0 2287.0 529.0 2231.0 563.0 2153.0 533.0 2150.0 533.0 2148.0 533.0 2146.0 533.0 2083.0 563.0 1926.0 552.0 1924.0 552.0 1792.0 563.0 1734.0 526.0 1732.0 526.0 1729.0 526.0 1699.0 526.0 1697.0 526.0 1695.0 526.0 1561.0 563.0 1517.0 545.0 1514.0 545.0 1512.0 545.0 1440.0 559.0 1311.0 529.0 1308.0 529.0 1306.0 529.0 1304.0 529.0 1258.0 563.0 1107.0 536.0 1105.0 536.0 1103.0 536.0 1100.0 536.0 1073.0 554.0 1036.0 543.0 1033.0 543.0 1031.0 543.0 941.0 563.0 846.0 526.0 844.0 526.0 647.0 526.0 647.0 610.0 647.0 658.0"/>
                        </Shape>
                        <String ID="segment_11" CONTENT="qu&#39;il" HPOS="695" VPOS="526" WIDTH="106" HEIGHT="121" WC="0.9999">
                            <Shape>
                                <Polygon POINTS="696 526 695 647 800 645 801 526"/>
                            </Shape>
                            <Glyph ID="char_45" CONTENT="q" HPOS="695" VPOS="526" WIDTH="1" HEIGHT="121" GC="1.0">
                                <Shape>
                                    <Polygon POINTS="696 526 695 647 695 647 696 526"/>
                                </Shape>
                            </Glyph>
                            <Glyph ID="char_46" CONTENT="u" HPOS="743" VPOS="526" WIDTH="1" HEIGHT="110" GC="0.9997">
                                <Shape>
                                    <Polygon POINTS="744 526 743 636 743 636 744 526"/>
                                </Shape>
                            </Glyph>
                            <Glyph ID="char_47" CONTENT="&#39;" HPOS="762" VPOS="526" WIDTH="1" HEIGHT="108" GC="0.9999">
                                <Shape>
                                    <Polygon POINTS="763 526 762 634 762 634 763 526"/>
                                </Shape>
                            </Glyph>
                            <Glyph ID="char_48" CONTENT="i" HPOS="772" VPOS="526" WIDTH="1" HEIGHT="111" GC="0.9999">
                                <Shape>
                                    <Polygon POINTS="773 526 772 637 772 637 773 526"/>
                                </Shape>
                            </Glyph>
                            <Glyph ID="char_49" CONTENT="l" HPOS="800" VPOS="526" WIDTH="1" HEIGHT="119" GC="0.9999">
                                <Shape>
                                    <Polygon POINTS="801 526 800 645 800 645 801 526"/>
                                </Shape>
                            </Glyph>
                        </String>
                        <SP ID="segment_12" HPOS="867"  VPOS="534" WIDTH="10"  HEIGHT="124"/>
                        <String ID="segment_13" CONTENT="ny" HPOS="906" VPOS="550" WIDTH="67" HEIGHT="108" WC="0.9889">
                            <Shape>
                                <Polygon POINTS="906 550 906 658 973 656 973 556"/>
                            </Shape>
                            <Glyph ID="char_51" CONTENT="n" HPOS="906" VPOS="550" WIDTH="0" HEIGHT="108" GC="0.9778">
                                <Shape>
                                    <Polygon POINTS="906 550 906 658 906 658 906 550"/>
                                </Shape>
                            </Glyph>
                            <Glyph ID="char_52" CONTENT="y" HPOS="973" VPOS="556" WIDTH="0" HEIGHT="100" GC="1.0">
                                <Shape>
                                    <Polygon POINTS="973 556 973 656 973 656 973 556"/>
                                </Shape>
                            </Glyph>
                        </String>
                        <SP ID="segment_14" HPOS="992"  VPOS="549" WIDTH="10"  HEIGHT="99"/>
                        <String ID="segment_15" CONTENT="à" HPOS="1021" VPOS="543" WIDTH="9" HEIGHT="93" WC="0.9992">
                            <Shape>
                                <Polygon POINTS="1021 545 1021 636 1030 633 1030 543"/>
                            </Shape>
                            <Glyph ID="char_54" CONTENT="a" HPOS="1021" VPOS="545" WIDTH="0" HEIGHT="91" GC="0.9998">
                                <Shape>
                                    <Polygon POINTS="1021 545 1021 636 1021 636 1021 545"/>
                                </Shape>
                            </Glyph>
                            <Glyph ID="char_55" CONTENT="̀" HPOS="1030" VPOS="543" WIDTH="0" HEIGHT="90" GC="0.9986">
                                <Shape>
                                    <Polygon POINTS="1030 543 1030 633 1030 633 1030 543"/>
                                </Shape>
                            </Glyph>
                        </String>
                        <SP ID="segment_16" HPOS="1088"  VPOS="538" WIDTH="9"  HEIGHT="110"/>
                        <String ID="segment_17" CONTENT="ny" HPOS="1116" VPOS="538" WIDTH="68" HEIGHT="120" WC="0.9897">
                            <Shape>
                                <Polygon POINTS="1116 538 1116 658 1184 646 1184 550"/>
                            </Shape>
                            <Glyph ID="char_57" CONTENT="n" HPOS="1116" VPOS="538" WIDTH="0" HEIGHT="120" GC="0.9801">
                                <Shape>
                                    <Polygon POINTS="1116 538 1116 658 1116 658 1116 538"/>
                                </Shape>
                            </Glyph>
                            <Glyph ID="char_58" CONTENT="y" HPOS="1184" VPOS="550" WIDTH="0" HEIGHT="96" GC="0.9993">
                                <Shape>
                                    <Polygon POINTS="1184 550 1184 646 1184 646 1184 550"/>
                                </Shape>
                            </Glyph>
                        </String>
                        <SP ID="segment_18" HPOS="1222"  VPOS="557" WIDTH="9"  HEIGHT="73"/>
                        <String ID="segment_19" CONTENT="Prison" HPOS="1251" VPOS="531" WIDTH="153" HEIGHT="99" WC="0.9996">
                            <Shape>
                                <Polygon POINTS="1251 562 1251 630 1404 630 1404 551"/>
                            </Shape>
                            <Glyph ID="char_60" CONTENT="P" HPOS="1251" VPOS="562" WIDTH="0" HEIGHT="68" GC="0.9997">
                                <Shape>
                                    <Polygon POINTS="1251 562 1251 630 1251 630 1251 562"/>
                                </Shape>
                            </Glyph>
                            <Glyph ID="char_61" CONTENT="r" HPOS="1298" VPOS="533" WIDTH="0" HEIGHT="97" GC="0.9998">
                                <Shape>
                                    <Polygon POINTS="1298 533 1298 630 1298 630 1298 533"/>
                                </Shape>
                            </Glyph>
                            <Glyph ID="char_62" CONTENT="i" HPOS="1318" VPOS="531" WIDTH="1" HEIGHT="99" GC="0.9993">
                                <Shape>
                                    <Polygon POINTS="1319 531 1318 630 1318 630 1319 531"/>
                                </Shape>
                            </Glyph>
                            <Glyph ID="char_63" CONTENT="s" HPOS="1337" VPOS="535" WIDTH="0" HEIGHT="95" GC="1.0">
                                <Shape>
                                    <Polygon POINTS="1337 535 1337 630 1337 630 1337 535"/>
                                </Shape>
                            </Glyph>
                            <Glyph ID="char_64" CONTENT="o" HPOS="1366" VPOS="542" WIDTH="0" HEIGHT="88" GC="0.999">
                                <Shape>
                                    <Polygon POINTS="1366 542 1366 630 1366 630 1366 542"/>
                                </Shape>
                            </Glyph>
                            <Glyph ID="char_65" CONTENT="n" HPOS="1404" VPOS="551" WIDTH="0" HEIGHT="79" GC="0.9997">
                                <Shape>
                                    <Polygon POINTS="1404 551 1404 630 1404 630 1404 551"/>
                                </Shape>
                            </Glyph>
                        </String>
                        <SP ID="segment_20" HPOS="1471"  VPOS="551" WIDTH="9"  HEIGHT="105"/>
                        <String ID="segment_21" CONTENT="ny" HPOS="1500" VPOS="547" WIDTH="57" HEIGHT="106" WC="0.9998">
                            <Shape>
                                <Polygon POINTS="1500 547 1500 653 1557 644 1557 561"/>
                            </Shape>
                            <Glyph ID="char_67" CONTENT="n" HPOS="1500" VPOS="547" WIDTH="0" HEIGHT="106" GC="1.0">
                                <Shape>
                                    <Polygon POINTS="1500 547 1500 653 1500 653 1500 547"/>
                                </Shape>
                            </Glyph>
                            <Glyph ID="char_68" CONTENT="y" HPOS="1557" VPOS="561" WIDTH="0" HEIGHT="83" GC="0.9996">
                                <Shape>
                                    <Polygon POINTS="1557 561 1557 644 1557 644 1557 561"/>
                                </Shape>
                            </Glyph>
                        </String>
                        <SP ID="segment_22" HPOS="1595"  VPOS="551" WIDTH="10"  HEIGHT="98"/>
                        <String ID="segment_23" CONTENT="Garnison" HPOS="1624" VPOS="526" WIDTH="278" HEIGHT="127" WC="0.9173">
                            <Shape>
                                <Polygon POINTS="1624 545 1624 653 1902 635 1901 554"/>
                            </Shape>
                            <Glyph ID="char_70" CONTENT="G" HPOS="1624" VPOS="545" WIDTH="0" HEIGHT="108" GC="1.0">
                                <Shape>
                                    <Polygon POINTS="1624 545 1624 653 1624 653 1624 545"/>
                                </Shape>
                            </Glyph>
                            <Glyph ID="char_71" CONTENT="a" HPOS="1691" VPOS="527" WIDTH="1" HEIGHT="116" GC="0.7059">
                                <Shape>
                                    <Polygon POINTS="1692 527 1691 643 1691 643 1692 527"/>
                                </Shape>
                            </Glyph>
                            <Glyph ID="char_72" CONTENT="r" HPOS="1720" VPOS="526" WIDTH="11" HEIGHT="126" GC="0.9976">
                                <Shape>
                                    <Polygon POINTS="1721 526 1720 650 1730 652 1731 526"/>
                                </Shape>
                            </Glyph>
                            <Glyph ID="char_73" CONTENT="n" HPOS="1767" VPOS="547" WIDTH="1" HEIGHT="104" GC="1.0">
                                <Shape>
                                    <Polygon POINTS="1767 547 1768 651 1768 651 1767 547"/>
                                </Shape>
                            </Glyph>
                            <Glyph ID="char_74" CONTENT="i" HPOS="1796" VPOS="563" WIDTH="1" HEIGHT="84" GC="1.0">
                                <Shape>
                                    <Polygon POINTS="1796 563 1797 647 1797 647 1796 563"/>
                                </Shape>
                            </Glyph>
                            <Glyph ID="char_75" CONTENT="s" HPOS="1824" VPOS="560" WIDTH="1" HEIGHT="84" GC="0.6602">
                                <Shape>
                                    <Polygon POINTS="1824 560 1825 644 1825 644 1824 560"/>
                                </Shape>
                            </Glyph>
                            <Glyph ID="char_76" CONTENT="o" HPOS="1863" VPOS="557" WIDTH="1" HEIGHT="82" GC="1.0">
                                <Shape>
                                    <Polygon POINTS="1863 557 1864 639 1864 639 1863 557"/>
                                </Shape>
                            </Glyph>
                            <Glyph ID="char_77" CONTENT="n" HPOS="1901" VPOS="554" WIDTH="1" HEIGHT="81" GC="0.975">
                                <Shape>
                                    <Polygon POINTS="1901 554 1902 635 1902 635 1901 554"/>
                                </Shape>
                            </Glyph>
                        </String>
                        <SP ID="segment_24" HPOS="1978"  VPOS="556" WIDTH="1"  HEIGHT="79"/>
                        <String ID="segment_25" CONTENT="au" HPOS="1997" VPOS="557" WIDTH="49" HEIGHT="80" WC="0.9985">
                            <Shape>
                                <Polygon POINTS="1997 557 1998 635 2046 637 2045 560"/>
                            </Shape>
                            <Glyph ID="char_79" CONTENT="a" HPOS="1997" VPOS="557" WIDTH="1" HEIGHT="78" GC="0.9994">
                                <Shape>
                                    <Polygon POINTS="1997 557 1998 635 1998 635 1997 557"/>
                                </Shape>
                            </Glyph>
                            <Glyph ID="char_80" CONTENT="u" HPOS="2045" VPOS="560" WIDTH="1" HEIGHT="77" GC="0.9976">
                                <Shape>
                                    <Polygon POINTS="2045 560 2046 637 2046 637 2045 560"/>
                                </Shape>
                            </Glyph>
                        </String>
                        <SP ID="segment_26" HPOS="2073"  VPOS="562" WIDTH="11"  HEIGHT="76"/>
                        <String ID="segment_27" CONTENT="Port" HPOS="2102" VPOS="536" WIDTH="97" HEIGHT="105" WC="0.949">
                            <Shape>
                                <Polygon POINTS="2102 554 2103 638 2199 641 2198 550"/>
                            </Shape>
                            <Glyph ID="char_82" CONTENT="P" HPOS="2102" VPOS="554" WIDTH="1" HEIGHT="84" GC="0.9993">
                                <Shape>
                                    <Polygon POINTS="2102 554 2103 638 2103 638 2102 554"/>
                                </Shape>
                            </Glyph>
                            <Glyph ID="char_83" CONTENT="o" HPOS="2131" VPOS="540" WIDTH="1" HEIGHT="99" GC="0.811">
                                <Shape>
                                    <Polygon POINTS="2131 540 2132 639 2132 639 2131 540"/>
                                </Shape>
                            </Glyph>
                            <Glyph ID="char_84" CONTENT="r" HPOS="2160" VPOS="536" WIDTH="10" HEIGHT="104" GC="0.9873">
                                <Shape>
                                    <Polygon POINTS="2160 536 2161 640 2170 640 2169 539"/>
                                </Shape>
                            </Glyph>
                            <Glyph ID="char_85" CONTENT="t" HPOS="2198" VPOS="550" WIDTH="1" HEIGHT="91" GC="0.9983">
                                <Shape>
                                    <Polygon POINTS="2198 550 2199 641 2199 641 2198 550"/>
                                </Shape>
                            </Glyph>
                        </String>
                        <SP ID="segment_28" HPOS="2217"  VPOS="558" WIDTH="1"  HEIGHT="84"/>
                        <String ID="segment_29" CONTENT="au" HPOS="2236" VPOS="536" WIDTH="40" HEIGHT="106" WC="0.9992">
                            <Shape>
                                <Polygon POINTS="2236 560 2237 642 2276 637 2275 536"/>
                            </Shape>
                            <Glyph ID="char_87" CONTENT="a" HPOS="2236" VPOS="560" WIDTH="1" HEIGHT="82" GC="0.9986">
                                <Shape>
                                    <Polygon POINTS="2236 560 2237 642 2237 642 2236 560"/>
                                </Shape>
                            </Glyph>
                            <Glyph ID="char_88" CONTENT="u" HPOS="2275" VPOS="536" WIDTH="1" HEIGHT="101" GC="0.9997">
                                <Shape>
                                    <Polygon POINTS="2275 536 2276 637 2276 637 2275 536"/>
                                </Shape>
                            </Glyph>
                        </String>
                        <SP ID="segment_30" HPOS="2294"  VPOS="529" WIDTH="10"  HEIGHT="105"/>
                        <String ID="segment_31" CONTENT="Prince" HPOS="2322" VPOS="526" WIDTH="174" HEIGHT="132" WC="0.8878">
                            <Shape>
                                <Polygon POINTS="2322 528 2323 631 2496 636 2495 566"/>
                            </Shape>
                            <Glyph ID="char_90" CONTENT="P" HPOS="2322" VPOS="528" WIDTH="1" HEIGHT="103" GC="0.9985">
                                <Shape>
                                    <Polygon POINTS="2322 528 2323 631 2323 631 2322 528"/>
                                </Shape>
                            </Glyph>
                            <Glyph ID="char_91" CONTENT="r" HPOS="2361" VPOS="526" WIDTH="2" HEIGHT="123" GC="0.8685">
                                <Shape>
                                    <Polygon POINTS="2361 526 2363 649 2363 649 2361 526"/>
                                </Shape>
                            </Glyph>
                            <Glyph ID="char_92" CONTENT="i" HPOS="2380" VPOS="530" WIDTH="11" HEIGHT="128" GC="0.9996">
                                <Shape>
                                    <Polygon POINTS="2380 530 2382 658 2391 658 2389 534"/>
                                </Shape>
                            </Glyph>
                            <Glyph ID="char_93" CONTENT="n" HPOS="2437" VPOS="556" WIDTH="2" HEIGHT="102" GC="0.5106">
                                <Shape>
                                    <Polygon POINTS="2437 556 2439 658 2439 658 2437 556"/>
                                </Shape>
                            </Glyph>
                            <Glyph ID="char_94" CONTENT="c" HPOS="2457" VPOS="565" WIDTH="2" HEIGHT="90" GC="0.9996">
                                <Shape>
                                    <Polygon POINTS="2457 565 2459 655 2459 655 2457 565"/>
                                </Shape>
                            </Glyph>
                            <Glyph ID="char_95" CONTENT="e" HPOS="2495" VPOS="566" WIDTH="1" HEIGHT="70" GC="0.9501">
                                <Shape>
                                    <Polygon POINTS="2495 566 2496 636 2496 636 2495 566"/>
                                </Shape>
                            </Glyph>
                        </String>
                    </TextLine>

                    <TextLine ID="41736984-db16-420c-a7ec-5cfa356f905e" HPOS="647.0" VPOS="663.0" WIDTH="1943.0" HEIGHT="118.0" BASELINE="649.0 739.0 2590.0 734.0" TAGREFS="LINE_TYPE_1">
                        <Shape>
                            <Polygon POINTS="649.0 739.0 652.0 776.0 693.0 764.0 714.0 778.0 716.0 778.0 719.0 778.0 721.0 778.0 802.0 767.0 844.0 778.0 846.0 778.0 848.0 778.0 851.0 778.0 920.0 760.0 1073.0 771.0 1075.0 771.0 1077.0 771.0 1110.0 760.0 1160.0 778.0 1163.0 778.0 1165.0 778.0 1167.0 778.0 1234.0 760.0 1283.0 778.0 1285.0 778.0 1288.0 781.0 1445.0 781.0 1445.0 778.0 1447.0 778.0 1475.0 764.0 1496.0 778.0 1498.0 778.0 1500.0 778.0 1503.0 781.0 1616.0 781.0 1616.0 778.0 1688.0 762.0 1752.0 771.0 1755.0 771.0 1954.0 758.0 1981.0 769.0 1984.0 769.0 1986.0 769.0 2229.0 758.0 2296.0 774.0 2298.0 774.0 2301.0 774.0 2303.0 774.0 2305.0 774.0 2324.0 760.0 2486.0 760.0 2518.0 776.0 2520.0 776.0 2523.0 778.0 2587.0 778.0 2590.0 734.0 2585.0 686.0 2412.0 686.0 2326.0 663.0 2324.0 663.0 2321.0 663.0 2243.0 681.0 2162.0 663.0 2160.0 663.0 2157.0 663.0 2155.0 663.0 2125.0 686.0 1979.0 686.0 1933.0 663.0 1931.0 663.0 1836.0 663.0 1833.0 663.0 1831.0 663.0 1776.0 686.0 1729.0 686.0 1692.0 665.0 1690.0 665.0 1688.0 665.0 1685.0 665.0 1641.0 684.0 1611.0 665.0 1609.0 665.0 1607.0 665.0 1604.0 665.0 1602.0 665.0 1563.0 686.0 1519.0 665.0 1517.0 665.0 1429.0 665.0 1426.0 665.0 1424.0 665.0 1380.0 686.0 1320.0 665.0 1318.0 665.0 1315.0 665.0 1313.0 665.0 1241.0 686.0 1112.0 665.0 1110.0 665.0 1107.0 665.0 1045.0 686.0 705.0 665.0 703.0 665.0 700.0 665.0 647.0 684.0 649.0 739.0"/>
                        </Shape>
                        <String ID="segment_32" CONTENT="suffisante," HPOS="689" VPOS="667" WIDTH="325" HEIGHT="110" WC="0.9866">
                            <Shape>
                                <Polygon POINTS="689 669 689 765 1014 767 1014 684"/>
                            </Shape>
                            <Glyph ID="char_96" CONTENT="s" HPOS="689" VPOS="669" WIDTH="0" HEIGHT="96" GC="1.0">
                                <Shape>
                                    <Polygon POINTS="689 669 689 765 689 765 689 669"/>
                                </Shape>
                            </Glyph>
                            <Glyph ID="char_97" CONTENT="u" HPOS="736" VPOS="667" WIDTH="0" HEIGHT="109" GC="1.0">
                                <Shape>
                                    <Polygon POINTS="736 667 736 776 736 776 736 667"/>
                                </Shape>
                            </Glyph>
                            <Glyph ID="char_98" CONTENT="f" HPOS="768" VPOS="669" WIDTH="0" HEIGHT="103" GC="0.9997">
                                <Shape>
                                    <Polygon POINTS="768 669 768 772 768 772 768 669"/>
                                </Shape>
                            </Glyph>
                            <Glyph ID="char_99" CONTENT="f" HPOS="800" VPOS="671" WIDTH="0" HEIGHT="96" GC="0.9996">
                                <Shape>
                                    <Polygon POINTS="800 671 800 767 800 767 800 671"/>
                                </Shape>
                            </Glyph>
                            <Glyph ID="char_100" CONTENT="i" HPOS="816" VPOS="672" WIDTH="0" HEIGHT="99" GC="0.9998">
                                <Shape>
                                    <Polygon POINTS="816 672 816 771 816 771 816 672"/>
                                </Shape>
                            </Glyph>
                            <Glyph ID="char_101" CONTENT="s" HPOS="839" VPOS="673" WIDTH="0" HEIGHT="104" GC="1.0">
                                <Shape>
                                    <Polygon POINTS="839 673 839 777 839 777 839 673"/>
                                </Shape>
                            </Glyph>
                            <Glyph ID="char_102" CONTENT="a" HPOS="871" VPOS="675" WIDTH="0" HEIGHT="98" GC="0.9987">
                                <Shape>
                                    <Polygon POINTS="871 675 871 773 871 773 871 675"/>
                                </Shape>
                            </Glyph>
                            <Glyph ID="char_103" CONTENT="n" HPOS="911" VPOS="678" WIDTH="0" HEIGHT="84" GC="0.9953">
                                <Shape>
                                    <Polygon POINTS="911 678 911 762 911 762 911 678"/>
                                </Shape>
                            </Glyph>
                            <Glyph ID="char_104" CONTENT="t" HPOS="943" VPOS="680" WIDTH="0" HEIGHT="82" GC="1.0">
                                <Shape>
                                    <Polygon POINTS="943 680 943 762 943 762 943 680"/>
                                </Shape>
                            </Glyph>
                            <Glyph ID="char_105" CONTENT="e" HPOS="966" VPOS="681" WIDTH="0" HEIGHT="82" GC="0.8594">
                                <Shape>
                                    <Polygon POINTS="966 681 966 763 966 763 966 681"/>
                                </Shape>
                            </Glyph>
                            <Glyph ID="char_106" CONTENT="," HPOS="1014" VPOS="684" WIDTH="0" HEIGHT="83" GC="1.0">
                                <Shape>
                                    <Polygon POINTS="1014 684 1014 767 1014 767 1014 684"/>
                                </Shape>
                            </Glyph>
                        </String>
                        <SP ID="segment_33" HPOS="1038"  VPOS="686" WIDTH="8"  HEIGHT="83"/>
                        <String ID="segment_34" CONTENT="Lieu" HPOS="1077" VPOS="666" WIDTH="96" HEIGHT="110" WC="0.9998">
                            <Shape>
                                <Polygon POINTS="1077 675 1077 771 1173 776 1173 675"/>
                            </Shape>
                            <Glyph ID="char_108" CONTENT="L" HPOS="1077" VPOS="675" WIDTH="0" HEIGHT="96" GC="0.9999">
                                <Shape>
                                    <Polygon POINTS="1077 675 1077 771 1077 771 1077 675"/>
                                </Shape>
                            </Glyph>
                            <Glyph ID="char_109" CONTENT="i" HPOS="1117" VPOS="666" WIDTH="0" HEIGHT="97" GC="0.9997">
                                <Shape>
                                    <Polygon POINTS="1117 666 1117 763 1117 763 1117 666"/>
                                </Shape>
                            </Glyph>
                            <Glyph ID="char_110" CONTENT="e" HPOS="1141" VPOS="670" WIDTH="0" HEIGHT="101" GC="0.9999">
                                <Shape>
                                    <Polygon POINTS="1141 670 1141 771 1141 771 1141 670"/>
                                </Shape>
                            </Glyph>
                            <Glyph ID="char_111" CONTENT="u" HPOS="1173" VPOS="675" WIDTH="0" HEIGHT="101" GC="0.9996">
                                <Shape>
                                    <Polygon POINTS="1173 675 1173 776 1173 776 1173 675"/>
                                </Shape>
                            </Glyph>
                        </String>
                        <SP ID="segment_35" HPOS="1204"  VPOS="680" WIDTH="0"  HEIGHT="88"/>
                        <String ID="segment_36" CONTENT="ou" HPOS="1220" VPOS="681" WIDTH="40" HEIGHT="89" WC="0.9998">
                            <Shape>
                                <Polygon POINTS="1220 683 1220 764 1260 770 1260 681"/>
                            </Shape>
                            <Glyph ID="char_113" CONTENT="o" HPOS="1220" VPOS="683" WIDTH="0" HEIGHT="81" GC="0.9996">
                                <Shape>
                                    <Polygon POINTS="1220 683 1220 764 1220 764 1220 683"/>
                                </Shape>
                            </Glyph>
                            <Glyph ID="char_114" CONTENT="u" HPOS="1260" VPOS="681" WIDTH="0" HEIGHT="89" GC="1.0">
                                <Shape>
                                    <Polygon POINTS="1260 681 1260 770 1260 770 1260 681"/>
                                </Shape>
                            </Glyph>
                        </String>
                        <SP ID="segment_37" HPOS="1292"  VPOS="671" WIDTH="0"  HEIGHT="110"/>
                        <String ID="segment_38" CONTENT="le" HPOS="1308" VPOS="667" WIDTH="31" HEIGHT="114" WC="0.9988">
                            <Shape>
                                <Polygon POINTS="1308 667 1308 781 1339 781 1339 672"/>
                            </Shape>
                            <Glyph ID="char_116" CONTENT="l" HPOS="1308" VPOS="667" WIDTH="0" HEIGHT="114" GC="0.9992">
                                <Shape>
                                    <Polygon POINTS="1308 667 1308 781 1308 781 1308 667"/>
                                </Shape>
                            </Glyph>
                            <Glyph ID="char_117" CONTENT="e" HPOS="1339" VPOS="672" WIDTH="0" HEIGHT="109" GC="0.9983">
                                <Shape>
                                    <Polygon POINTS="1339 672 1339 781 1339 781 1339 672"/>
                                </Shape>
                            </Glyph>
                        </String>
                        <SP ID="segment_39" HPOS="1379"  VPOS="683" WIDTH="8"  HEIGHT="98"/>
                        <String ID="segment_40" CONTENT="délit" HPOS="1403" VPOS="665" WIDTH="111" HEIGHT="116" WC="0.9994">
                            <Shape>
                                <Polygon POINTS="1403 675 1403 781 1514 781 1514 665"/>
                            </Shape>
                            <Glyph ID="char_119" CONTENT="d" HPOS="1403" VPOS="675" WIDTH="0" HEIGHT="106" GC="0.9997">
                                <Shape>
                                    <Polygon POINTS="1403 675 1403 781 1403 781 1403 675"/>
                                </Shape>
                            </Glyph>
                            <Glyph ID="char_120" CONTENT="e" HPOS="1442" VPOS="665" WIDTH="0" HEIGHT="116" GC="1.0">
                                <Shape>
                                    <Polygon POINTS="1442 665 1442 781 1442 781 1442 665"/>
                                </Shape>
                            </Glyph>
                            <Glyph ID="char_121" CONTENT="́" HPOS="1450" VPOS="665" WIDTH="0" HEIGHT="111" GC="1.0">
                                <Shape>
                                    <Polygon POINTS="1450 665 1450 776 1450 776 1450 665"/>
                                </Shape>
                            </Glyph>
                            <Glyph ID="char_122" CONTENT="l" HPOS="1466" VPOS="665" WIDTH="0" HEIGHT="103" GC="0.9997">
                                <Shape>
                                    <Polygon POINTS="1466 665 1466 768 1466 768 1466 665"/>
                                </Shape>
                            </Glyph>
                            <Glyph ID="char_123" CONTENT="i" HPOS="1490" VPOS="665" WIDTH="0" HEIGHT="109" GC="1.0">
                                <Shape>
                                    <Polygon POINTS="1490 665 1490 774 1490 774 1490 665"/>
                                </Shape>
                            </Glyph>
                            <Glyph ID="char_124" CONTENT="t" HPOS="1514" VPOS="665" WIDTH="0" HEIGHT="116" GC="0.9968">
                                <Shape>
                                    <Polygon POINTS="1514 665 1514 781 1514 781 1514 665"/>
                                </Shape>
                            </Glyph>
                        </String>
                        <SP ID="segment_41" HPOS="1561"  VPOS="683" WIDTH="8"  HEIGHT="98"/>
                        <String ID="segment_42" CONTENT="à" HPOS="1585" VPOS="665" WIDTH="24" HEIGHT="116" WC="0.9998">
                            <Shape>
                                <Polygon POINTS="1585 674 1585 781 1609 781 1609 665"/>
                            </Shape>
                            <Glyph ID="char_126" CONTENT="a" HPOS="1585" VPOS="674" WIDTH="0" HEIGHT="107" GC="0.9999">
                                <Shape>
                                    <Polygon POINTS="1585 674 1585 781 1585 781 1585 674"/>
                                </Shape>
                            </Glyph>
                            <Glyph ID="char_127" CONTENT="̀" HPOS="1609" VPOS="665" WIDTH="0" HEIGHT="116" GC="0.9998">
                                <Shape>
                                    <Polygon POINTS="1609 665 1609 781 1609 781 1609 665"/>
                                </Shape>
                            </Glyph>
                        </String>
                        <SP ID="segment_43" HPOS="1633"  VPOS="679" WIDTH="8"  HEIGHT="95"/>
                        <String ID="segment_44" CONTENT="été" HPOS="1657" VPOS="665" WIDTH="71" HEIGHT="104" WC="0.9563">
                            <Shape>
                                <Polygon POINTS="1657 677 1657 769 1728 768 1728 685"/>
                            </Shape>
                            <Glyph ID="char_129" CONTENT="e" HPOS="1657" VPOS="677" WIDTH="0" HEIGHT="92" GC="0.9996">
                                <Shape>
                                    <Polygon POINTS="1657 677 1657 769 1657 769 1657 677"/>
                                </Shape>
                            </Glyph>
                            <Glyph ID="char_130" CONTENT="́" HPOS="1665" VPOS="674" WIDTH="0" HEIGHT="93" GC="0.9995">
                                <Shape>
                                    <Polygon POINTS="1665 674 1665 767 1665 767 1665 674"/>
                                </Shape>
                            </Glyph>
                            <Glyph ID="char_131" CONTENT="t" HPOS="1688" VPOS="665" WIDTH="0" HEIGHT="97" GC="0.7825">
                                <Shape>
                                    <Polygon POINTS="1688 665 1688 762 1688 762 1688 665"/>
                                </Shape>
                            </Glyph>
                            <Glyph ID="char_132" CONTENT="e" HPOS="1712" VPOS="676" WIDTH="0" HEIGHT="89" GC="1.0">
                                <Shape>
                                    <Polygon POINTS="1712 676 1712 765 1712 765 1712 676"/>
                                </Shape>
                            </Glyph>
                            <Glyph ID="char_133" CONTENT="́" HPOS="1720" VPOS="681" WIDTH="8" HEIGHT="87" GC="1.0">
                                <Shape>
                                    <Polygon POINTS="1720 681 1720 767 1728 768 1728 685"/>
                                </Shape>
                            </Glyph>
                        </String>
                        <SP ID="segment_45" HPOS="1768"  VPOS="686" WIDTH="8"  HEIGHT="84"/>
                        <String ID="segment_46" CONTENT="Commis" HPOS="1792" VPOS="663" WIDTH="230" HEIGHT="106" WC="0.9999">
                            <Shape>
                                <Polygon POINTS="1792 679 1792 769 2022 767 2022 686"/>
                            </Shape>
                            <Glyph ID="char_135" CONTENT="C" HPOS="1792" VPOS="679" WIDTH="0" HEIGHT="90" GC="1.0">
                                <Shape>
                                    <Polygon POINTS="1792 679 1792 769 1792 769 1792 679"/>
                                </Shape>
                            </Glyph>
                            <Glyph ID="char_136" CONTENT="o" HPOS="1839" VPOS="663" WIDTH="0" HEIGHT="103" GC="0.9998">
                                <Shape>
                                    <Polygon POINTS="1839 663 1839 766 1839 766 1839 663"/>
                                </Shape>
                            </Glyph>
                            <Glyph ID="char_137" CONTENT="m" HPOS="1887" VPOS="663" WIDTH="0" HEIGHT="99" GC="1.0">
                                <Shape>
                                    <Polygon POINTS="1887 663 1887 762 1887 762 1887 663"/>
                                </Shape>
                            </Glyph>
                            <Glyph ID="char_138" CONTENT="m" HPOS="1966" VPOS="679" WIDTH="0" HEIGHT="84" GC="1.0">
                                <Shape>
                                    <Polygon POINTS="1966 679 1966 763 1966 763 1966 679"/>
                                </Shape>
                            </Glyph>
                            <Glyph ID="char_139" CONTENT="i" HPOS="1998" VPOS="686" WIDTH="0" HEIGHT="82" GC="1.0">
                                <Shape>
                                    <Polygon POINTS="1998 686 1998 768 1998 768 1998 686"/>
                                </Shape>
                            </Glyph>
                            <Glyph ID="char_140" CONTENT="s" HPOS="2022" VPOS="686" WIDTH="0" HEIGHT="81" GC="0.9997">
                                <Shape>
                                    <Polygon POINTS="2022 686 2022 767 2022 767 2022 686"/>
                                </Shape>
                            </Glyph>
                        </String>
                        <SP ID="segment_47" HPOS="2101"  VPOS="686" WIDTH="8"  HEIGHT="78"/>
                        <String ID="segment_48" CONTENT="L&#39;a" HPOS="2125" VPOS="664" WIDTH="55" HEIGHT="99" WC="0.8739">
                            <Shape>
                                <Polygon POINTS="2125 686 2125 763 2180 760 2180 667"/>
                            </Shape>
                            <Glyph ID="char_142" CONTENT="L" HPOS="2125" VPOS="686" WIDTH="0" HEIGHT="77" GC="0.9818">
                                <Shape>
                                    <Polygon POINTS="2125 686 2125 763 2125 763 2125 686"/>
                                </Shape>
                            </Glyph>
                            <Glyph ID="char_143" CONTENT="&#39;" HPOS="2165" VPOS="664" WIDTH="0" HEIGHT="97" GC="0.6403">
                                <Shape>
                                    <Polygon POINTS="2165 664 2165 761 2165 761 2165 664"/>
                                </Shape>
                            </Glyph>
                            <Glyph ID="char_144" CONTENT="a" HPOS="2180" VPOS="667" WIDTH="0" HEIGHT="93" GC="0.9996">
                                <Shape>
                                    <Polygon POINTS="2180 667 2180 760 2180 760 2180 667"/>
                                </Shape>
                            </Glyph>
                        </String>
                        <SP ID="segment_49" HPOS="2228"  VPOS="678" WIDTH="0"  HEIGHT="80"/>
                        <String ID="segment_50" CONTENT="Comdamné" HPOS="2244" VPOS="666" WIDTH="317" HEIGHT="112" WC="0.8789">
                            <Shape>
                                <Polygon POINTS="2244 681 2244 762 2561 778 2561 686"/>
                            </Shape>
                            <Glyph ID="char_146" CONTENT="C" HPOS="2244" VPOS="681" WIDTH="0" HEIGHT="81" GC="0.6632">
                                <Shape>
                                    <Polygon POINTS="2244 681 2244 762 2244 762 2244 681"/>
                                </Shape>
                            </Glyph>
                            <Glyph ID="char_147" CONTENT="o" HPOS="2291" VPOS="670" WIDTH="0" HEIGHT="103" GC="0.9997">
                                <Shape>
                                    <Polygon POINTS="2291 670 2291 773 2291 773 2291 670"/>
                                </Shape>
                            </Glyph>
                            <Glyph ID="char_148" CONTENT="m" HPOS="2339" VPOS="666" WIDTH="0" HEIGHT="94" GC="0.9996">
                                <Shape>
                                    <Polygon POINTS="2339 666 2339 760 2339 760 2339 666"/>
                                </Shape>
                            </Glyph>
                            <Glyph ID="char_149" CONTENT="d" HPOS="2379" VPOS="677" WIDTH="0" HEIGHT="83" GC="0.9997">
                                <Shape>
                                    <Polygon POINTS="2379 677 2379 760 2379 760 2379 677"/>
                                </Shape>
                            </Glyph>
                            <Glyph ID="char_150" CONTENT="a" HPOS="2411" VPOS="686" WIDTH="0" HEIGHT="74" GC="0.9751">
                                <Shape>
                                    <Polygon POINTS="2411 686 2411 760 2411 760 2411 686"/>
                                </Shape>
                            </Glyph>
                            <Glyph ID="char_151" CONTENT="m" HPOS="2466" VPOS="686" WIDTH="0" HEIGHT="74" GC="0.9974">
                                <Shape>
                                    <Polygon POINTS="2466 686 2466 760 2466 760 2466 686"/>
                                </Shape>
                            </Glyph>
                            <Glyph ID="char_152" CONTENT="n" HPOS="2514" VPOS="686" WIDTH="0" HEIGHT="88" GC="0.9992">
                                <Shape>
                                    <Polygon POINTS="2514 686 2514 774 2514 774 2514 686"/>
                                </Shape>
                            </Glyph>
                            <Glyph ID="char_153" CONTENT="e" HPOS="2553" VPOS="686" WIDTH="0" HEIGHT="92" GC="0.7443">
                                <Shape>
                                    <Polygon POINTS="2553 686 2553 778 2553 778 2553 686"/>
                                </Shape>
                            </Glyph>
                            <Glyph ID="char_154" CONTENT="́" HPOS="2561" VPOS="686" WIDTH="0" HEIGHT="92" GC="0.5321">
                                <Shape>
                                    <Polygon POINTS="2561 686 2561 778 2561 778 2561 686"/>
                                </Shape>
                            </Glyph>
                        </String>
                    </TextLine>

                    <TextLine ID="4019c4d1-dc0c-4f64-8826-4a2a3bd69cec" HPOS="649.0" VPOS="781.0" WIDTH="1876.0" HEIGHT="111.0" BASELINE="652.0 859.0 2525.0 845.0" TAGREFS="LINE_TYPE_1">
                        <Shape>
                            <Polygon POINTS="652.0 859.0 652.0 892.0 1329.0 892.0 1329.0 889.0 1399.0 875.0 1431.0 887.0 1433.0 887.0 1436.0 889.0 1630.0 889.0 1630.0 887.0 1704.0 873.0 1896.0 887.0 1898.0 887.0 2220.0 868.0 2317.0 882.0 2319.0 882.0 2525.0 864.0 2525.0 845.0 2520.0 799.0 2338.0 781.0 2335.0 781.0 2333.0 781.0 2331.0 781.0 2308.0 799.0 2252.0 799.0 2134.0 781.0 2132.0 781.0 1979.0 799.0 1937.0 781.0 1935.0 781.0 1933.0 781.0 1931.0 781.0 1928.0 781.0 1891.0 804.0 1759.0 804.0 1729.0 788.0 1727.0 788.0 1725.0 788.0 1722.0 788.0 1720.0 788.0 1699.0 804.0 1554.0 804.0 1510.0 785.0 1507.0 785.0 1505.0 785.0 1378.0 799.0 1311.0 785.0 1308.0 785.0 1306.0 785.0 1304.0 785.0 1267.0 808.0 1211.0 808.0 1184.0 788.0 1181.0 788.0 1179.0 788.0 1177.0 788.0 1075.0 799.0 978.0 788.0 975.0 788.0 973.0 788.0 908.0 811.0 846.0 811.0 818.0 790.0 816.0 790.0 814.0 790.0 672.0 790.0 670.0 790.0 668.0 790.0 666.0 790.0 649.0 801.0 652.0 859.0"/>
                        </Shape>
                        <String ID="segment_51" CONTENT="i" HPOS="687" VPOS="790" WIDTH="1" HEIGHT="102" WC="0.9992">
                            <Shape>
                                <Polygon POINTS="687 790 688 892 688 892 687 790"/>
                            </Shape>
                            <Glyph ID="char_155" CONTENT="i" HPOS="687" VPOS="790" WIDTH="1" HEIGHT="102" GC="0.9992">
                                <Shape>
                                    <Polygon POINTS="687 790 688 892 688 892 687 790"/>
                                </Shape>
                            </Glyph>
                        </String>
                        <SP ID="segment_52" HPOS="767"  VPOS="790" WIDTH="1"  HEIGHT="102"/>
                        <String ID="segment_53" CONTENT="etre" HPOS="789" VPOS="790" WIDTH="88" HEIGHT="102" WC="0.9784">
                            <Shape>
                                <Polygon POINTS="789 790 790 892 877 892 877 811"/>
                            </Shape>
                            <Glyph ID="char_157" CONTENT="e" HPOS="789" VPOS="790" WIDTH="1" HEIGHT="102" GC="0.9138">
                                <Shape>
                                    <Polygon POINTS="789 790 790 892 790 892 789 790"/>
                                </Shape>
                            </Glyph>
                            <Glyph ID="char_158" CONTENT="t" HPOS="818" VPOS="790" WIDTH="9" HEIGHT="102" GC="1.0">
                                <Shape>
                                    <Polygon POINTS="818 790 819 892 827 892 827 796"/>
                                </Shape>
                            </Glyph>
                            <Glyph ID="char_159" CONTENT="r" HPOS="848" VPOS="811" WIDTH="0" HEIGHT="81" GC="0.9999">
                                <Shape>
                                    <Polygon POINTS="848 811 848 892 848 892 848 811"/>
                                </Shape>
                            </Glyph>
                            <Glyph ID="char_160" CONTENT="e" HPOS="877" VPOS="811" WIDTH="0" HEIGHT="81" GC="1.0">
                                <Shape>
                                    <Polygon POINTS="877 811 877 892 877 892 877 811"/>
                                </Shape>
                            </Glyph>
                        </String>
                        <SP ID="segment_54" HPOS="914"  VPOS="809" WIDTH="0"  HEIGHT="83"/>
                        <String ID="segment_55" CONTENT="Conduit" HPOS="928" VPOS="789" WIDTH="211" HEIGHT="103" WC="0.9873">
                            <Shape>
                                <Polygon POINTS="928 804 928 892 1139 892 1139 792"/>
                            </Shape>
                            <Glyph ID="char_162" CONTENT="C" HPOS="928" VPOS="804" WIDTH="0" HEIGHT="88" GC="0.9457">
                                <Shape>
                                    <Polygon POINTS="928 804 928 892 928 892 928 804"/>
                                </Shape>
                            </Glyph>
                            <Glyph ID="char_163" CONTENT="o" HPOS="971" VPOS="789" WIDTH="1" HEIGHT="103" GC="1.0">
                                <Shape>
                                    <Polygon POINTS="971 789 972 892 972 892 971 789"/>
                                </Shape>
                            </Glyph>
                            <Glyph ID="char_164" CONTENT="n" HPOS="1023" VPOS="793" WIDTH="0" HEIGHT="99" GC="1.0">
                                <Shape>
                                    <Polygon POINTS="1023 793 1023 892 1023 892 1023 793"/>
                                </Shape>
                            </Glyph>
                            <Glyph ID="char_165" CONTENT="d" HPOS="1045" VPOS="796" WIDTH="0" HEIGHT="96" GC="0.9997">
                                <Shape>
                                    <Polygon POINTS="1045 796 1045 892 1045 892 1045 796"/>
                                </Shape>
                            </Glyph>
                            <Glyph ID="char_166" CONTENT="u" HPOS="1088" VPOS="798" WIDTH="0" HEIGHT="94" GC="0.9661">
                                <Shape>
                                    <Polygon POINTS="1088 798 1088 892 1088 892 1088 798"/>
                                </Shape>
                            </Glyph>
                            <Glyph ID="char_167" CONTENT="i" HPOS="1110" VPOS="795" WIDTH="7" HEIGHT="97" GC="1.0">
                                <Shape>
                                    <Polygon POINTS="1110 795 1110 892 1117 892 1117 795"/>
                                </Shape>
                            </Glyph>
                            <Glyph ID="char_168" CONTENT="t" HPOS="1139" VPOS="792" WIDTH="0" HEIGHT="100" GC="1.0">
                                <Shape>
                                    <Polygon POINTS="1139 792 1139 892 1139 892 1139 792"/>
                                </Shape>
                            </Glyph>
                        </String>
                        <SP ID="segment_56" HPOS="1190"  VPOS="792" WIDTH="7"  HEIGHT="100"/>
                        <String ID="segment_57" CONTENT="à" HPOS="1219" VPOS="808" WIDTH="22" HEIGHT="84" WC="0.8252">
                            <Shape>
                                <Polygon POINTS="1219 808 1219 892 1241 892 1241 808"/>
                            </Shape>
                            <Glyph ID="char_170" CONTENT="a" HPOS="1219" VPOS="808" WIDTH="0" HEIGHT="84" GC="0.6506">
                                <Shape>
                                    <Polygon POINTS="1219 808 1219 892 1219 892 1219 808"/>
                                </Shape>
                            </Glyph>
                            <Glyph ID="char_171" CONTENT="̀" HPOS="1234" VPOS="808" WIDTH="7" HEIGHT="84" GC="0.9997">
                                <Shape>
                                    <Polygon POINTS="1234 808 1234 892 1241 892 1241 808"/>
                                </Shape>
                            </Glyph>
                        </String>
                        <SP ID="segment_58" HPOS="1277"  VPOS="797" WIDTH="8"  HEIGHT="95"/>
                        <String ID="segment_59" CONTENT="la" HPOS="1298" VPOS="788" WIDTH="45" HEIGHT="104" WC="0.9996">
                            <Shape>
                                <Polygon POINTS="1298 788 1299 892 1343 886 1343 792"/>
                            </Shape>
                            <Glyph ID="char_173" CONTENT="l" HPOS="1298" VPOS="788" WIDTH="1" HEIGHT="104" GC="0.9992">
                                <Shape>
                                    <Polygon POINTS="1298 788 1299 892 1299 892 1298 788"/>
                                </Shape>
                            </Glyph>
                            <Glyph ID="char_174" CONTENT="a" HPOS="1343" VPOS="792" WIDTH="0" HEIGHT="94" GC="1.0">
                                <Shape>
                                    <Polygon POINTS="1343 792 1343 886 1343 886 1343 792"/>
                                </Shape>
                            </Glyph>
                        </String>
                        <SP ID="segment_60" HPOS="1408"  VPOS="795" WIDTH="7"  HEIGHT="86"/>
                        <String ID="segment_61" CONTENT="tête" HPOS="1430" VPOS="786" WIDTH="87" HEIGHT="103" WC="1.0">
                            <Shape>
                                <Polygon POINTS="1430 793 1430 887 1517 889 1516 788"/>
                            </Shape>
                            <Glyph ID="char_176" CONTENT="t" HPOS="1430" VPOS="793" WIDTH="0" HEIGHT="94" GC="1.0">
                                <Shape>
                                    <Polygon POINTS="1430 793 1430 887 1430 887 1430 793"/>
                                </Shape>
                            </Glyph>
                            <Glyph ID="char_177" CONTENT="e" HPOS="1466" VPOS="789" WIDTH="0" HEIGHT="100" GC="1.0">
                                <Shape>
                                    <Polygon POINTS="1466 789 1466 889 1466 889 1466 789"/>
                                </Shape>
                            </Glyph>
                            <Glyph ID="char_178" CONTENT="̂" HPOS="1473" VPOS="788" WIDTH="8" HEIGHT="101" GC="1.0">
                                <Shape>
                                    <Polygon POINTS="1473 788 1474 889 1481 889 1480 788"/>
                                </Shape>
                            </Glyph>
                            <Glyph ID="char_179" CONTENT="t" HPOS="1494" VPOS="786" WIDTH="1" HEIGHT="103" GC="1.0">
                                <Shape>
                                    <Polygon POINTS="1494 786 1495 889 1495 889 1494 786"/>
                                </Shape>
                            </Glyph>
                            <Glyph ID="char_180" CONTENT="e" HPOS="1516" VPOS="788" WIDTH="1" HEIGHT="101" GC="1.0">
                                <Shape>
                                    <Polygon POINTS="1516 788 1517 889 1517 889 1516 788"/>
                                </Shape>
                            </Glyph>
                        </String>
                        <SP ID="segment_62" HPOS="1575"  VPOS="804" WIDTH="8"  HEIGHT="85"/>
                        <String ID="segment_63" CONTENT="des" HPOS="1597" VPOS="804" WIDTH="80" HEIGHT="85" WC="0.9999">
                            <Shape>
                                <Polygon POINTS="1597 804 1597 889 1677 878 1677 804"/>
                            </Shape>
                            <Glyph ID="char_182" CONTENT="d" HPOS="1597" VPOS="804" WIDTH="0" HEIGHT="85" GC="1.0">
                                <Shape>
                                    <Polygon POINTS="1597 804 1597 889 1597 889 1597 804"/>
                                </Shape>
                            </Glyph>
                            <Glyph ID="char_183" CONTENT="e" HPOS="1641" VPOS="804" WIDTH="0" HEIGHT="81" GC="1.0">
                                <Shape>
                                    <Polygon POINTS="1641 804 1641 885 1641 885 1641 804"/>
                                </Shape>
                            </Glyph>
                            <Glyph ID="char_184" CONTENT="s" HPOS="1677" VPOS="804" WIDTH="0" HEIGHT="74" GC="0.9998">
                                <Shape>
                                    <Polygon POINTS="1677 804 1677 878 1677 878 1677 804"/>
                                </Shape>
                            </Glyph>
                        </String>
                        <SP ID="segment_64" HPOS="1765"  VPOS="804" WIDTH="7"  HEIGHT="74"/>
                        <String ID="segment_65" CONTENT="Troupes" HPOS="1794" VPOS="782" WIDTH="254" HEIGHT="105" WC="0.9995">
                            <Shape>
                                <Polygon POINTS="1794 804 1794 880 2048 878 2048 791"/>
                            </Shape>
                            <Glyph ID="char_186" CONTENT="T" HPOS="1794" VPOS="804" WIDTH="0" HEIGHT="76" GC="0.9994">
                                <Shape>
                                    <Polygon POINTS="1794 804 1794 880 1794 880 1794 804"/>
                                </Shape>
                            </Glyph>
                            <Glyph ID="char_187" CONTENT="r" HPOS="1859" VPOS="804" WIDTH="0" HEIGHT="80" GC="1.0">
                                <Shape>
                                    <Polygon POINTS="1859 804 1859 884 1859 884 1859 804"/>
                                </Shape>
                            </Glyph>
                            <Glyph ID="char_188" CONTENT="o" HPOS="1895" VPOS="802" WIDTH="0" HEIGHT="85" GC="0.9999">
                                <Shape>
                                    <Polygon POINTS="1895 802 1895 887 1895 887 1895 802"/>
                                </Shape>
                            </Glyph>
                            <Glyph ID="char_189" CONTENT="u" HPOS="1938" VPOS="782" WIDTH="1" HEIGHT="103" GC="0.9999">
                                <Shape>
                                    <Polygon POINTS="1938 782 1939 885 1939 885 1938 782"/>
                                </Shape>
                            </Glyph>
                            <Glyph ID="char_190" CONTENT="p" HPOS="1975" VPOS="797" WIDTH="0" HEIGHT="85" GC="1.0">
                                <Shape>
                                    <Polygon POINTS="1975 797 1975 882 1975 882 1975 797"/>
                                </Shape>
                            </Glyph>
                            <Glyph ID="char_191" CONTENT="e" HPOS="2012" VPOS="795" WIDTH="0" HEIGHT="85" GC="0.9992">
                                <Shape>
                                    <Polygon POINTS="2012 795 2012 880 2012 880 2012 795"/>
                                </Shape>
                            </Glyph>
                            <Glyph ID="char_192" CONTENT="s" HPOS="2048" VPOS="791" WIDTH="0" HEIGHT="87" GC="0.9979">
                                <Shape>
                                    <Polygon POINTS="2048 791 2048 878 2048 878 2048 791"/>
                                </Shape>
                            </Glyph>
                        </String>
                        <SP ID="segment_66" HPOS="2186"  VPOS="789" WIDTH="8"  HEIGHT="81"/>
                        <String ID="segment_67" CONTENT="de" HPOS="2208" VPOS="792" WIDTH="44" HEIGHT="81" WC="0.9939">
                            <Shape>
                                <Polygon POINTS="2208 792 2208 869 2252 873 2252 799"/>
                            </Shape>
                            <Glyph ID="char_194" CONTENT="d" HPOS="2208" VPOS="792" WIDTH="0" HEIGHT="77" GC="0.9881">
                                <Shape>
                                    <Polygon POINTS="2208 792 2208 869 2208 869 2208 792"/>
                                </Shape>
                            </Glyph>
                            <Glyph ID="char_195" CONTENT="e" HPOS="2252" VPOS="799" WIDTH="0" HEIGHT="74" GC="0.9998">
                                <Shape>
                                    <Polygon POINTS="2252 799 2252 873 2252 873 2252 799"/>
                                </Shape>
                            </Glyph>
                        </String>
                        <SP ID="segment_68" HPOS="2281"  VPOS="799" WIDTH="7"  HEIGHT="79"/>
                        <String ID="segment_69" CONTENT="Cette" HPOS="2295" VPOS="781" WIDTH="124" HEIGHT="99" WC="0.9968">
                            <Shape>
                                <Polygon POINTS="2295 799 2295 879 2419 873 2419 789"/>
                            </Shape>
                            <Glyph ID="char_197" CONTENT="C" HPOS="2295" VPOS="799" WIDTH="0" HEIGHT="80" GC="0.991">
                                <Shape>
                                    <Polygon POINTS="2295 799 2295 879 2295 879 2295 799"/>
                                </Shape>
                            </Glyph>
                            <Glyph ID="char_198" CONTENT="e" HPOS="2338" VPOS="781" WIDTH="1" HEIGHT="99" GC="0.9998">
                                <Shape>
                                    <Polygon POINTS="2338 781 2339 880 2339 880 2338 781"/>
                                </Shape>
                            </Glyph>
                            <Glyph ID="char_199" CONTENT="t" HPOS="2360" VPOS="783" WIDTH="8" HEIGHT="95" GC="0.9957">
                                <Shape>
                                    <Polygon POINTS="2360 783 2361 878 2368 878 2367 784"/>
                                </Shape>
                            </Glyph>
                            <Glyph ID="char_200" CONTENT="t" HPOS="2382" VPOS="785" WIDTH="8" HEIGHT="91" GC="1.0">
                                <Shape>
                                    <Polygon POINTS="2382 785 2383 876 2390 876 2390 786"/>
                                </Shape>
                            </Glyph>
                            <Glyph ID="char_201" CONTENT="e" HPOS="2419" VPOS="789" WIDTH="0" HEIGHT="84" GC="0.9975">
                                <Shape>
                                    <Polygon POINTS="2419 789 2419 873 2419 873 2419 789"/>
                                </Shape>
                            </Glyph>
                        </String>
                    </TextLine>

                    <TextLine ID="f9896b26-bb98-4410-b2e4-8cadf48409f9" HPOS="645.0" VPOS="896.0" WIDTH="1878.0" HEIGHT="125.0" BASELINE="647.0 989.0 2523.0 961.0" TAGREFS="LINE_TYPE_1">
                        <Shape>
                            <Polygon POINTS="647.0 989.0 649.0 1021.0 698.0 1007.0 797.0 1021.0 800.0 1021.0 920.0 1005.0 1424.0 1012.0 1426.0 1012.0 1429.0 1012.0 1491.0 996.0 1690.0 996.0 1715.0 1007.0 1718.0 1007.0 1720.0 1007.0 1722.0 1007.0 1725.0 1007.0 1746.0 993.0 1836.0 1003.0 1838.0 1003.0 2139.0 986.0 2340.0 998.0 2342.0 998.0 2345.0 998.0 2388.0 979.0 2523.0 977.0 2523.0 961.0 2520.0 912.0 2467.0 896.0 2465.0 896.0 2462.0 896.0 2460.0 896.0 2458.0 896.0 2435.0 915.0 2301.0 915.0 2275.0 896.0 2273.0 896.0 2271.0 896.0 2227.0 896.0 2224.0 896.0 2222.0 896.0 2220.0 896.0 2190.0 917.0 2104.0 901.0 2102.0 901.0 2099.0 901.0 2058.0 915.0 2037.0 901.0 2035.0 901.0 2032.0 901.0 2030.0 901.0 1914.0 912.0 1896.0 901.0 1894.0 901.0 1891.0 901.0 1889.0 901.0 1750.0 915.0 1639.0 905.0 1637.0 905.0 1514.0 926.0 1438.0 908.0 1436.0 908.0 1433.0 908.0 1431.0 908.0 1376.0 929.0 1290.0 910.0 1288.0 910.0 1285.0 910.0 1283.0 910.0 1246.0 933.0 1165.0 933.0 1123.0 912.0 1121.0 912.0 1119.0 912.0 1117.0 912.0 1114.0 912.0 1091.0 933.0 1045.0 915.0 1043.0 915.0 1040.0 915.0 904.0 935.0 853.0 917.0 851.0 917.0 848.0 917.0 756.0 938.0 712.0 922.0 709.0 922.0 707.0 922.0 705.0 922.0 645.0 938.0 647.0 989.0"/>
                        </Shape>
                        <String ID="segment_70" CONTENT="ville" HPOS="696" VPOS="924" WIDTH="100" HEIGHT="97" WC="0.9997">
                            <Shape>
                                <Polygon POINTS="696 924 697 1007 796 1021 795 929"/>
                            </Shape>
                            <Glyph ID="char_202" CONTENT="v" HPOS="696" VPOS="924" WIDTH="1" HEIGHT="83" GC="1.0">
                                <Shape>
                                    <Polygon POINTS="696 924 697 1007 697 1007 696 924"/>
                                </Shape>
                            </Glyph>
                            <Glyph ID="char_203" CONTENT="i" HPOS="731" VPOS="929" WIDTH="1" HEIGHT="83" GC="0.9998">
                                <Shape>
                                    <Polygon POINTS="731 929 732 1012 732 1012 731 929"/>
                                </Shape>
                            </Glyph>
                            <Glyph ID="char_204" CONTENT="l" HPOS="752" VPOS="937" WIDTH="1" HEIGHT="78" GC="0.9999">
                                <Shape>
                                    <Polygon POINTS="752 937 753 1015 753 1015 752 937"/>
                                </Shape>
                            </Glyph>
                            <Glyph ID="char_205" CONTENT="l" HPOS="774" VPOS="934" WIDTH="1" HEIGHT="84" GC="0.9988">
                                <Shape>
                                    <Polygon POINTS="774 934 775 1018 775 1018 774 934"/>
                                </Shape>
                            </Glyph>
                            <Glyph ID="char_206" CONTENT="e" HPOS="788" VPOS="929" WIDTH="8" HEIGHT="92" GC="1.0">
                                <Shape>
                                    <Polygon POINTS="788 931 789 1020 796 1021 795 929"/>
                                </Shape>
                            </Glyph>
                        </String>
                        <SP ID="segment_71" HPOS="830"  VPOS="920" WIDTH="8"  HEIGHT="97"/>
                        <String ID="segment_72" CONTENT="qui" HPOS="852" VPOS="917" WIDTH="72" HEIGHT="97" WC="1.0">
                            <Shape>
                                <Polygon POINTS="852 917 853 1014 924 1005 923 932"/>
                            </Shape>
                            <Glyph ID="char_208" CONTENT="q" HPOS="852" VPOS="917" WIDTH="1" HEIGHT="97" GC="0.9999">
                                <Shape>
                                    <Polygon POINTS="852 917 853 1014 853 1014 852 917"/>
                                </Shape>
                            </Glyph>
                            <Glyph ID="char_209" CONTENT="u" HPOS="894" VPOS="932" WIDTH="1" HEIGHT="76" GC="1.0">
                                <Shape>
                                    <Polygon POINTS="894 932 895 1008 895 1008 894 932"/>
                                </Shape>
                            </Glyph>
                            <Glyph ID="char_210" CONTENT="i" HPOS="923" VPOS="932" WIDTH="1" HEIGHT="73" GC="1.0">
                                <Shape>
                                    <Polygon POINTS="923 932 924 1005 924 1005 923 932"/>
                                </Shape>
                            </Glyph>
                        </String>
                        <SP ID="segment_73" HPOS="965"  VPOS="926" WIDTH="1"  HEIGHT="80"/>
                        <String ID="segment_74" CONTENT="seront" HPOS="986" VPOS="916" WIDTH="186" HEIGHT="93" WC="0.9989">
                            <Shape>
                                <Polygon POINTS="986 923 987 1006 1172 1009 1171 933"/>
                            </Shape>
                            <Glyph ID="char_212" CONTENT="s" HPOS="986" VPOS="923" WIDTH="1" HEIGHT="83" GC="1.0">
                                <Shape>
                                    <Polygon POINTS="986 923 987 1006 987 1006 986 923"/>
                                </Shape>
                            </Glyph>
                            <Glyph ID="char_213" CONTENT="e" HPOS="1036" VPOS="916" WIDTH="1" HEIGHT="91" GC="1.0">
                                <Shape>
                                    <Polygon POINTS="1036 916 1037 1007 1037 1007 1036 916"/>
                                </Shape>
                            </Glyph>
                            <Glyph ID="char_214" CONTENT="r" HPOS="1071" VPOS="925" WIDTH="1" HEIGHT="82" GC="0.9948">
                                <Shape>
                                    <Polygon POINTS="1071 925 1072 1007 1072 1007 1071 925"/>
                                </Shape>
                            </Glyph>
                            <Glyph ID="char_215" CONTENT="o" HPOS="1100" VPOS="925" WIDTH="1" HEIGHT="83" GC="1.0">
                                <Shape>
                                    <Polygon POINTS="1100 925 1101 1008 1101 1008 1100 925"/>
                                </Shape>
                            </Glyph>
                            <Glyph ID="char_216" CONTENT="n" HPOS="1135" VPOS="918" WIDTH="1" HEIGHT="90" GC="0.9992">
                                <Shape>
                                    <Polygon POINTS="1135 918 1136 1008 1136 1008 1135 918"/>
                                </Shape>
                            </Glyph>
                            <Glyph ID="char_217" CONTENT="t" HPOS="1171" VPOS="933" WIDTH="1" HEIGHT="76" GC="0.9997">
                                <Shape>
                                    <Polygon POINTS="1171 933 1172 1009 1172 1009 1171 933"/>
                                </Shape>
                            </Glyph>
                        </String>
                        <SP ID="segment_75" HPOS="1220"  VPOS="933" WIDTH="8"  HEIGHT="76"/>
                        <String ID="segment_76" CONTENT="Rangée" HPOS="1235" VPOS="910" WIDTH="263" HEIGHT="102" WC="0.9989">
                            <Shape>
                                <Polygon POINTS="1235 933 1236 1009 1498 996 1497 922"/>
                            </Shape>
                            <Glyph ID="char_219" CONTENT="R" HPOS="1235" VPOS="933" WIDTH="1" HEIGHT="76" GC="1.0">
                                <Shape>
                                    <Polygon POINTS="1235 933 1236 1009 1236 1009 1235 933"/>
                                </Shape>
                            </Glyph>
                            <Glyph ID="char_220" CONTENT="a" HPOS="1341" VPOS="921" WIDTH="1" HEIGHT="90" GC="0.9996">
                                <Shape>
                                    <Polygon POINTS="1341 921 1342 1011 1342 1011 1341 921"/>
                                </Shape>
                            </Glyph>
                            <Glyph ID="char_221" CONTENT="n" HPOS="1383" VPOS="926" WIDTH="1" HEIGHT="85" GC="0.993">
                                <Shape>
                                    <Polygon POINTS="1383 926 1384 1011 1384 1011 1383 926"/>
                                </Shape>
                            </Glyph>
                            <Glyph ID="char_222" CONTENT="g" HPOS="1426" VPOS="910" WIDTH="1" HEIGHT="102" GC="0.9998">
                                <Shape>
                                    <Polygon POINTS="1426 910 1427 1012 1427 1012 1426 910"/>
                                </Shape>
                            </Glyph>
                            <Glyph ID="char_223" CONTENT="e" HPOS="1461" VPOS="913" WIDTH="1" HEIGHT="90" GC="0.9999">
                                <Shape>
                                    <Polygon POINTS="1461 913 1462 1003 1462 1003 1461 913"/>
                                </Shape>
                            </Glyph>
                            <Glyph ID="char_224" CONTENT="́" HPOS="1469" VPOS="915" WIDTH="8" HEIGHT="86" GC="0.9999">
                                <Shape>
                                    <Polygon POINTS="1469 915 1470 1001 1477 1000 1476 917"/>
                                </Shape>
                            </Glyph>
                            <Glyph ID="char_225" CONTENT="e" HPOS="1497" VPOS="922" WIDTH="1" HEIGHT="74" GC="1.0">
                                <Shape>
                                    <Polygon POINTS="1497 922 1498 996 1498 996 1497 922"/>
                                </Shape>
                            </Glyph>
                        </String>
                        <SP ID="segment_77" HPOS="1589"  VPOS="912" WIDTH="8"  HEIGHT="84"/>
                        <String ID="segment_78" CONTENT="Ent" HPOS="1610" VPOS="907" WIDTH="65" HEIGHT="89" WC="0.999">
                            <Shape>
                                <Polygon POINTS="1610 910 1611 996 1675 996 1674 908"/>
                            </Shape>
                            <Glyph ID="char_227" CONTENT="E" HPOS="1610" VPOS="910" WIDTH="1" HEIGHT="86" GC="1.0">
                                <Shape>
                                    <Polygon POINTS="1610 910 1611 996 1611 996 1610 910"/>
                                </Shape>
                            </Glyph>
                            <Glyph ID="char_228" CONTENT="n" HPOS="1660" VPOS="907" WIDTH="1" HEIGHT="89" GC="1.0">
                                <Shape>
                                    <Polygon POINTS="1660 907 1661 996 1661 996 1660 907"/>
                                </Shape>
                            </Glyph>
                            <Glyph ID="char_229" CONTENT="t" HPOS="1674" VPOS="908" WIDTH="1" HEIGHT="88" GC="0.9972">
                                <Shape>
                                    <Polygon POINTS="1674 908 1675 996 1675 996 1674 908"/>
                                </Shape>
                            </Glyph>
                        </String>
                        <SP ID="segment_79" HPOS="1717"  VPOS="912" WIDTH="8"  HEIGHT="95"/>
                        <String ID="segment_80" CONTENT="Bataille" HPOS="1738" VPOS="903" WIDTH="228" HEIGHT="100" WC="0.9985">
                            <Shape>
                                <Polygon POINTS="1738 914 1739 998 1966 996 1965 907"/>
                            </Shape>
                            <Glyph ID="char_231" CONTENT="B" HPOS="1738" VPOS="914" WIDTH="1" HEIGHT="84" GC="0.9928">
                                <Shape>
                                    <Polygon POINTS="1738 914 1739 998 1739 998 1738 914"/>
                                </Shape>
                            </Glyph>
                            <Glyph ID="char_232" CONTENT="a" HPOS="1809" VPOS="909" WIDTH="1" HEIGHT="91" GC="0.9999">
                                <Shape>
                                    <Polygon POINTS="1809 909 1810 1000 1810 1000 1809 909"/>
                                </Shape>
                            </Glyph>
                            <Glyph ID="char_233" CONTENT="t" HPOS="1844" VPOS="906" WIDTH="1" HEIGHT="97" GC="1.0">
                                <Shape>
                                    <Polygon POINTS="1844 906 1845 1003 1845 1003 1844 906"/>
                                </Shape>
                            </Glyph>
                            <Glyph ID="char_234" CONTENT="a" HPOS="1873" VPOS="903" WIDTH="1" HEIGHT="98" GC="0.997">
                                <Shape>
                                    <Polygon POINTS="1873 903 1874 1001 1874 1001 1873 903"/>
                                </Shape>
                            </Glyph>
                            <Glyph ID="char_235" CONTENT="i" HPOS="1901" VPOS="904" WIDTH="1" HEIGHT="95" GC="0.9983">
                                <Shape>
                                    <Polygon POINTS="1901 904 1902 999 1902 999 1901 904"/>
                                </Shape>
                            </Glyph>
                            <Glyph ID="char_236" CONTENT="l" HPOS="1922" VPOS="911" WIDTH="1" HEIGHT="87" GC="1.0">
                                <Shape>
                                    <Polygon POINTS="1922 911 1923 998 1923 998 1922 911"/>
                                </Shape>
                            </Glyph>
                            <Glyph ID="char_237" CONTENT="l" HPOS="1936" VPOS="910" WIDTH="1" HEIGHT="87" GC="1.0">
                                <Shape>
                                    <Polygon POINTS="1936 910 1937 997 1937 997 1936 910"/>
                                </Shape>
                            </Glyph>
                            <Glyph ID="char_238" CONTENT="e" HPOS="1965" VPOS="907" WIDTH="1" HEIGHT="89" GC="1.0">
                                <Shape>
                                    <Polygon POINTS="1965 907 1966 996 1966 996 1965 907"/>
                                </Shape>
                            </Glyph>
                        </String>
                        <SP ID="segment_81" HPOS="2043"  VPOS="905" WIDTH="8"  HEIGHT="86"/>
                        <String ID="segment_82" CONTENT="Ets" HPOS="2064" VPOS="902" WIDTH="72" HEIGHT="88" WC="0.9997">
                            <Shape>
                                <Polygon POINTS="2064 913 2065 990 2136 986 2135 907"/>
                            </Shape>
                            <Glyph ID="char_240" CONTENT="E" HPOS="2064" VPOS="913" WIDTH="1" HEIGHT="77" GC="0.9999">
                                <Shape>
                                    <Polygon POINTS="2064 913 2065 990 2065 990 2064 913"/>
                                </Shape>
                            </Glyph>
                            <Glyph ID="char_241" CONTENT="t" HPOS="2107" VPOS="902" WIDTH="1" HEIGHT="86" GC="0.9998">
                                <Shape>
                                    <Polygon POINTS="2107 902 2108 988 2108 988 2107 902"/>
                                </Shape>
                            </Glyph>
                            <Glyph ID="char_242" CONTENT="s" HPOS="2135" VPOS="907" WIDTH="1" HEIGHT="79" GC="0.9994">
                                <Shape>
                                    <Polygon POINTS="2135 907 2136 986 2136 986 2135 907"/>
                                </Shape>
                            </Glyph>
                        </String>
                        <SP ID="segment_83" HPOS="2163"  VPOS="912" WIDTH="8"  HEIGHT="76"/>
                        <String ID="segment_84" CONTENT="Liuré" HPOS="2192" VPOS="896" WIDTH="192" HEIGHT="102" WC="0.99">
                            <Shape>
                                <Polygon POINTS="2192 916 2193 989 2384 981 2383 915"/>
                            </Shape>
                            <Glyph ID="char_244" CONTENT="L" HPOS="2192" VPOS="916" WIDTH="1" HEIGHT="73" GC="0.9555">
                                <Shape>
                                    <Polygon POINTS="2192 916 2193 989 2193 989 2192 916"/>
                                </Shape>
                            </Glyph>
                            <Glyph ID="char_245" CONTENT="i" HPOS="2248" VPOS="896" WIDTH="9" HEIGHT="97" GC="0.9999">
                                <Shape>
                                    <Polygon POINTS="2248 896 2249 993 2257 993 2256 896"/>
                                </Shape>
                            </Glyph>
                            <Glyph ID="char_246" CONTENT="u" HPOS="2291" VPOS="908" WIDTH="1" HEIGHT="87" GC="0.9882">
                                <Shape>
                                    <Polygon POINTS="2291 908 2292 995 2292 995 2291 908"/>
                                </Shape>
                            </Glyph>
                            <Glyph ID="char_247" CONTENT="r" HPOS="2334" VPOS="915" WIDTH="1" HEIGHT="83" GC="0.9999">
                                <Shape>
                                    <Polygon POINTS="2334 915 2335 998 2335 998 2334 915"/>
                                </Shape>
                            </Glyph>
                            <Glyph ID="char_248" CONTENT="e" HPOS="2369" VPOS="915" WIDTH="1" HEIGHT="72" GC="0.9976">
                                <Shape>
                                    <Polygon POINTS="2369 915 2370 987 2370 987 2369 915"/>
                                </Shape>
                            </Glyph>
                            <Glyph ID="char_249" CONTENT="́" HPOS="2376" VPOS="915" WIDTH="8" HEIGHT="69" GC="0.9989">
                                <Shape>
                                    <Polygon POINTS="2376 915 2377 984 2384 981 2383 915"/>
                                </Shape>
                            </Glyph>
                        </String>
                        <SP ID="segment_85" HPOS="2433"  VPOS="911" WIDTH="8"  HEIGHT="67"/>
                        <String ID="segment_86" CONTENT="à" HPOS="2454" VPOS="896" WIDTH="22" HEIGHT="82" WC="0.8211">
                            <Shape>
                                <Polygon POINTS="2454 899 2455 978 2476 978 2475 898"/>
                            </Shape>
                            <Glyph ID="char_251" CONTENT="a" HPOS="2454" VPOS="899" WIDTH="1" HEIGHT="79" GC="0.6422">
                                <Shape>
                                    <Polygon POINTS="2454 899 2455 978 2455 978 2454 899"/>
                                </Shape>
                            </Glyph>
                            <Glyph ID="char_252" CONTENT="̀" HPOS="2468" VPOS="896" WIDTH="8" HEIGHT="82" GC="1.0">
                                <Shape>
                                    <Polygon POINTS="2468 896 2469 978 2476 978 2475 898"/>
                                </Shape>
                            </Glyph>
                        </String>
                    </TextLine>

                    <TextLine ID="20f737c9-368b-46ed-b9fc-ededf88dd4ed" HPOS="638.0" VPOS="998.0" WIDTH="1894.0" HEIGHT="136.0" BASELINE="640.0 1109.0 2532.0 1072.0" TAGREFS="LINE_TYPE_1">
                        <Shape>
                            <Polygon POINTS="640.0 1109.0 640.0 1132.0 1036.0 1134.0 1038.0 1134.0 1040.0 1134.0 1082.0 1118.0 1306.0 1130.0 1308.0 1130.0 1447.0 1125.0 1450.0 1125.0 1452.0 1125.0 1470.0 1111.0 1530.0 1123.0 1533.0 1123.0 1813.0 1120.0 1972.0 1100.0 2118.0 1109.0 2120.0 1109.0 2206.0 1095.0 2388.0 1107.0 2391.0 1107.0 2532.0 1086.0 2532.0 1072.0 2525.0 1023.0 2333.0 1026.0 2277.0 998.0 2275.0 998.0 2273.0 998.0 2271.0 998.0 2208.0 1030.0 2106.0 1030.0 2058.0 1000.0 2055.0 1000.0 2053.0 1000.0 2051.0 1000.0 2049.0 1000.0 2046.0 1000.0 1998.0 1033.0 1898.0 1030.0 1820.0 1005.0 1817.0 1005.0 1815.0 1005.0 1813.0 1005.0 1755.0 1037.0 1709.0 1012.0 1706.0 1012.0 1704.0 1012.0 1702.0 1012.0 1646.0 1037.0 1579.0 1007.0 1577.0 1007.0 1574.0 1007.0 1517.0 1009.0 1514.0 1009.0 1440.0 1044.0 1359.0 1012.0 1357.0 1012.0 1355.0 1012.0 1352.0 1012.0 1315.0 1033.0 1285.0 1014.0 1283.0 1014.0 1281.0 1014.0 1221.0 1014.0 1218.0 1014.0 1216.0 1014.0 1165.0 1040.0 1089.0 1019.0 1086.0 1019.0 1084.0 1019.0 911.0 1021.0 908.0 1021.0 906.0 1021.0 885.0 1035.0 749.0 1023.0 746.0 1023.0 744.0 1023.0 675.0 1058.0 638.0 1056.0 640.0 1109.0"/>
                        </Shape>
                        <String ID="segment_87" CONTENT="L&#39;Exécuteur" HPOS="679" VPOS="1019" WIDTH="387" HEIGHT="115" WC="0.9572">
                            <Shape>
                                <Polygon POINTS="679 1056 680 1132 1066 1124 1064 1019"/>
                            </Shape>
                            <Glyph ID="char_253" CONTENT="L" HPOS="679" VPOS="1056" WIDTH="1" HEIGHT="76" GC="1.0">
                                <Shape>
                                    <Polygon POINTS="679 1056 680 1132 680 1132 679 1056"/>
                                </Shape>
                            </Glyph>
                            <Glyph ID="char_254" CONTENT="&#39;" HPOS="767" VPOS="1025" WIDTH="10" HEIGHT="108" GC="1.0">
                                <Shape>
                                    <Polygon POINTS="767 1025 769 1133 777 1133 775 1025"/>
                                </Shape>
                            </Glyph>
                            <Glyph ID="char_255" CONTENT="E" HPOS="791" VPOS="1027" WIDTH="2" HEIGHT="106" GC="0.9999">
                                <Shape>
                                    <Polygon POINTS="791 1027 793 1133 793 1133 791 1027"/>
                                </Shape>
                            </Glyph>
                            <Glyph ID="char_256" CONTENT="x" HPOS="831" VPOS="1030" WIDTH="11" HEIGHT="103" GC="0.9652">
                                <Shape>
                                    <Polygon POINTS="831 1030 834 1133 842 1133 840 1031"/>
                                </Shape>
                            </Glyph>
                            <Glyph ID="char_257" CONTENT="e" HPOS="888" VPOS="1033" WIDTH="2" HEIGHT="100" GC="1.0">
                                <Shape>
                                    <Polygon POINTS="888 1033 890 1133 890 1133 888 1033"/>
                                </Shape>
                            </Glyph>
                            <Glyph ID="char_258" CONTENT="́" HPOS="895" VPOS="1028" WIDTH="3" HEIGHT="105" GC="0.9987">
                                <Shape>
                                    <Polygon POINTS="895 1028 898 1133 898 1133 895 1028"/>
                                </Shape>
                            </Glyph>
                            <Glyph ID="char_259" CONTENT="c" HPOS="911" VPOS="1021" WIDTH="3" HEIGHT="112" GC="1.0">
                                <Shape>
                                    <Polygon POINTS="911 1021 914 1133 914 1133 911 1021"/>
                                </Shape>
                            </Glyph>
                            <Glyph ID="char_260" CONTENT="u" HPOS="935" VPOS="1021" WIDTH="11" HEIGHT="113" GC="0.9999">
                                <Shape>
                                    <Polygon POINTS="935 1021 938 1134 946 1134 943 1021"/>
                                </Shape>
                            </Glyph>
                            <Glyph ID="char_261" CONTENT="t" HPOS="975" VPOS="1020" WIDTH="3" HEIGHT="114" GC="0.974">
                                <Shape>
                                    <Polygon POINTS="975 1020 978 1134 978 1134 975 1020"/>
                                </Shape>
                            </Glyph>
                            <Glyph ID="char_262" CONTENT="e" HPOS="999" VPOS="1020" WIDTH="3" HEIGHT="114" GC="1.0">
                                <Shape>
                                    <Polygon POINTS="999 1020 1002 1134 1002 1134 999 1020"/>
                                </Shape>
                            </Glyph>
                            <Glyph ID="char_263" CONTENT="u" HPOS="1040" VPOS="1020" WIDTH="3" HEIGHT="113" GC="0.5487">
                                <Shape>
                                    <Polygon POINTS="1040 1020 1043 1133 1043 1133 1040 1020"/>
                                </Shape>
                            </Glyph>
                            <Glyph ID="char_264" CONTENT="r" HPOS="1064" VPOS="1019" WIDTH="2" HEIGHT="105" GC="0.9999">
                                <Shape>
                                    <Polygon POINTS="1064 1019 1066 1124 1066 1124 1064 1019"/>
                                </Shape>
                            </Glyph>
                        </String>
                        <SP ID="segment_88" HPOS="1096"  VPOS="1021" WIDTH="10"  HEIGHT="98"/>
                        <String ID="segment_89" CONTENT="de" HPOS="1121" VPOS="1028" WIDTH="49" HEIGHT="95" WC="1.0">
                            <Shape>
                                <Polygon POINTS="1121 1028 1122 1120 1170 1123 1169 1038"/>
                            </Shape>
                            <Glyph ID="char_266" CONTENT="d" HPOS="1121" VPOS="1028" WIDTH="1" HEIGHT="92" GC="1.0">
                                <Shape>
                                    <Polygon POINTS="1121 1028 1122 1120 1122 1120 1121 1028"/>
                                </Shape>
                            </Glyph>
                            <Glyph ID="char_267" CONTENT="e" HPOS="1169" VPOS="1038" WIDTH="1" HEIGHT="85" GC="1.0">
                                <Shape>
                                    <Polygon POINTS="1169 1038 1170 1123 1170 1123 1169 1038"/>
                                </Shape>
                            </Glyph>
                        </String>
                        <SP ID="segment_90" HPOS="1192"  VPOS="1026" WIDTH="2"  HEIGHT="98"/>
                        <String ID="segment_91" CONTENT="la" HPOS="1208" VPOS="1014" WIDTH="42" HEIGHT="113" WC="0.997">
                            <Shape>
                                <Polygon POINTS="1208 1018 1210 1125 1250 1127 1248 1014"/>
                            </Shape>
                            <Glyph ID="char_269" CONTENT="l" HPOS="1208" VPOS="1018" WIDTH="2" HEIGHT="107" GC="0.9998">
                                <Shape>
                                    <Polygon POINTS="1208 1018 1210 1125 1210 1125 1208 1018"/>
                                </Shape>
                            </Glyph>
                            <Glyph ID="char_270" CONTENT="a" HPOS="1248" VPOS="1014" WIDTH="2" HEIGHT="113" GC="0.9942">
                                <Shape>
                                    <Polygon POINTS="1248 1014 1250 1127 1250 1127 1248 1014"/>
                                </Shape>
                            </Glyph>
                        </String>
                        <SP ID="segment_92" HPOS="1288"  VPOS="1016" WIDTH="3"  HEIGHT="113"/>
                        <String ID="segment_93" CONTENT="haute" HPOS="1314" VPOS="1016" WIDTH="153" HEIGHT="114" WC="0.998">
                            <Shape>
                                <Polygon POINTS="1314 1032 1316 1130 1467 1113 1466 1032"/>
                            </Shape>
                            <Glyph ID="char_272" CONTENT="h" HPOS="1314" VPOS="1032" WIDTH="2" HEIGHT="98" GC="0.9999">
                                <Shape>
                                    <Polygon POINTS="1314 1032 1316 1130 1316 1130 1314 1032"/>
                                </Shape>
                            </Glyph>
                            <Glyph ID="char_273" CONTENT="a" HPOS="1369" VPOS="1016" WIDTH="3" HEIGHT="112" GC="1.0">
                                <Shape>
                                    <Polygon POINTS="1369 1016 1372 1128 1372 1128 1369 1016"/>
                                </Shape>
                            </Glyph>
                            <Glyph ID="char_274" CONTENT="u" HPOS="1410" VPOS="1032" WIDTH="1" HEIGHT="94" GC="0.9976">
                                <Shape>
                                    <Polygon POINTS="1410 1032 1411 1126 1411 1126 1410 1032"/>
                                </Shape>
                            </Glyph>
                            <Glyph ID="char_275" CONTENT="t" HPOS="1442" VPOS="1043" WIDTH="1" HEIGHT="82" GC="0.9992">
                                <Shape>
                                    <Polygon POINTS="1442 1043 1443 1125 1443 1125 1442 1043"/>
                                </Shape>
                            </Glyph>
                            <Glyph ID="char_276" CONTENT="e" HPOS="1466" VPOS="1032" WIDTH="1" HEIGHT="81" GC="0.9934">
                                <Shape>
                                    <Polygon POINTS="1466 1032 1467 1113 1467 1113 1466 1032"/>
                                </Shape>
                            </Glyph>
                        </String>
                        <SP ID="segment_94" HPOS="1513"  VPOS="1009" WIDTH="10"  HEIGHT="113"/>
                        <String ID="segment_95" CONTENT="Justice" HPOS="1537" VPOS="1008" WIDTH="171" HEIGHT="115" WC="0.9895">
                            <Shape>
                                <Polygon POINTS="1537 1008 1539 1123 1708 1121 1706 1012"/>
                            </Shape>
                            <Glyph ID="char_278" CONTENT="J" HPOS="1537" VPOS="1008" WIDTH="2" HEIGHT="115" GC="1.0">
                                <Shape>
                                    <Polygon POINTS="1537 1008 1539 1123 1539 1123 1537 1008"/>
                                </Shape>
                            </Glyph>
                            <Glyph ID="char_279" CONTENT="u" HPOS="1586" VPOS="1010" WIDTH="2" HEIGHT="112" GC="0.9971">
                                <Shape>
                                    <Polygon POINTS="1586 1010 1588 1122 1588 1122 1586 1010"/>
                                </Shape>
                            </Glyph>
                            <Glyph ID="char_280" CONTENT="s" HPOS="1619" VPOS="1025" WIDTH="1" HEIGHT="97" GC="0.9386">
                                <Shape>
                                    <Polygon POINTS="1619 1025 1620 1122 1620 1122 1619 1025"/>
                                </Shape>
                            </Glyph>
                            <Glyph ID="char_281" CONTENT="t" HPOS="1643" VPOS="1036" WIDTH="1" HEIGHT="86" GC="0.9998">
                                <Shape>
                                    <Polygon POINTS="1643 1036 1644 1122 1644 1122 1643 1036"/>
                                </Shape>
                            </Glyph>
                            <Glyph ID="char_282" CONTENT="i" HPOS="1659" VPOS="1031" WIDTH="1" HEIGHT="91" GC="0.9951">
                                <Shape>
                                    <Polygon POINTS="1659 1031 1660 1122 1660 1122 1659 1031"/>
                                </Shape>
                            </Glyph>
                            <Glyph ID="char_283" CONTENT="c" HPOS="1682" VPOS="1021" WIDTH="2" HEIGHT="100" GC="1.0">
                                <Shape>
                                    <Polygon POINTS="1682 1021 1684 1121 1684 1121 1682 1021"/>
                                </Shape>
                            </Glyph>
                            <Glyph ID="char_284" CONTENT="e" HPOS="1706" VPOS="1012" WIDTH="2" HEIGHT="109" GC="0.9958">
                                <Shape>
                                    <Polygon POINTS="1706 1012 1708 1121 1708 1121 1706 1012"/>
                                </Shape>
                            </Glyph>
                        </String>
                        <SP ID="segment_96" HPOS="1794"  VPOS="1011" WIDTH="10"  HEIGHT="109"/>
                        <String ID="segment_97" CONTENT="pour" HPOS="1818" VPOS="1005" WIDTH="139" HEIGHT="114" WC="0.9996">
                            <Shape>
                                <Polygon POINTS="1818 1005 1820 1119 1957 1102 1956 1032"/>
                            </Shape>
                            <Glyph ID="char_286" CONTENT="p" HPOS="1818" VPOS="1005" WIDTH="2" HEIGHT="114" GC="0.9985">
                                <Shape>
                                    <Polygon POINTS="1818 1005 1820 1119 1820 1119 1818 1005"/>
                                </Shape>
                            </Glyph>
                            <Glyph ID="char_287" CONTENT="o" HPOS="1884" VPOS="1025" WIDTH="1" HEIGHT="86" GC="0.9999">
                                <Shape>
                                    <Polygon POINTS="1884 1025 1885 1111 1885 1111 1884 1025"/>
                                </Shape>
                            </Glyph>
                            <Glyph ID="char_288" CONTENT="u" HPOS="1924" VPOS="1031" WIDTH="1" HEIGHT="75" GC="1.0">
                                <Shape>
                                    <Polygon POINTS="1924 1031 1925 1106 1925 1106 1924 1031"/>
                                </Shape>
                            </Glyph>
                            <Glyph ID="char_289" CONTENT="r" HPOS="1956" VPOS="1032" WIDTH="1" HEIGHT="70" GC="1.0">
                                <Shape>
                                    <Polygon POINTS="1956 1032 1957 1102 1957 1102 1956 1032"/>
                                </Shape>
                            </Glyph>
                        </String>
                        <SP ID="segment_98" HPOS="1996"  VPOS="1029" WIDTH="9"  HEIGHT="73"/>
                        <String ID="segment_99" CONTENT="être" HPOS="2019" VPOS="1000" WIDTH="98" HEIGHT="109" WC="0.989">
                            <Shape>
                                <Polygon POINTS="2019 1018 2021 1103 2117 1109 2116 1030"/>
                            </Shape>
                            <Glyph ID="char_291" CONTENT="e" HPOS="2019" VPOS="1018" WIDTH="2" HEIGHT="85" GC="0.9941">
                                <Shape>
                                    <Polygon POINTS="2019 1018 2021 1103 2021 1103 2019 1018"/>
                                </Shape>
                            </Glyph>
                            <Glyph ID="char_292" CONTENT="̂" HPOS="2027" VPOS="1007" WIDTH="10" HEIGHT="97" GC="0.9927">
                                <Shape>
                                    <Polygon POINTS="2027 1013 2029 1104 2037 1104 2035 1007"/>
                                </Shape>
                            </Glyph>
                            <Glyph ID="char_293" CONTENT="t" HPOS="2051" VPOS="1000" WIDTH="2" HEIGHT="105" GC="0.9954">
                                <Shape>
                                    <Polygon POINTS="2051 1000 2053 1105 2053 1105 2051 1000"/>
                                </Shape>
                            </Glyph>
                            <Glyph ID="char_294" CONTENT="r" HPOS="2092" VPOS="1021" WIDTH="1" HEIGHT="86" GC="0.9631">
                                <Shape>
                                    <Polygon POINTS="2092 1021 2093 1107 2093 1107 2092 1021"/>
                                </Shape>
                            </Glyph>
                            <Glyph ID="char_295" CONTENT="e" HPOS="2116" VPOS="1030" WIDTH="1" HEIGHT="79" GC="0.9995">
                                <Shape>
                                    <Polygon POINTS="2116 1030 2117 1109 2117 1109 2116 1030"/>
                                </Shape>
                            </Glyph>
                        </String>
                        <SP ID="segment_100" HPOS="2181"  VPOS="1030" WIDTH="9"  HEIGHT="69"/>
                        <String ID="segment_101" CONTENT="pendû" HPOS="2205" VPOS="998" WIDTH="234" HEIGHT="107" WC="0.995">
                            <Shape>
                                <Polygon POINTS="2205 1030 2206 1095 2439 1100 2438 1024"/>
                            </Shape>
                            <Glyph ID="char_297" CONTENT="p" HPOS="2205" VPOS="1030" WIDTH="1" HEIGHT="65" GC="0.9996">
                                <Shape>
                                    <Polygon POINTS="2205 1030 2206 1095 2206 1095 2205 1030"/>
                                </Shape>
                            </Glyph>
                            <Glyph ID="char_298" CONTENT="e" HPOS="2276" VPOS="998" WIDTH="2" HEIGHT="102" GC="0.9991">
                                <Shape>
                                    <Polygon POINTS="2276 998 2278 1100 2278 1100 2276 998"/>
                                </Shape>
                            </Glyph>
                            <Glyph ID="char_299" CONTENT="n" HPOS="2317" VPOS="1018" WIDTH="1" HEIGHT="84" GC="0.9824">
                                <Shape>
                                    <Polygon POINTS="2317 1018 2318 1102 2318 1102 2317 1018"/>
                                </Shape>
                            </Glyph>
                            <Glyph ID="char_300" CONTENT="d" HPOS="2357" VPOS="1026" WIDTH="1" HEIGHT="79" GC="0.9998">
                                <Shape>
                                    <Polygon POINTS="2357 1026 2358 1105 2358 1105 2357 1026"/>
                                </Shape>
                            </Glyph>
                            <Glyph ID="char_301" CONTENT="u" HPOS="2422" VPOS="1025" WIDTH="1" HEIGHT="77" GC="0.9889">
                                <Shape>
                                    <Polygon POINTS="2422 1025 2423 1102 2423 1102 2422 1025"/>
                                </Shape>
                            </Glyph>
                            <Glyph ID="char_302" CONTENT="̂" HPOS="2430" VPOS="1024" WIDTH="9" HEIGHT="77" GC="1.0">
                                <Shape>
                                    <Polygon POINTS="2430 1024 2431 1101 2439 1100 2438 1024"/>
                                </Shape>
                            </Glyph>
                        </String>
                    </TextLine>

                    <TextLine ID="4ed55e84-9336-4e6c-b066-c64f4ca3ca3c" HPOS="654.0" VPOS="1125.0" WIDTH="1841.0" HEIGHT="132.0" BASELINE="656.0 1227.0 2495.0 1199.0" TAGREFS="LINE_TYPE_1">
                        <Shape>
                            <Polygon POINTS="656.0 1227.0 656.0 1243.0 709.0 1257.0 712.0 1257.0 860.0 1243.0 957.0 1257.0 959.0 1257.0 1036.0 1243.0 1112.0 1254.0 1114.0 1254.0 1117.0 1254.0 1177.0 1238.0 1265.0 1252.0 1267.0 1252.0 1269.0 1252.0 1308.0 1236.0 1556.0 1247.0 1558.0 1247.0 1561.0 1247.0 1623.0 1231.0 1676.0 1245.0 1678.0 1245.0 1681.0 1245.0 1891.0 1227.0 2125.0 1238.0 2127.0 1238.0 2129.0 1238.0 2194.0 1222.0 2414.0 1222.0 2432.0 1234.0 2435.0 1234.0 2437.0 1234.0 2439.0 1234.0 2495.0 1220.0 2495.0 1199.0 2490.0 1134.0 2414.0 1125.0 2412.0 1125.0 2409.0 1125.0 2407.0 1125.0 2379.0 1148.0 2185.0 1150.0 2065.0 1137.0 2062.0 1137.0 2060.0 1137.0 2028.0 1155.0 1921.0 1155.0 1889.0 1139.0 1887.0 1139.0 1884.0 1139.0 1762.0 1153.0 1732.0 1134.0 1729.0 1134.0 1727.0 1134.0 1725.0 1134.0 1722.0 1134.0 1667.0 1157.0 1574.0 1137.0 1572.0 1137.0 1459.0 1139.0 1456.0 1139.0 1410.0 1162.0 1366.0 1144.0 1364.0 1144.0 1362.0 1144.0 1359.0 1144.0 1339.0 1155.0 1315.0 1144.0 1313.0 1144.0 1311.0 1144.0 1075.0 1146.0 1073.0 1146.0 1006.0 1164.0 966.0 1153.0 964.0 1153.0 962.0 1153.0 959.0 1153.0 913.0 1167.0 851.0 1148.0 848.0 1148.0 846.0 1148.0 844.0 1148.0 800.0 1164.0 758.0 1150.0 756.0 1150.0 753.0 1150.0 751.0 1150.0 693.0 1169.0 654.0 1162.0 656.0 1227.0"/>
                        </Shape>
                        <String ID="segment_102" CONTENT="et" HPOS="693" VPOS="1157" WIDTH="39" HEIGHT="98" WC="1.0">
                            <Shape>
                                <Polygon POINTS="693 1169 694 1253 732 1255 731 1157"/>
                            </Shape>
                            <Glyph ID="char_303" CONTENT="e" HPOS="693" VPOS="1167" WIDTH="8" HEIGHT="88" GC="1.0">
                                <Shape>
                                    <Polygon POINTS="693 1169 694 1253 701 1255 700 1167"/>
                                </Shape>
                            </Glyph>
                            <Glyph ID="char_304" CONTENT="t" HPOS="731" VPOS="1157" WIDTH="1" HEIGHT="98" GC="1.0">
                                <Shape>
                                    <Polygon POINTS="731 1157 732 1255 732 1255 731 1157"/>
                                </Shape>
                            </Glyph>
                        </String>
                        <SP ID="segment_103" HPOS="783"  VPOS="1158" WIDTH="9"  HEIGHT="92"/>
                        <String ID="segment_104" CONTENT="Etranglé" HPOS="806" VPOS="1148" WIDTH="250" HEIGHT="108" WC="0.9998">
                            <Shape>
                                <Polygon POINTS="806 1162 807 1248 1056 1246 1055 1151"/>
                            </Shape>
                            <Glyph ID="char_306" CONTENT="E" HPOS="806" VPOS="1162" WIDTH="1" HEIGHT="86" GC="1.0">
                                <Shape>
                                    <Polygon POINTS="806 1162 807 1248 807 1248 806 1162"/>
                                </Shape>
                            </Glyph>
                            <Glyph ID="char_307" CONTENT="t" HPOS="851" VPOS="1148" WIDTH="1" HEIGHT="96" GC="1.0">
                                <Shape>
                                    <Polygon POINTS="851 1148 852 1244 852 1244 851 1148"/>
                                </Shape>
                            </Glyph>
                            <Glyph ID="char_308" CONTENT="r" HPOS="881" VPOS="1157" WIDTH="1" HEIGHT="89" GC="1.0">
                                <Shape>
                                    <Polygon POINTS="881 1157 882 1246 882 1246 881 1157"/>
                                </Shape>
                            </Glyph>
                            <Glyph ID="char_309" CONTENT="a" HPOS="904" VPOS="1164" WIDTH="1" HEIGHT="86" GC="1.0">
                                <Shape>
                                    <Polygon POINTS="904 1164 905 1250 905 1250 904 1164"/>
                                </Shape>
                            </Glyph>
                            <Glyph ID="char_310" CONTENT="n" HPOS="949" VPOS="1156" WIDTH="1" HEIGHT="100" GC="0.9995">
                                <Shape>
                                    <Polygon POINTS="949 1156 950 1256 950 1256 949 1156"/>
                                </Shape>
                            </Glyph>
                            <Glyph ID="char_311" CONTENT="g" HPOS="980" VPOS="1157" WIDTH="1" HEIGHT="96" GC="0.9987">
                                <Shape>
                                    <Polygon POINTS="980 1157 981 1253 981 1253 980 1157"/>
                                </Shape>
                            </Glyph>
                            <Glyph ID="char_312" CONTENT="l" HPOS="1017" VPOS="1161" WIDTH="1" HEIGHT="85" GC="1.0">
                                <Shape>
                                    <Polygon POINTS="1017 1161 1018 1246 1018 1246 1017 1161"/>
                                </Shape>
                            </Glyph>
                            <Glyph ID="char_313" CONTENT="e" HPOS="1040" VPOS="1155" WIDTH="1" HEIGHT="89" GC="1.0">
                                <Shape>
                                    <Polygon POINTS="1040 1155 1041 1244 1041 1244 1040 1155"/>
                                </Shape>
                            </Glyph>
                            <Glyph ID="char_314" CONTENT="́" HPOS="1048" VPOS="1151" WIDTH="8" HEIGHT="95" GC="1.0">
                                <Shape>
                                    <Polygon POINTS="1048 1153 1049 1245 1056 1246 1055 1151"/>
                                </Shape>
                            </Glyph>
                        </String>
                        <SP ID="segment_105" HPOS="1100"  VPOS="1146" WIDTH="9"  HEIGHT="108"/>
                        <String ID="segment_106" CONTENT="Jusqu&#39;à" HPOS="1123" VPOS="1144" WIDTH="250" HEIGHT="108" WC="0.9964">
                            <Shape>
                                <Polygon POINTS="1123 1146 1124 1252 1373 1239 1372 1146"/>
                            </Shape>
                            <Glyph ID="char_316" CONTENT="J" HPOS="1123" VPOS="1146" WIDTH="1" HEIGHT="106" GC="1.0">
                                <Shape>
                                    <Polygon POINTS="1123 1146 1124 1252 1124 1252 1123 1146"/>
                                </Shape>
                            </Glyph>
                            <Glyph ID="char_317" CONTENT="u" HPOS="1191" VPOS="1145" WIDTH="1" HEIGHT="95" GC="0.9985">
                                <Shape>
                                    <Polygon POINTS="1191 1145 1192 1240 1192 1240 1191 1145"/>
                                </Shape>
                            </Glyph>
                            <Glyph ID="char_318" CONTENT="s" HPOS="1229" VPOS="1145" WIDTH="1" HEIGHT="101" GC="1.0">
                                <Shape>
                                    <Polygon POINTS="1229 1145 1230 1246 1230 1246 1229 1145"/>
                                </Shape>
                            </Glyph>
                            <Glyph ID="char_319" CONTENT="q" HPOS="1266" VPOS="1144" WIDTH="1" HEIGHT="108" GC="1.0">
                                <Shape>
                                    <Polygon POINTS="1266 1144 1267 1252 1267 1252 1266 1144"/>
                                </Shape>
                            </Glyph>
                            <Glyph ID="char_320" CONTENT="u" HPOS="1304" VPOS="1144" WIDTH="1" HEIGHT="93" GC="0.9998">
                                <Shape>
                                    <Polygon POINTS="1304 1144 1305 1237 1305 1237 1304 1144"/>
                                </Shape>
                            </Glyph>
                            <Glyph ID="char_321" CONTENT="&#39;" HPOS="1334" VPOS="1153" WIDTH="9" HEIGHT="85" GC="1.0">
                                <Shape>
                                    <Polygon POINTS="1334 1153 1335 1237 1343 1238 1342 1153"/>
                                </Shape>
                            </Glyph>
                            <Glyph ID="char_322" CONTENT="a" HPOS="1357" VPOS="1145" WIDTH="1" HEIGHT="93" GC="0.9999">
                                <Shape>
                                    <Polygon POINTS="1357 1145 1358 1238 1358 1238 1357 1145"/>
                                </Shape>
                            </Glyph>
                            <Glyph ID="char_323" CONTENT="̀" HPOS="1372" VPOS="1146" WIDTH="1" HEIGHT="93" GC="0.9734">
                                <Shape>
                                    <Polygon POINTS="1372 1146 1373 1239 1373 1239 1372 1146"/>
                                </Shape>
                            </Glyph>
                        </String>
                        <SP ID="segment_107" HPOS="1433"  VPOS="1147" WIDTH="8"  HEIGHT="95"/>
                        <String ID="segment_108" CONTENT="ceque" HPOS="1455" VPOS="1137" WIDTH="160" HEIGHT="109" WC="0.9991">
                            <Shape>
                                <Polygon POINTS="1455 1140 1456 1243 1615 1233 1614 1146"/>
                            </Shape>
                            <Glyph ID="char_325" CONTENT="c" HPOS="1455" VPOS="1140" WIDTH="1" HEIGHT="103" GC="1.0">
                                <Shape>
                                    <Polygon POINTS="1455 1140 1456 1243 1456 1243 1455 1140"/>
                                </Shape>
                            </Glyph>
                            <Glyph ID="char_326" CONTENT="e" HPOS="1501" VPOS="1138" WIDTH="1" HEIGHT="107" GC="1.0">
                                <Shape>
                                    <Polygon POINTS="1501 1138 1502 1245 1502 1245 1501 1138"/>
                                </Shape>
                            </Glyph>
                            <Glyph ID="char_327" CONTENT="q" HPOS="1538" VPOS="1138" WIDTH="1" HEIGHT="108" GC="0.9997">
                                <Shape>
                                    <Polygon POINTS="1538 1138 1539 1246 1539 1246 1538 1138"/>
                                </Shape>
                            </Glyph>
                            <Glyph ID="char_328" CONTENT="u" HPOS="1576" VPOS="1137" WIDTH="1" HEIGHT="106" GC="0.9966">
                                <Shape>
                                    <Polygon POINTS="1576 1137 1577 1243 1577 1243 1576 1137"/>
                                </Shape>
                            </Glyph>
                            <Glyph ID="char_329" CONTENT="e" HPOS="1614" VPOS="1146" WIDTH="1" HEIGHT="87" GC="0.9993">
                                <Shape>
                                    <Polygon POINTS="1614 1146 1615 1233 1615 1233 1614 1146"/>
                                </Shape>
                            </Glyph>
                        </String>
                        <SP ID="segment_109" HPOS="1667"  VPOS="1154" WIDTH="8"  HEIGHT="91"/>
                        <String ID="segment_110" CONTENT="mort" HPOS="1689" VPOS="1142" WIDTH="167" HEIGHT="102" WC="0.9989">
                            <Shape>
                                <Polygon POINTS="1689 1148 1690 1244 1856 1230 1855 1142"/>
                            </Shape>
                            <Glyph ID="char_331" CONTENT="m" HPOS="1689" VPOS="1148" WIDTH="1" HEIGHT="96" GC="0.9963">
                                <Shape>
                                    <Polygon POINTS="1689 1148 1690 1244 1690 1244 1689 1148"/>
                                </Shape>
                            </Glyph>
                            <Glyph ID="char_332" CONTENT="o" HPOS="1787" VPOS="1150" WIDTH="1" HEIGHT="86" GC="0.9998">
                                <Shape>
                                    <Polygon POINTS="1787 1150 1788 1236 1788 1236 1787 1150"/>
                                </Shape>
                            </Glyph>
                            <Glyph ID="char_333" CONTENT="r" HPOS="1825" VPOS="1145" WIDTH="9" HEIGHT="88" GC="1.0">
                                <Shape>
                                    <Polygon POINTS="1825 1146 1826 1233 1834 1232 1833 1145"/>
                                </Shape>
                            </Glyph>
                            <Glyph ID="char_334" CONTENT="t" HPOS="1855" VPOS="1142" WIDTH="1" HEIGHT="88" GC="0.9995">
                                <Shape>
                                    <Polygon POINTS="1855 1142 1856 1230 1856 1230 1855 1142"/>
                                </Shape>
                            </Glyph>
                        </String>
                        <SP ID="segment_111" HPOS="1916"  VPOS="1153" WIDTH="8"  HEIGHT="76"/>
                        <String ID="segment_112" CONTENT="S&#39;en" HPOS="1931" VPOS="1138" WIDTH="144" HEIGHT="98" WC="0.9999">
                            <Shape>
                                <Polygon POINTS="1931 1155 1932 1229 2075 1236 2074 1138"/>
                            </Shape>
                            <Glyph ID="char_336" CONTENT="S" HPOS="1931" VPOS="1155" WIDTH="1" HEIGHT="74" GC="1.0">
                                <Shape>
                                    <Polygon POINTS="1931 1155 1932 1229 1932 1229 1931 1155"/>
                                </Shape>
                            </Glyph>
                            <Glyph ID="char_337" CONTENT="&#39;" HPOS="2014" VPOS="1155" WIDTH="1" HEIGHT="78" GC="1.0">
                                <Shape>
                                    <Polygon POINTS="2014 1155 2015 1233 2015 1233 2014 1155"/>
                                </Shape>
                            </Glyph>
                            <Glyph ID="char_338" CONTENT="e" HPOS="2029" VPOS="1154" WIDTH="1" HEIGHT="80" GC="1.0">
                                <Shape>
                                    <Polygon POINTS="2029 1154 2030 1234 2030 1234 2029 1154"/>
                                </Shape>
                            </Glyph>
                            <Glyph ID="char_339" CONTENT="n" HPOS="2074" VPOS="1138" WIDTH="1" HEIGHT="98" GC="0.9996">
                                <Shape>
                                    <Polygon POINTS="2074 1138 2075 1236 2075 1236 2074 1138"/>
                                </Shape>
                            </Glyph>
                        </String>
                        <SP ID="segment_113" HPOS="2135"  VPOS="1145" WIDTH="8"  HEIGHT="91"/>
                        <String ID="segment_114" CONTENT="suive," HPOS="2157" VPOS="1132" WIDTH="318" HEIGHT="99" WC="0.9057">
                            <Shape>
                                <Polygon POINTS="2157 1147 2158 1231 2475 1225 2474 1132"/>
                            </Shape>
                            <Glyph ID="char_341" CONTENT="s" HPOS="2157" VPOS="1147" WIDTH="1" HEIGHT="84" GC="0.8413">
                                <Shape>
                                    <Polygon POINTS="2157 1147 2158 1231 2158 1231 2157 1147"/>
                                </Shape>
                            </Glyph>
                            <Glyph ID="char_342" CONTENT="u" HPOS="2248" VPOS="1149" WIDTH="1" HEIGHT="73" GC="0.9997">
                                <Shape>
                                    <Polygon POINTS="2248 1149 2249 1222 2249 1222 2248 1149"/>
                                </Shape>
                            </Glyph>
                            <Glyph ID="char_343" CONTENT="i" HPOS="2278" VPOS="1149" WIDTH="1" HEIGHT="73" GC="0.5995">
                                <Shape>
                                    <Polygon POINTS="2278 1149 2279 1222 2279 1222 2278 1149"/>
                                </Shape>
                            </Glyph>
                            <Glyph ID="char_344" CONTENT="v" HPOS="2323" VPOS="1149" WIDTH="1" HEIGHT="73" GC="0.9979">
                                <Shape>
                                    <Polygon POINTS="2323 1149 2324 1222 2324 1222 2323 1149"/>
                                </Shape>
                            </Glyph>
                            <Glyph ID="char_345" CONTENT="e" HPOS="2361" VPOS="1148" WIDTH="1" HEIGHT="74" GC="0.9967">
                                <Shape>
                                    <Polygon POINTS="2361 1148 2362 1222 2362 1222 2361 1148"/>
                                </Shape>
                            </Glyph>
                            <Glyph ID="char_346" CONTENT="," HPOS="2474" VPOS="1132" WIDTH="1" HEIGHT="93" GC="0.9988">
                                <Shape>
                                    <Polygon POINTS="2474 1132 2475 1225 2475 1225 2474 1132"/>
                                </Shape>
                            </Glyph>
                        </String>
                    </TextLine>

                    <TextLine ID="a0648d01-a2a5-4b89-9f8c-979a91a3e164" HPOS="649.0" VPOS="1243.0" WIDTH="1892.0" HEIGHT="125.0" BASELINE="652.0 1338.0 2541.0 1319.0" TAGREFS="LINE_TYPE_1">
                        <Shape>
                            <Polygon POINTS="652.0 1338.0 652.0 1354.0 823.0 1368.0 825.0 1368.0 1211.0 1351.0 1232.0 1365.0 1234.0 1365.0 1237.0 1365.0 1239.0 1368.0 1336.0 1368.0 1336.0 1365.0 1417.0 1349.0 1829.0 1361.0 1831.0 1361.0 1912.0 1345.0 2273.0 1356.0 2275.0 1356.0 2541.0 1338.0 2541.0 1319.0 2536.0 1271.0 2407.0 1271.0 2363.0 1243.0 2361.0 1243.0 2358.0 1243.0 2317.0 1243.0 2314.0 1243.0 2312.0 1243.0 2310.0 1243.0 2271.0 1271.0 2169.0 1259.0 2166.0 1259.0 2106.0 1271.0 2090.0 1259.0 2088.0 1259.0 2086.0 1259.0 2083.0 1259.0 1979.0 1273.0 1931.0 1250.0 1928.0 1250.0 1868.0 1247.0 1866.0 1247.0 1794.0 1250.0 1792.0 1250.0 1736.0 1275.0 1598.0 1257.0 1595.0 1257.0 1438.0 1275.0 1359.0 1252.0 1357.0 1252.0 1355.0 1252.0 1352.0 1252.0 1269.0 1280.0 1218.0 1254.0 1216.0 1254.0 1214.0 1254.0 1211.0 1254.0 1160.0 1282.0 1114.0 1282.0 1075.0 1257.0 1073.0 1257.0 1070.0 1257.0 1068.0 1257.0 832.0 1280.0 783.0 1259.0 781.0 1259.0 779.0 1259.0 719.0 1271.0 649.0 1259.0 652.0 1338.0"/>
                        </Shape>
                        <String ID="segment_115" CONTENT="et" HPOS="698" VPOS="1266" WIDTH="48" HEIGHT="96" WC="1.0">
                            <Shape>
                                <Polygon POINTS="698 1267 699 1358 746 1362 745 1266"/>
                            </Shape>
                            <Glyph ID="char_347" CONTENT="e" HPOS="698" VPOS="1267" WIDTH="1" HEIGHT="91" GC="1.0">
                                <Shape>
                                    <Polygon POINTS="698 1267 699 1358 699 1358 698 1267"/>
                                </Shape>
                            </Glyph>
                            <Glyph ID="char_348" CONTENT="t" HPOS="745" VPOS="1266" WIDTH="1" HEIGHT="96" GC="1.0">
                                <Shape>
                                    <Polygon POINTS="745 1266 746 1362 746 1362 745 1266"/>
                                </Shape>
                            </Glyph>
                        </String>
                        <SP ID="segment_116" HPOS="792"  VPOS="1263" WIDTH="9"  HEIGHT="103"/>
                        <String ID="segment_117" CONTENT="attendûs" HPOS="815" VPOS="1260" WIDTH="228" HEIGHT="107" WC="0.9412">
                            <Shape>
                                <Polygon POINTS="815 1273 816 1367 1043 1358 1042 1260"/>
                            </Shape>
                            <Glyph ID="char_350" CONTENT="a" HPOS="815" VPOS="1273" WIDTH="1" HEIGHT="94" GC="1.0">
                                <Shape>
                                    <Polygon POINTS="815 1273 816 1367 816 1367 815 1273"/>
                                </Shape>
                            </Glyph>
                            <Glyph ID="char_351" CONTENT="t" HPOS="854" VPOS="1278" WIDTH="1" HEIGHT="89" GC="1.0">
                                <Shape>
                                    <Polygon POINTS="854 1278 855 1367 855 1367 854 1278"/>
                                </Shape>
                            </Glyph>
                            <Glyph ID="char_352" CONTENT="t" HPOS="870" VPOS="1276" WIDTH="1" HEIGHT="90" GC="0.9999">
                                <Shape>
                                    <Polygon POINTS="870 1276 871 1366 871 1366 870 1276"/>
                                </Shape>
                            </Glyph>
                            <Glyph ID="char_353" CONTENT="e" HPOS="901" VPOS="1273" WIDTH="1" HEIGHT="92" GC="1.0">
                                <Shape>
                                    <Polygon POINTS="901 1273 902 1365 902 1365 901 1273"/>
                                </Shape>
                            </Glyph>
                            <Glyph ID="char_354" CONTENT="n" HPOS="932" VPOS="1270" WIDTH="1" HEIGHT="93" GC="0.5421">
                                <Shape>
                                    <Polygon POINTS="932 1270 933 1363 933 1363 932 1270"/>
                                </Shape>
                            </Glyph>
                            <Glyph ID="char_355" CONTENT="d" HPOS="964" VPOS="1267" WIDTH="1" HEIGHT="95" GC="0.9998">
                                <Shape>
                                    <Polygon POINTS="964 1267 965 1362 965 1362 964 1267"/>
                                </Shape>
                            </Glyph>
                            <Glyph ID="char_356" CONTENT="u" HPOS="1011" VPOS="1263" WIDTH="1" HEIGHT="97" GC="0.9939">
                                <Shape>
                                    <Polygon POINTS="1011 1263 1012 1360 1012 1360 1011 1263"/>
                                </Shape>
                            </Glyph>
                            <Glyph ID="char_357" CONTENT="̂" HPOS="1018" VPOS="1262" WIDTH="1" HEIGHT="97" GC="0.9357">
                                <Shape>
                                    <Polygon POINTS="1018 1262 1019 1359 1019 1359 1018 1262"/>
                                </Shape>
                            </Glyph>
                            <Glyph ID="char_358" CONTENT="s" HPOS="1042" VPOS="1260" WIDTH="1" HEIGHT="98" GC="1.0">
                                <Shape>
                                    <Polygon POINTS="1042 1260 1043 1358 1043 1358 1042 1260"/>
                                </Shape>
                            </Glyph>
                        </String>
                        <SP ID="segment_118" HPOS="1128"  VPOS="1282" WIDTH="9"  HEIGHT="73"/>
                        <String ID="segment_119" CONTENT="Les" HPOS="1151" VPOS="1261" WIDTH="87" HEIGHT="106" WC="0.9685">
                            <Shape>
                                <Polygon POINTS="1151 1282 1152 1354 1238 1367 1237 1264"/>
                            </Shape>
                            <Glyph ID="char_360" CONTENT="L" HPOS="1151" VPOS="1282" WIDTH="1" HEIGHT="72" GC="1.0">
                                <Shape>
                                    <Polygon POINTS="1151 1282 1152 1354 1152 1354 1151 1282"/>
                                </Shape>
                            </Glyph>
                            <Glyph ID="char_361" CONTENT="e" HPOS="1198" VPOS="1261" WIDTH="1" HEIGHT="91" GC="0.9058">
                                <Shape>
                                    <Polygon POINTS="1198 1261 1199 1352 1199 1352 1198 1261"/>
                                </Shape>
                            </Glyph>
                            <Glyph ID="char_362" CONTENT="s" HPOS="1237" VPOS="1264" WIDTH="1" HEIGHT="103" GC="0.9996">
                                <Shape>
                                    <Polygon POINTS="1237 1264 1238 1367 1238 1367 1237 1264"/>
                                </Shape>
                            </Glyph>
                        </String>
                        <SP ID="segment_120" HPOS="1276"  VPOS="1275" WIDTH="9"  HEIGHT="93"/>
                        <String ID="segment_121" CONTENT="faits" HPOS="1300" VPOS="1255" WIDTH="118" HEIGHT="113" WC="0.9784">
                            <Shape>
                                <Polygon POINTS="1300 1269 1301 1368 1418 1349 1417 1269"/>
                            </Shape>
                            <Glyph ID="char_364" CONTENT="f" HPOS="1300" VPOS="1269" WIDTH="1" HEIGHT="99" GC="1.0">
                                <Shape>
                                    <Polygon POINTS="1300 1269 1301 1368 1301 1368 1300 1269"/>
                                </Shape>
                            </Glyph>
                            <Glyph ID="char_365" CONTENT="a" HPOS="1339" VPOS="1256" WIDTH="1" HEIGHT="108" GC="1.0">
                                <Shape>
                                    <Polygon POINTS="1339 1256 1340 1364 1340 1364 1339 1256"/>
                                </Shape>
                            </Glyph>
                            <Glyph ID="char_366" CONTENT="i" HPOS="1370" VPOS="1255" WIDTH="1" HEIGHT="103" GC="0.9999">
                                <Shape>
                                    <Polygon POINTS="1370 1255 1371 1358 1371 1358 1370 1255"/>
                                </Shape>
                            </Glyph>
                            <Glyph ID="char_367" CONTENT="t" HPOS="1394" VPOS="1262" WIDTH="1" HEIGHT="91" GC="0.8925">
                                <Shape>
                                    <Polygon POINTS="1394 1262 1395 1353 1395 1353 1394 1262"/>
                                </Shape>
                            </Glyph>
                            <Glyph ID="char_368" CONTENT="s" HPOS="1417" VPOS="1269" WIDTH="1" HEIGHT="80" GC="0.9995">
                                <Shape>
                                    <Polygon POINTS="1417 1269 1418 1349 1418 1349 1417 1269"/>
                                </Shape>
                            </Glyph>
                        </String>
                        <SP ID="segment_122" HPOS="1488"  VPOS="1268" WIDTH="16"  HEIGHT="84"/>
                        <String ID="segment_123" CONTENT="Resultants" HPOS="1511" VPOS="1247" WIDTH="408" HEIGHT="113" WC="0.9948">
                            <Shape>
                                <Polygon POINTS="1511 1267 1512 1352 1919 1345 1918 1250"/>
                            </Shape>
                            <Glyph ID="char_370" CONTENT="R" HPOS="1511" VPOS="1267" WIDTH="1" HEIGHT="85" GC="0.9989">
                                <Shape>
                                    <Polygon POINTS="1511 1267 1512 1352 1512 1352 1511 1267"/>
                                </Shape>
                            </Glyph>
                            <Glyph ID="char_371" CONTENT="e" HPOS="1620" VPOS="1260" WIDTH="1" HEIGHT="95" GC="0.9877">
                                <Shape>
                                    <Polygon POINTS="1620 1260 1621 1355 1621 1355 1620 1260"/>
                                </Shape>
                            </Glyph>
                            <Glyph ID="char_372" CONTENT="s" HPOS="1660" VPOS="1265" WIDTH="1" HEIGHT="91" GC="0.9981">
                                <Shape>
                                    <Polygon POINTS="1660 1265 1661 1356 1661 1356 1660 1265"/>
                                </Shape>
                            </Glyph>
                            <Glyph ID="char_373" CONTENT="u" HPOS="1706" VPOS="1271" WIDTH="9" HEIGHT="87" GC="1.0">
                                <Shape>
                                    <Polygon POINTS="1706 1271 1707 1357 1715 1358 1714 1272"/>
                                </Shape>
                            </Glyph>
                            <Glyph ID="char_374" CONTENT="l" HPOS="1746" VPOS="1270" WIDTH="1" HEIGHT="89" GC="0.9999">
                                <Shape>
                                    <Polygon POINTS="1746 1270 1747 1359 1747 1359 1746 1270"/>
                                </Shape>
                            </Glyph>
                            <Glyph ID="char_375" CONTENT="t" HPOS="1777" VPOS="1257" WIDTH="1" HEIGHT="103" GC="1.0">
                                <Shape>
                                    <Polygon POINTS="1777 1257 1778 1360 1778 1360 1777 1257"/>
                                </Shape>
                            </Glyph>
                            <Glyph ID="char_376" CONTENT="a" HPOS="1808" VPOS="1249" WIDTH="1" HEIGHT="111" GC="1.0">
                                <Shape>
                                    <Polygon POINTS="1808 1249 1809 1360 1809 1360 1808 1249"/>
                                </Shape>
                            </Glyph>
                            <Glyph ID="char_377" CONTENT="n" HPOS="1871" VPOS="1247" WIDTH="1" HEIGHT="106" GC="0.9983">
                                <Shape>
                                    <Polygon POINTS="1871 1247 1872 1353 1872 1353 1871 1247"/>
                                </Shape>
                            </Glyph>
                            <Glyph ID="char_378" CONTENT="t" HPOS="1886" VPOS="1248" WIDTH="1" HEIGHT="102" GC="1.0">
                                <Shape>
                                    <Polygon POINTS="1886 1248 1887 1350 1887 1350 1886 1248"/>
                                </Shape>
                            </Glyph>
                            <Glyph ID="char_379" CONTENT="s" HPOS="1918" VPOS="1250" WIDTH="1" HEIGHT="95" GC="0.9654">
                                <Shape>
                                    <Polygon POINTS="1918 1250 1919 1345 1919 1345 1918 1250"/>
                                </Shape>
                            </Glyph>
                        </String>
                        <SP ID="segment_124" HPOS="1980"  VPOS="1272" WIDTH="9"  HEIGHT="75"/>
                        <String ID="segment_125" CONTENT="en" HPOS="2004" VPOS="1263" WIDTH="47" HEIGHT="86" WC="0.9999">
                            <Shape>
                                <Polygon POINTS="2004 1270 2005 1348 2051 1349 2050 1263"/>
                            </Shape>
                            <Glyph ID="char_381" CONTENT="e" HPOS="2004" VPOS="1270" WIDTH="1" HEIGHT="78" GC="0.9999">
                                <Shape>
                                    <Polygon POINTS="2004 1270 2005 1348 2005 1348 2004 1270"/>
                                </Shape>
                            </Glyph>
                            <Glyph ID="char_382" CONTENT="n" HPOS="2050" VPOS="1263" WIDTH="1" HEIGHT="86" GC="0.9999">
                                <Shape>
                                    <Polygon POINTS="2050 1263 2051 1349 2051 1349 2050 1263"/>
                                </Shape>
                            </Glyph>
                        </String>
                        <SP ID="segment_126" HPOS="2105"  VPOS="1270" WIDTH="9"  HEIGHT="81"/>
                        <String ID="segment_127" CONTENT="La" HPOS="2129" VPOS="1260" WIDTH="48" HEIGHT="93" WC="0.7249">
                            <Shape>
                                <Polygon POINTS="2129 1266 2130 1352 2177 1353 2176 1260"/>
                            </Shape>
                            <Glyph ID="char_384" CONTENT="L" HPOS="2129" VPOS="1266" WIDTH="1" HEIGHT="86" GC="0.9425">
                                <Shape>
                                    <Polygon POINTS="2129 1266 2130 1352 2130 1352 2129 1266"/>
                                </Shape>
                            </Glyph>
                            <Glyph ID="char_385" CONTENT="a" HPOS="2176" VPOS="1260" WIDTH="1" HEIGHT="93" GC="0.5074">
                                <Shape>
                                    <Polygon POINTS="2176 1260 2177 1353 2177 1353 2176 1260"/>
                                </Shape>
                            </Glyph>
                        </String>
                        <SP ID="segment_128" HPOS="2207"  VPOS="1264" WIDTH="9"  HEIGHT="90"/>
                        <String ID="segment_129" CONTENT="procedure" HPOS="2230" VPOS="1243" WIDTH="259" HEIGHT="113" WC="0.8615">
                            <Shape>
                                <Polygon POINTS="2230 1266 2231 1355 2489 1342 2488 1271"/>
                            </Shape>
                            <Glyph ID="char_387" CONTENT="p" HPOS="2230" VPOS="1266" WIDTH="1" HEIGHT="89" GC="0.5563">
                                <Shape>
                                    <Polygon POINTS="2230 1266 2231 1355 2231 1355 2230 1266"/>
                                </Shape>
                            </Glyph>
                            <Glyph ID="char_388" CONTENT="r" HPOS="2269" VPOS="1271" WIDTH="1" HEIGHT="85" GC="0.9998">
                                <Shape>
                                    <Polygon POINTS="2269 1271 2270 1356 2270 1356 2269 1271"/>
                                </Shape>
                            </Glyph>
                            <Glyph ID="char_389" CONTENT="o" HPOS="2301" VPOS="1249" WIDTH="1" HEIGHT="105" GC="0.5661">
                                <Shape>
                                    <Polygon POINTS="2301 1249 2302 1354 2302 1354 2301 1249"/>
                                </Shape>
                            </Glyph>
                            <Glyph ID="char_390" CONTENT="c" HPOS="2332" VPOS="1243" WIDTH="1" HEIGHT="109" GC="0.6664">
                                <Shape>
                                    <Polygon POINTS="2332 1243 2333 1352 2333 1352 2332 1243"/>
                                </Shape>
                            </Glyph>
                            <Glyph ID="char_391" CONTENT="e" HPOS="2355" VPOS="1243" WIDTH="1" HEIGHT="108" GC="0.9989">
                                <Shape>
                                    <Polygon POINTS="2355 1243 2356 1351 2356 1351 2355 1243"/>
                                </Shape>
                            </Glyph>
                            <Glyph ID="char_392" CONTENT="d" HPOS="2387" VPOS="1258" WIDTH="1" HEIGHT="90" GC="0.9758">
                                <Shape>
                                    <Polygon POINTS="2387 1258 2388 1348 2388 1348 2387 1258"/>
                                </Shape>
                            </Glyph>
                            <Glyph ID="char_393" CONTENT="u" HPOS="2418" VPOS="1271" WIDTH="1" HEIGHT="75" GC="1.0">
                                <Shape>
                                    <Polygon POINTS="2418 1271 2419 1346 2419 1346 2418 1271"/>
                                </Shape>
                            </Glyph>
                            <Glyph ID="char_394" CONTENT="r" HPOS="2457" VPOS="1271" WIDTH="1" HEIGHT="73" GC="0.9904">
                                <Shape>
                                    <Polygon POINTS="2457 1271 2458 1344 2458 1344 2457 1271"/>
                                </Shape>
                            </Glyph>
                            <Glyph ID="char_395" CONTENT="e" HPOS="2488" VPOS="1271" WIDTH="1" HEIGHT="71" GC="0.9996">
                                <Shape>
                                    <Polygon POINTS="2488 1271 2489 1342 2489 1342 2488 1271"/>
                                </Shape>
                            </Glyph>
                        </String>
                    </TextLine>

                    <TextLine ID="58622d2b-3aa9-4184-b7ff-6a53da5fce2a" HPOS="652.0" VPOS="1356.0" WIDTH="1850.0" HEIGHT="141.0" BASELINE="654.0 1472.0 1311.0 1458.0 2502.0 1451.0" TAGREFS="LINE_TYPE_1">
                        <Shape>
                            <Polygon POINTS="654.0 1472.0 654.0 1497.0 1010.0 1483.0 1251.0 1492.0 1253.0 1492.0 1424.0 1476.0 1863.0 1488.0 1866.0 1488.0 1951.0 1474.0 2499.0 1472.0 2502.0 1451.0 2497.0 1356.0 2446.0 1356.0 2444.0 1356.0 2442.0 1356.0 2370.0 1386.0 2298.0 1375.0 2296.0 1375.0 2294.0 1375.0 2291.0 1375.0 2275.0 1388.0 2095.0 1388.0 2037.0 1361.0 2035.0 1361.0 1970.0 1361.0 1968.0 1361.0 1965.0 1361.0 1877.0 1391.0 1773.0 1372.0 1771.0 1372.0 1625.0 1393.0 1607.0 1382.0 1604.0 1382.0 1602.0 1382.0 1600.0 1382.0 1484.0 1382.0 1452.0 1365.0 1450.0 1365.0 1447.0 1365.0 1445.0 1365.0 1385.0 1395.0 1304.0 1384.0 1302.0 1384.0 1253.0 1393.0 1204.0 1377.0 1202.0 1377.0 1200.0 1377.0 1133.0 1386.0 1110.0 1370.0 1107.0 1370.0 1105.0 1370.0 1103.0 1370.0 1100.0 1370.0 1066.0 1384.0 966.0 1370.0 964.0 1370.0 962.0 1370.0 922.0 1391.0 864.0 1372.0 862.0 1372.0 675.0 1372.0 672.0 1372.0 670.0 1372.0 668.0 1372.0 652.0 1382.0 654.0 1472.0"/>
                        </Shape>
                        <String ID="segment_130" CONTENT="Contre" HPOS="686" VPOS="1372" WIDTH="174" HEIGHT="124" WC="0.9972">
                            <Shape>
                                <Polygon POINTS="686 1372 689 1496 860 1489 858 1372"/>
                            </Shape>
                            <Glyph ID="char_396" CONTENT="C" HPOS="686" VPOS="1372" WIDTH="3" HEIGHT="124" GC="1.0">
                                <Shape>
                                    <Polygon POINTS="686 1372 689 1496 689 1496 686 1372"/>
                                </Shape>
                            </Glyph>
                            <Glyph ID="char_397" CONTENT="o" HPOS="738" VPOS="1372" WIDTH="2" HEIGHT="122" GC="1.0">
                                <Shape>
                                    <Polygon POINTS="738 1372 740 1494 740 1494 738 1372"/>
                                </Shape>
                            </Glyph>
                            <Glyph ID="char_398" CONTENT="n" HPOS="781" VPOS="1372" WIDTH="2" HEIGHT="120" GC="0.984">
                                <Shape>
                                    <Polygon POINTS="781 1372 783 1492 783 1492 781 1372"/>
                                </Shape>
                            </Glyph>
                            <Glyph ID="char_399" CONTENT="t" HPOS="815" VPOS="1372" WIDTH="2" HEIGHT="119" GC="0.9999">
                                <Shape>
                                    <Polygon POINTS="815 1372 817 1491 817 1491 815 1372"/>
                                </Shape>
                            </Glyph>
                            <Glyph ID="char_400" CONTENT="r" HPOS="833" VPOS="1372" WIDTH="10" HEIGHT="118" GC="0.9993">
                                <Shape>
                                    <Polygon POINTS="833 1372 835 1490 843 1490 841 1372"/>
                                </Shape>
                            </Glyph>
                            <Glyph ID="char_401" CONTENT="e" HPOS="858" VPOS="1372" WIDTH="2" HEIGHT="117" GC="1.0">
                                <Shape>
                                    <Polygon POINTS="858 1372 860 1489 860 1489 858 1372"/>
                                </Shape>
                            </Glyph>
                        </String>
                        <SP ID="segment_131" HPOS="910"  VPOS="1387" WIDTH="11"  HEIGHT="100"/>
                        <String ID="segment_132" CONTENT="Le" HPOS="936" VPOS="1373" WIDTH="53" HEIGHT="113" WC="0.9898">
                            <Shape>
                                <Polygon POINTS="936 1384 938 1486 989 1484 987 1373"/>
                            </Shape>
                            <Glyph ID="char_403" CONTENT="L" HPOS="936" VPOS="1384" WIDTH="2" HEIGHT="102" GC="0.9796">
                                <Shape>
                                    <Polygon POINTS="936 1384 938 1486 938 1486 936 1384"/>
                                </Shape>
                            </Glyph>
                            <Glyph ID="char_404" CONTENT="e" HPOS="987" VPOS="1373" WIDTH="2" HEIGHT="111" GC="1.0">
                                <Shape>
                                    <Polygon POINTS="987 1373 989 1484 989 1484 987 1373"/>
                                </Shape>
                            </Glyph>
                        </String>
                        <SP ID="segment_133" HPOS="1030"  VPOS="1379" WIDTH="2"  HEIGHT="105"/>
                        <String ID="segment_134" CONTENT="nommé" HPOS="1056" VPOS="1374" WIDTH="243" HEIGHT="118" WC="0.999">
                            <Shape>
                                <Polygon POINTS="1056 1383 1058 1485 1299 1488 1297 1385"/>
                            </Shape>
                            <Glyph ID="char_406" CONTENT="n" HPOS="1056" VPOS="1383" WIDTH="2" HEIGHT="102" GC="1.0">
                                <Shape>
                                    <Polygon POINTS="1056 1383 1058 1485 1058 1485 1056 1383"/>
                                </Shape>
                            </Glyph>
                            <Glyph ID="char_407" CONTENT="o" HPOS="1116" VPOS="1374" WIDTH="2" HEIGHT="113" GC="0.9958">
                                <Shape>
                                    <Polygon POINTS="1116 1374 1118 1487 1118 1487 1116 1374"/>
                                </Shape>
                            </Glyph>
                            <Glyph ID="char_408" CONTENT="m" HPOS="1168" VPOS="1381" WIDTH="2" HEIGHT="108" GC="0.9997">
                                <Shape>
                                    <Polygon POINTS="1168 1381 1170 1489 1170 1489 1168 1381"/>
                                </Shape>
                            </Glyph>
                            <Glyph ID="char_409" CONTENT="m" HPOS="1237" VPOS="1388" WIDTH="3" HEIGHT="104" GC="1.0">
                                <Shape>
                                    <Polygon POINTS="1237 1388 1240 1492 1240 1492 1237 1388"/>
                                </Shape>
                            </Glyph>
                            <Glyph ID="char_410" CONTENT="e" HPOS="1288" VPOS="1387" WIDTH="2" HEIGHT="101" GC="0.9988">
                                <Shape>
                                    <Polygon POINTS="1288 1387 1290 1488 1290 1488 1288 1387"/>
                                </Shape>
                            </Glyph>
                            <Glyph ID="char_411" CONTENT="́" HPOS="1297" VPOS="1385" WIDTH="2" HEIGHT="103" GC="0.9999">
                                <Shape>
                                    <Polygon POINTS="1297 1385 1299 1488 1299 1488 1297 1385"/>
                                </Shape>
                            </Glyph>
                        </String>
                        <SP ID="segment_135" HPOS="1358"  VPOS="1391" WIDTH="10"  HEIGHT="91"/>
                        <String ID="segment_136" CONTENT="Belair" HPOS="1384" VPOS="1370" WIDTH="233" HEIGHT="111" WC="0.9979">
                            <Shape>
                                <Polygon POINTS="1384 1395 1385 1480 1617 1481 1616 1388"/>
                            </Shape>
                            <Glyph ID="char_413" CONTENT="B" HPOS="1384" VPOS="1395" WIDTH="1" HEIGHT="85" GC="0.9931">
                                <Shape>
                                    <Polygon POINTS="1384 1395 1385 1480 1385 1480 1384 1395"/>
                                </Shape>
                            </Glyph>
                            <Glyph ID="char_414" CONTENT="e" HPOS="1461" VPOS="1370" WIDTH="1" HEIGHT="107" GC="0.9955">
                                <Shape>
                                    <Polygon POINTS="1461 1370 1462 1477 1462 1477 1461 1370"/>
                                </Shape>
                            </Glyph>
                            <Glyph ID="char_415" CONTENT="l" HPOS="1496" VPOS="1382" WIDTH="1" HEIGHT="96" GC="1.0">
                                <Shape>
                                    <Polygon POINTS="1496 1382 1497 1478 1497 1478 1496 1382"/>
                                </Shape>
                            </Glyph>
                            <Glyph ID="char_416" CONTENT="a" HPOS="1547" VPOS="1382" WIDTH="1" HEIGHT="97" GC="0.9998">
                                <Shape>
                                    <Polygon POINTS="1547 1382 1548 1479 1548 1479 1547 1382"/>
                                </Shape>
                            </Glyph>
                            <Glyph ID="char_417" CONTENT="i" HPOS="1582" VPOS="1382" WIDTH="1" HEIGHT="98" GC="0.9989">
                                <Shape>
                                    <Polygon POINTS="1582 1382 1583 1480 1583 1480 1582 1382"/>
                                </Shape>
                            </Glyph>
                            <Glyph ID="char_418" CONTENT="r" HPOS="1616" VPOS="1388" WIDTH="1" HEIGHT="93" GC="0.9999">
                                <Shape>
                                    <Polygon POINTS="1616 1388 1617 1481 1617 1481 1616 1388"/>
                                </Shape>
                            </Glyph>
                        </String>
                        <SP ID="segment_137" HPOS="1702"  VPOS="1381" WIDTH="10"  HEIGHT="103"/>
                        <String ID="segment_138" CONTENT="sambour" HPOS="1737" VPOS="1361" WIDTH="302" HEIGHT="127" WC="0.9716">
                            <Shape>
                                <Polygon POINTS="1737 1377 1738 1485 2039 1474 2038 1362"/>
                            </Shape>
                            <Glyph ID="char_420" CONTENT="s" HPOS="1737" VPOS="1377" WIDTH="1" HEIGHT="108" GC="0.8025">
                                <Shape>
                                    <Polygon POINTS="1737 1377 1738 1485 1738 1485 1737 1377"/>
                                </Shape>
                            </Glyph>
                            <Glyph ID="char_421" CONTENT="a" HPOS="1797" VPOS="1376" WIDTH="1" HEIGHT="110" GC="0.9999">
                                <Shape>
                                    <Polygon POINTS="1797 1376 1798 1486 1798 1486 1797 1376"/>
                                </Shape>
                            </Glyph>
                            <Glyph ID="char_422" CONTENT="m" HPOS="1866" VPOS="1389" WIDTH="1" HEIGHT="99" GC="1.0">
                                <Shape>
                                    <Polygon POINTS="1866 1389 1867 1488 1867 1488 1866 1389"/>
                                </Shape>
                            </Glyph>
                            <Glyph ID="char_423" CONTENT="b" HPOS="1909" VPOS="1380" WIDTH="1" HEIGHT="101" GC="1.0">
                                <Shape>
                                    <Polygon POINTS="1909 1380 1910 1481 1910 1481 1909 1380"/>
                                </Shape>
                            </Glyph>
                            <Glyph ID="char_424" CONTENT="o" HPOS="1952" VPOS="1365" WIDTH="1" HEIGHT="109" GC="1.0">
                                <Shape>
                                    <Polygon POINTS="1952 1365 1953 1474 1953 1474 1952 1365"/>
                                </Shape>
                            </Glyph>
                            <Glyph ID="char_425" CONTENT="u" HPOS="1995" VPOS="1361" WIDTH="1" HEIGHT="113" GC="1.0">
                                <Shape>
                                    <Polygon POINTS="1995 1361 1996 1474 1996 1474 1995 1361"/>
                                </Shape>
                            </Glyph>
                            <Glyph ID="char_426" CONTENT="r" HPOS="2020" VPOS="1361" WIDTH="19" HEIGHT="113" GC="0.9991">
                                <Shape>
                                    <Polygon POINTS="2020 1361 2021 1474 2039 1474 2038 1362"/>
                                </Shape>
                            </Glyph>
                        </String>
                        <SP ID="segment_139" HPOS="2063"  VPOS="1373" WIDTH="1"  HEIGHT="101"/>
                        <String ID="segment_140" CONTENT="de" HPOS="2081" VPOS="1382" WIDTH="44" HEIGHT="92" WC="0.7496">
                            <Shape>
                                <Polygon POINTS="2081 1382 2082 1474 2125 1473 2124 1388"/>
                            </Shape>
                            <Glyph ID="char_428" CONTENT="d" HPOS="2081" VPOS="1382" WIDTH="1" HEIGHT="92" GC="0.9944">
                                <Shape>
                                    <Polygon POINTS="2081 1382 2082 1474 2082 1474 2081 1382"/>
                                </Shape>
                            </Glyph>
                            <Glyph ID="char_429" CONTENT="e" HPOS="2124" VPOS="1388" WIDTH="1" HEIGHT="85" GC="0.5049">
                                <Shape>
                                    <Polygon POINTS="2124 1388 2125 1473 2125 1473 2124 1388"/>
                                </Shape>
                            </Glyph>
                        </String>
                        <SP ID="segment_141" HPOS="2141"  VPOS="1388" WIDTH="9"  HEIGHT="85"/>
                        <String ID="segment_142" CONTENT="la" HPOS="2158" VPOS="1388" WIDTH="35" HEIGHT="85" WC="0.8901">
                            <Shape>
                                <Polygon POINTS="2158 1388 2159 1473 2193 1473 2192 1388"/>
                            </Shape>
                            <Glyph ID="char_431" CONTENT="l" HPOS="2158" VPOS="1388" WIDTH="1" HEIGHT="85" GC="0.8946">
                                <Shape>
                                    <Polygon POINTS="2158 1388 2159 1473 2159 1473 2158 1388"/>
                                </Shape>
                            </Glyph>
                            <Glyph ID="char_432" CONTENT="a" HPOS="2192" VPOS="1388" WIDTH="1" HEIGHT="85" GC="0.8855">
                                <Shape>
                                    <Polygon POINTS="2192 1388 2193 1473 2193 1473 2192 1388"/>
                                </Shape>
                            </Glyph>
                        </String>
                        <SP ID="segment_143" HPOS="2227"  VPOS="1388" WIDTH="9"  HEIGHT="85"/>
                        <String ID="segment_144" CONTENT="Comp." HPOS="2253" VPOS="1356" WIDTH="224" HEIGHT="117" WC="0.9823">
                            <Shape>
                                <Polygon POINTS="2253 1388 2254 1473 2477 1472 2476 1356"/>
                            </Shape>
                            <Glyph ID="char_434" CONTENT="C" HPOS="2253" VPOS="1388" WIDTH="1" HEIGHT="85" GC="0.9994">
                                <Shape>
                                    <Polygon POINTS="2253 1388 2254 1473 2254 1473 2253 1388"/>
                                </Shape>
                            </Glyph>
                            <Glyph ID="char_435" CONTENT="o" HPOS="2296" VPOS="1375" WIDTH="1" HEIGHT="98" GC="0.9996">
                                <Shape>
                                    <Polygon POINTS="2296 1375 2297 1473 2297 1473 2296 1375"/>
                                </Shape>
                            </Glyph>
                            <Glyph ID="char_436" CONTENT="m" HPOS="2347" VPOS="1383" WIDTH="1" HEIGHT="90" GC="0.97">
                                <Shape>
                                    <Polygon POINTS="2347 1383 2348 1473 2348 1473 2347 1383"/>
                                </Shape>
                            </Glyph>
                            <Glyph ID="char_437" CONTENT="p" HPOS="2407" VPOS="1370" WIDTH="1" HEIGHT="102" GC="0.9997">
                                <Shape>
                                    <Polygon POINTS="2407 1370 2408 1472 2408 1472 2407 1370"/>
                                </Shape>
                            </Glyph>
                            <Glyph ID="char_438" CONTENT="." HPOS="2476" VPOS="1356" WIDTH="1" HEIGHT="116" GC="0.9426">
                                <Shape>
                                    <Polygon POINTS="2476 1356 2477 1472 2477 1472 2476 1356"/>
                                </Shape>
                            </Glyph>
                        </String>
                    </TextLine>

                    <TextLine ID="a9f28f3d-a66a-416b-b888-b3248c36f2cf" HPOS="640.0" VPOS="1486.0" WIDTH="1906.0" HEIGHT="147.0" BASELINE="645.0 1615.0 1237.0 1592.0 2546.0 1562.0" TAGREFS="LINE_TYPE_1">
                        <Shape>
                            <Polygon POINTS="645.0 1615.0 645.0 1629.0 978.0 1633.0 980.0 1633.0 982.0 1633.0 985.0 1633.0 1006.0 1620.0 1045.0 1631.0 1047.0 1631.0 1049.0 1631.0 1052.0 1631.0 1107.0 1613.0 1313.0 1610.0 1530.0 1620.0 1533.0 1620.0 1535.0 1620.0 1537.0 1620.0 1556.0 1608.0 1757.0 1613.0 1759.0 1613.0 1762.0 1613.0 1824.0 1594.0 1993.0 1592.0 2044.0 1606.0 2046.0 1606.0 2049.0 1606.0 2051.0 1606.0 2106.0 1590.0 2139.0 1601.0 2141.0 1601.0 2143.0 1601.0 2252.0 1590.0 2439.0 1596.0 2442.0 1596.0 2543.0 1576.0 2546.0 1562.0 2543.0 1509.0 2495.0 1486.0 2493.0 1486.0 2490.0 1486.0 2488.0 1486.0 2402.0 1518.0 2271.0 1518.0 2217.0 1490.0 2215.0 1490.0 2213.0 1490.0 2210.0 1490.0 2150.0 1525.0 1975.0 1527.0 1917.0 1497.0 1914.0 1497.0 1912.0 1497.0 1910.0 1497.0 1854.0 1511.0 1806.0 1492.0 1803.0 1492.0 1801.0 1492.0 1711.0 1509.0 1641.0 1497.0 1639.0 1497.0 1637.0 1497.0 1635.0 1497.0 1611.0 1518.0 1593.0 1509.0 1591.0 1509.0 1588.0 1509.0 1507.0 1523.0 1445.0 1502.0 1443.0 1502.0 1440.0 1502.0 1255.0 1506.0 1214.0 1509.0 1211.0 1509.0 1209.0 1509.0 1149.0 1550.0 1033.0 1550.0 1008.0 1534.0 1006.0 1534.0 1003.0 1534.0 1001.0 1534.0 999.0 1534.0 996.0 1534.0 973.0 1555.0 911.0 1555.0 864.0 1529.0 862.0 1529.0 860.0 1529.0 857.0 1529.0 855.0 1529.0 816.0 1555.0 753.0 1520.0 751.0 1520.0 749.0 1520.0 640.0 1520.0 645.0 1615.0"/>
                        </Shape>
                        <String ID="segment_145" CONTENT="De" HPOS="675" VPOS="1520" WIDTH="92" HEIGHT="110" WC="0.9999">
                            <Shape>
                                <Polygon POINTS="675 1520 680 1629 767 1630 763 1525"/>
                            </Shape>
                            <Glyph ID="char_439" CONTENT="D" HPOS="675" VPOS="1520" WIDTH="5" HEIGHT="109" GC="1.0">
                                <Shape>
                                    <Polygon POINTS="675 1520 680 1629 680 1629 675 1520"/>
                                </Shape>
                            </Glyph>
                            <Glyph ID="char_440" CONTENT="e" HPOS="763" VPOS="1525" WIDTH="4" HEIGHT="105" GC="0.9998">
                                <Shape>
                                    <Polygon POINTS="763 1525 767 1630 767 1630 763 1525"/>
                                </Shape>
                            </Glyph>
                        </String>
                        <SP ID="segment_146" HPOS="815"  VPOS="1550" WIDTH="12"  HEIGHT="81"/>
                        <String ID="segment_147" CONTENT="Guichen" HPOS="840" VPOS="1539" WIDTH="228" HEIGHT="94" WC="0.9972">
                            <Shape>
                                <Polygon POINTS="840 1539 844 1631 1068 1626 1065 1550"/>
                            </Shape>
                            <Glyph ID="char_442" CONTENT="G" HPOS="840" VPOS="1539" WIDTH="4" HEIGHT="92" GC="0.9987">
                                <Shape>
                                    <Polygon POINTS="840 1539 844 1631 844 1631 840 1539"/>
                                </Shape>
                            </Glyph>
                            <Glyph ID="char_443" CONTENT="u" HPOS="901" VPOS="1549" WIDTH="3" HEIGHT="83" GC="1.0">
                                <Shape>
                                    <Polygon POINTS="901 1549 904 1632 904 1632 901 1549"/>
                                </Shape>
                            </Glyph>
                            <Glyph ID="char_444" CONTENT="i" HPOS="936" VPOS="1555" WIDTH="3" HEIGHT="78" GC="0.9993">
                                <Shape>
                                    <Polygon POINTS="936 1555 939 1633 939 1633 936 1555"/>
                                </Shape>
                            </Glyph>
                            <Glyph ID="char_445" CONTENT="c" HPOS="953" VPOS="1555" WIDTH="3" HEIGHT="78" GC="0.9995">
                                <Shape>
                                    <Polygon POINTS="953 1555 956 1633 956 1633 953 1555"/>
                                </Shape>
                            </Glyph>
                            <Glyph ID="char_446" CONTENT="h" HPOS="979" VPOS="1550" WIDTH="3" HEIGHT="83" GC="0.9988">
                                <Shape>
                                    <Polygon POINTS="979 1550 982 1633 982 1633 979 1550"/>
                                </Shape>
                            </Glyph>
                            <Glyph ID="char_447" CONTENT="e" HPOS="1021" VPOS="1543" WIDTH="4" HEIGHT="82" GC="0.9843">
                                <Shape>
                                    <Polygon POINTS="1021 1543 1025 1625 1025 1625 1021 1543"/>
                                </Shape>
                            </Glyph>
                            <Glyph ID="char_448" CONTENT="n" HPOS="1065" VPOS="1550" WIDTH="3" HEIGHT="76" GC="1.0">
                                <Shape>
                                    <Polygon POINTS="1065 1550 1068 1626 1068 1626 1065 1550"/>
                                </Shape>
                            </Glyph>
                        </String>
                        <SP ID="segment_148" HPOS="1142"  VPOS="1549" WIDTH="11"  HEIGHT="63"/>
                        <String ID="segment_149" CONTENT="L&#39;a" HPOS="1176" VPOS="1507" WIDTH="72" HEIGHT="105" WC="0.9998">
                            <Shape>
                                <Polygon POINTS="1176 1531 1179 1612 1248 1611 1246 1507"/>
                            </Shape>
                            <Glyph ID="char_450" CONTENT="L" HPOS="1176" VPOS="1531" WIDTH="3" HEIGHT="81" GC="0.9999">
                                <Shape>
                                    <Polygon POINTS="1176 1531 1179 1612 1179 1612 1176 1531"/>
                                </Shape>
                            </Glyph>
                            <Glyph ID="char_451" CONTENT="&#39;" HPOS="1218" VPOS="1508" WIDTH="13" HEIGHT="103" GC="0.9995">
                                <Shape>
                                    <Polygon POINTS="1218 1509 1222 1611 1231 1611 1227 1508"/>
                                </Shape>
                            </Glyph>
                            <Glyph ID="char_452" CONTENT="a" HPOS="1246" VPOS="1507" WIDTH="2" HEIGHT="104" GC="1.0">
                                <Shape>
                                    <Polygon POINTS="1246 1507 1248 1611 1248 1611 1246 1507"/>
                                </Shape>
                            </Glyph>
                        </String>
                        <SP ID="segment_150" HPOS="1289"  VPOS="1505" WIDTH="2"  HEIGHT="105"/>
                        <String ID="segment_151" CONTENT="Condamne" HPOS="1306" VPOS="1502" WIDTH="312" HEIGHT="118" WC="0.9667">
                            <Shape>
                                <Polygon POINTS="1306 1505 1308 1610 1618 1610 1616 1514"/>
                            </Shape>
                            <Glyph ID="char_454" CONTENT="C" HPOS="1306" VPOS="1505" WIDTH="2" HEIGHT="105" GC="1.0">
                                <Shape>
                                    <Polygon POINTS="1306 1505 1308 1610 1308 1610 1306 1505"/>
                                </Shape>
                            </Glyph>
                            <Glyph ID="char_455" CONTENT="o" HPOS="1340" VPOS="1504" WIDTH="2" HEIGHT="107" GC="1.0">
                                <Shape>
                                    <Polygon POINTS="1340 1504 1342 1611 1342 1611 1340 1504"/>
                                </Shape>
                            </Glyph>
                            <Glyph ID="char_456" CONTENT="n" HPOS="1392" VPOS="1503" WIDTH="2" HEIGHT="111" GC="0.7349">
                                <Shape>
                                    <Polygon POINTS="1392 1503 1394 1614 1394 1614 1392 1503"/>
                                </Shape>
                            </Glyph>
                            <Glyph ID="char_457" CONTENT="d" HPOS="1444" VPOS="1502" WIDTH="2" HEIGHT="114" GC="0.9996">
                                <Shape>
                                    <Polygon POINTS="1444 1502 1446 1616 1446 1616 1444 1502"/>
                                </Shape>
                            </Glyph>
                            <Glyph ID="char_458" CONTENT="a" HPOS="1478" VPOS="1513" WIDTH="2" HEIGHT="105" GC="0.9994">
                                <Shape>
                                    <Polygon POINTS="1478 1513 1480 1618 1480 1618 1478 1513"/>
                                </Shape>
                            </Glyph>
                            <Glyph ID="char_459" CONTENT="m" HPOS="1530" VPOS="1519" WIDTH="2" HEIGHT="101" GC="1.0">
                                <Shape>
                                    <Polygon POINTS="1530 1519 1532 1620 1532 1620 1530 1519"/>
                                </Shape>
                            </Glyph>
                            <Glyph ID="char_460" CONTENT="n" HPOS="1564" VPOS="1513" WIDTH="2" HEIGHT="95" GC="0.9998">
                                <Shape>
                                    <Polygon POINTS="1564 1513 1566 1608 1566 1608 1564 1513"/>
                                </Shape>
                            </Glyph>
                            <Glyph ID="char_461" CONTENT="e" HPOS="1616" VPOS="1514" WIDTH="2" HEIGHT="96" GC="0.9997">
                                <Shape>
                                    <Polygon POINTS="1616 1514 1618 1610 1618 1610 1616 1514"/>
                                </Shape>
                            </Glyph>
                        </String>
                        <SP ID="segment_152" HPOS="1659"  VPOS="1500" WIDTH="11"  HEIGHT="111"/>
                        <String ID="segment_153" CONTENT="à" HPOS="1676" VPOS="1503" WIDTH="28" HEIGHT="109" WC="0.9785">
                            <Shape>
                                <Polygon POINTS="1676 1503 1678 1611 1704 1612 1702 1507"/>
                            </Shape>
                            <Glyph ID="char_463" CONTENT="a" HPOS="1676" VPOS="1503" WIDTH="2" HEIGHT="108" GC="0.9994">
                                <Shape>
                                    <Polygon POINTS="1676 1503 1678 1611 1678 1611 1676 1503"/>
                                </Shape>
                            </Glyph>
                            <Glyph ID="char_464" CONTENT="̀" HPOS="1694" VPOS="1506" WIDTH="10" HEIGHT="106" GC="0.9575">
                                <Shape>
                                    <Polygon POINTS="1694 1506 1696 1611 1704 1612 1702 1507"/>
                                </Shape>
                            </Glyph>
                        </String>
                        <SP ID="segment_154" HPOS="1728"  VPOS="1506" WIDTH="2"  HEIGHT="106"/>
                        <String ID="segment_155" CONTENT="assister" HPOS="1754" VPOS="1493" WIDTH="217" HEIGHT="120" WC="0.9982">
                            <Shape>
                                <Polygon POINTS="1754 1501 1756 1613 1971 1592 1969 1524"/>
                            </Shape>
                            <Glyph ID="char_466" CONTENT="a" HPOS="1754" VPOS="1501" WIDTH="2" HEIGHT="112" GC="0.9999">
                                <Shape>
                                    <Polygon POINTS="1754 1501 1756 1613 1756 1613 1754 1501"/>
                                </Shape>
                            </Glyph>
                            <Glyph ID="char_467" CONTENT="s" HPOS="1796" VPOS="1493" WIDTH="3" HEIGHT="109" GC="0.9999">
                                <Shape>
                                    <Polygon POINTS="1796 1493 1799 1602 1799 1602 1796 1493"/>
                                </Shape>
                            </Glyph>
                            <Glyph ID="char_468" CONTENT="s" HPOS="1823" VPOS="1499" WIDTH="2" HEIGHT="95" GC="0.9976">
                                <Shape>
                                    <Polygon POINTS="1823 1499 1825 1594 1825 1594 1823 1499"/>
                                </Shape>
                            </Glyph>
                            <Glyph ID="char_469" CONTENT="i" HPOS="1849" VPOS="1509" WIDTH="2" HEIGHT="85" GC="0.989">
                                <Shape>
                                    <Polygon POINTS="1849 1509 1851 1594 1851 1594 1849 1509"/>
                                </Shape>
                            </Glyph>
                            <Glyph ID="char_470" CONTENT="s" HPOS="1874" VPOS="1506" WIDTH="2" HEIGHT="87" GC="0.9999">
                                <Shape>
                                    <Polygon POINTS="1874 1506 1876 1593 1876 1593 1874 1506"/>
                                </Shape>
                            </Glyph>
                            <Glyph ID="char_471" CONTENT="t" HPOS="1909" VPOS="1497" WIDTH="2" HEIGHT="96" GC="1.0">
                                <Shape>
                                    <Polygon POINTS="1909 1497 1911 1593 1911 1593 1909 1497"/>
                                </Shape>
                            </Glyph>
                            <Glyph ID="char_472" CONTENT="e" HPOS="1935" VPOS="1506" WIDTH="2" HEIGHT="87" GC="1.0">
                                <Shape>
                                    <Polygon POINTS="1935 1506 1937 1593 1937 1593 1935 1506"/>
                                </Shape>
                            </Glyph>
                            <Glyph ID="char_473" CONTENT="r" HPOS="1969" VPOS="1524" WIDTH="2" HEIGHT="68" GC="0.9995">
                                <Shape>
                                    <Polygon POINTS="1969 1524 1971 1592 1971 1592 1969 1524"/>
                                </Shape>
                            </Glyph>
                        </String>
                        <SP ID="segment_156" HPOS="2029"  VPOS="1526" WIDTH="11"  HEIGHT="79"/>
                        <String ID="segment_157" CONTENT="à" HPOS="2055" VPOS="1526" WIDTH="19" HEIGHT="78" WC="0.9836">
                            <Shape>
                                <Polygon POINTS="2055 1526 2057 1604 2074 1599 2072 1526"/>
                            </Shape>
                            <Glyph ID="char_475" CONTENT="a" HPOS="2055" VPOS="1526" WIDTH="2" HEIGHT="78" GC="0.98">
                                <Shape>
                                    <Polygon POINTS="2055 1526 2057 1604 2057 1604 2055 1526"/>
                                </Shape>
                            </Glyph>
                            <Glyph ID="char_476" CONTENT="̀" HPOS="2072" VPOS="1526" WIDTH="2" HEIGHT="73" GC="0.9871">
                                <Shape>
                                    <Polygon POINTS="2072 1526 2074 1599 2074 1599 2072 1526"/>
                                </Shape>
                            </Glyph>
                        </String>
                        <SP ID="segment_158" HPOS="2124"  VPOS="1525" WIDTH="11"  HEIGHT="75"/>
                        <String ID="segment_159" CONTENT="L&#39;Exécuition" HPOS="2150" VPOS="1494" WIDTH="320" HEIGHT="106" WC="0.9676">
                            <Shape>
                                <Polygon POINTS="2150 1525 2152 1600 2470 1590 2468 1494"/>
                            </Shape>
                            <Glyph ID="char_478" CONTENT="L" HPOS="2150" VPOS="1525" WIDTH="2" HEIGHT="75" GC="0.8917">
                                <Shape>
                                    <Polygon POINTS="2150 1525 2152 1600 2152 1600 2150 1525"/>
                                </Shape>
                            </Glyph>
                            <Glyph ID="char_479" CONTENT="&#39;" HPOS="2184" VPOS="1500" WIDTH="11" HEIGHT="97" GC="0.8509">
                                <Shape>
                                    <Polygon POINTS="2184 1505 2186 1597 2195 1596 2193 1500"/>
                                </Shape>
                            </Glyph>
                            <Glyph ID="char_480" CONTENT="E" HPOS="2202" VPOS="1495" WIDTH="2" HEIGHT="100" GC="0.9888">
                                <Shape>
                                    <Polygon POINTS="2202 1495 2204 1595 2204 1595 2202 1495"/>
                                </Shape>
                            </Glyph>
                            <Glyph ID="char_481" CONTENT="x" HPOS="2236" VPOS="1500" WIDTH="11" HEIGHT="91" GC="0.9997">
                                <Shape>
                                    <Polygon POINTS="2236 1500 2238 1591 2247 1591 2245 1504"/>
                                </Shape>
                            </Glyph>
                            <Glyph ID="char_482" CONTENT="e" HPOS="2288" VPOS="1518" WIDTH="2" HEIGHT="73" GC="0.9999">
                                <Shape>
                                    <Polygon POINTS="2288 1518 2290 1591 2290 1591 2288 1518"/>
                                </Shape>
                            </Glyph>
                            <Glyph ID="char_483" CONTENT="́" HPOS="2296" VPOS="1518" WIDTH="2" HEIGHT="73" GC="0.9985">
                                <Shape>
                                    <Polygon POINTS="2296 1518 2298 1591 2298 1591 2296 1518"/>
                                </Shape>
                            </Glyph>
                            <Glyph ID="char_484" CONTENT="c" HPOS="2305" VPOS="1518" WIDTH="2" HEIGHT="74" GC="0.999">
                                <Shape>
                                    <Polygon POINTS="2305 1518 2307 1592 2307 1592 2305 1518"/>
                                </Shape>
                            </Glyph>
                            <Glyph ID="char_485" CONTENT="u" HPOS="2322" VPOS="1518" WIDTH="2" HEIGHT="74" GC="0.9996">
                                <Shape>
                                    <Polygon POINTS="2322 1518 2324 1592 2324 1592 2322 1518"/>
                                </Shape>
                            </Glyph>
                            <Glyph ID="char_486" CONTENT="i" HPOS="2339" VPOS="1518" WIDTH="2" HEIGHT="75" GC="0.9877">
                                <Shape>
                                    <Polygon POINTS="2339 1518 2341 1593 2341 1593 2339 1518"/>
                                </Shape>
                            </Glyph>
                            <Glyph ID="char_487" CONTENT="t" HPOS="2374" VPOS="1518" WIDTH="2" HEIGHT="76" GC="1.0">
                                <Shape>
                                    <Polygon POINTS="2374 1518 2376 1594 2376 1594 2374 1518"/>
                                </Shape>
                            </Glyph>
                            <Glyph ID="char_488" CONTENT="i" HPOS="2400" VPOS="1518" WIDTH="2" HEIGHT="77" GC="0.8722">
                                <Shape>
                                    <Polygon POINTS="2400 1518 2402 1595 2402 1595 2400 1518"/>
                                </Shape>
                            </Glyph>
                            <Glyph ID="char_489" CONTENT="o" HPOS="2425" VPOS="1509" WIDTH="2" HEIGHT="87" GC="0.9994">
                                <Shape>
                                    <Polygon POINTS="2425 1509 2427 1596 2427 1596 2425 1509"/>
                                </Shape>
                            </Glyph>
                            <Glyph ID="char_490" CONTENT="n" HPOS="2468" VPOS="1494" WIDTH="2" HEIGHT="96" GC="0.9918">
                                <Shape>
                                    <Polygon POINTS="2468 1494 2470 1590 2470 1590 2468 1494"/>
                                </Shape>
                            </Glyph>
                        </String>
                    </TextLine>

                    <TextLine ID="41c14ba8-8ad3-45bc-a22d-0c3e7b68d643" HPOS="663.0" VPOS="1613.0" WIDTH="1894.0" HEIGHT="150.0" BASELINE="666.0 1728.0 2557.0 1694.0" TAGREFS="LINE_TYPE_1">
                        <Shape>
                            <Polygon POINTS="666.0 1728.0 666.0 1747.0 716.0 1763.0 719.0 1763.0 721.0 1763.0 723.0 1763.0 726.0 1763.0 746.0 1747.0 786.0 1763.0 788.0 1763.0 790.0 1763.0 793.0 1763.0 830.0 1751.0 1012.0 1758.0 1015.0 1758.0 1017.0 1758.0 1091.0 1740.0 1135.0 1756.0 1137.0 1756.0 1140.0 1756.0 1142.0 1756.0 1177.0 1740.0 1200.0 1751.0 1202.0 1751.0 1204.0 1751.0 1665.0 1731.0 1755.0 1744.0 1757.0 1744.0 1838.0 1726.0 1956.0 1740.0 1958.0 1740.0 2055.0 1721.0 2176.0 1737.0 2178.0 1737.0 2317.0 1717.0 2555.0 1717.0 2557.0 1694.0 2553.0 1654.0 2462.0 1654.0 2375.0 1613.0 2372.0 1613.0 2370.0 1613.0 2169.0 1617.0 2166.0 1617.0 2072.0 1657.0 1963.0 1629.0 1961.0 1629.0 1808.0 1622.0 1806.0 1622.0 1729.0 1624.0 1727.0 1624.0 1725.0 1624.0 1672.0 1666.0 1653.0 1652.0 1651.0 1652.0 1648.0 1652.0 1646.0 1652.0 1644.0 1652.0 1641.0 1652.0 1616.0 1670.0 1415.0 1673.0 1362.0 1659.0 1359.0 1659.0 1357.0 1659.0 1292.0 1673.0 1200.0 1661.0 1197.0 1661.0 1195.0 1661.0 1193.0 1661.0 1165.0 1680.0 1107.0 1680.0 1029.0 1638.0 1026.0 1638.0 929.0 1638.0 927.0 1638.0 925.0 1638.0 922.0 1638.0 860.0 1680.0 820.0 1682.0 746.0 1657.0 744.0 1657.0 742.0 1657.0 740.0 1657.0 663.0 1684.0 666.0 1728.0"/>
                        </Shape>
                        <String ID="segment_160" CONTENT="et" HPOS="706" VPOS="1657" WIDTH="34" HEIGHT="103" WC="0.9997">
                            <Shape>
                                <Polygon POINTS="706 1669 708 1760 740 1751 739 1657"/>
                            </Shape>
                            <Glyph ID="char_491" CONTENT="e" HPOS="706" VPOS="1669" WIDTH="2" HEIGHT="91" GC="0.9994">
                                <Shape>
                                    <Polygon POINTS="706 1669 708 1760 708 1760 706 1669"/>
                                </Shape>
                            </Glyph>
                            <Glyph ID="char_492" CONTENT="t" HPOS="739" VPOS="1657" WIDTH="1" HEIGHT="94" GC="1.0">
                                <Shape>
                                    <Polygon POINTS="739 1657 740 1751 740 1751 739 1657"/>
                                </Shape>
                            </Glyph>
                        </String>
                        <SP ID="segment_161" HPOS="806"  VPOS="1677" WIDTH="10"  HEIGHT="81"/>
                        <String ID="segment_162" CONTENT="a" HPOS="831" VPOS="1681" WIDTH="1" HEIGHT="70" WC="1.0">
                            <Shape>
                                <Polygon POINTS="831 1681 832 1751 832 1751 831 1681"/>
                            </Shape>
                            <Glyph ID="char_494" CONTENT="a" HPOS="831" VPOS="1681" WIDTH="1" HEIGHT="70" GC="1.0">
                                <Shape>
                                    <Polygon POINTS="831 1681 832 1751 832 1751 831 1681"/>
                                </Shape>
                            </Glyph>
                        </String>
                        <SP ID="segment_163" HPOS="897"  VPOS="1650" WIDTH="10"  HEIGHT="104"/>
                        <String ID="segment_164" CONTENT="garder" HPOS="929" VPOS="1638" WIDTH="159" HEIGHT="119" WC="0.9919">
                            <Shape>
                                <Polygon POINTS="929 1638 932 1755 1088 1741 1087 1669"/>
                            </Shape>
                            <Glyph ID="char_496" CONTENT="g" HPOS="929" VPOS="1638" WIDTH="3" HEIGHT="117" GC="1.0">
                                <Shape>
                                    <Polygon POINTS="929 1638 932 1755 932 1755 929 1638"/>
                                </Shape>
                            </Glyph>
                            <Glyph ID="char_497" CONTENT="a" HPOS="962" VPOS="1638" WIDTH="3" HEIGHT="118" GC="0.9681">
                                <Shape>
                                    <Polygon POINTS="962 1638 965 1756 965 1756 962 1638"/>
                                </Shape>
                            </Glyph>
                            <Glyph ID="char_498" CONTENT="r" HPOS="995" VPOS="1638" WIDTH="3" HEIGHT="119" GC="1.0">
                                <Shape>
                                    <Polygon POINTS="995 1638 998 1757 998 1757 995 1638"/>
                                </Shape>
                            </Glyph>
                            <Glyph ID="char_499" CONTENT="d" HPOS="1028" VPOS="1638" WIDTH="3" HEIGHT="117" GC="0.9876">
                                <Shape>
                                    <Polygon POINTS="1028 1638 1031 1755 1031 1755 1028 1638"/>
                                </Shape>
                            </Glyph>
                            <Glyph ID="char_500" CONTENT="e" HPOS="1062" VPOS="1656" WIDTH="1" HEIGHT="91" GC="0.9961">
                                <Shape>
                                    <Polygon POINTS="1062 1656 1063 1747 1063 1747 1062 1656"/>
                                </Shape>
                            </Glyph>
                            <Glyph ID="char_501" CONTENT="r" HPOS="1087" VPOS="1669" WIDTH="1" HEIGHT="72" GC="0.9997">
                                <Shape>
                                    <Polygon POINTS="1087 1669 1088 1741 1088 1741 1087 1669"/>
                                </Shape>
                            </Glyph>
                        </String>
                        <SP ID="segment_165" HPOS="1153"  VPOS="1680" WIDTH="10"  HEIGHT="70"/>
                        <String ID="segment_166" CONTENT="trois" HPOS="1178" VPOS="1661" WIDTH="100" HEIGHT="90" WC="0.9994">
                            <Shape>
                                <Polygon POINTS="1178 1671 1179 1741 1278 1748 1277 1671"/>
                            </Shape>
                            <Glyph ID="char_503" CONTENT="t" HPOS="1178" VPOS="1671" WIDTH="1" HEIGHT="70" GC="1.0">
                                <Shape>
                                    <Polygon POINTS="1178 1671 1179 1741 1179 1741 1178 1671"/>
                                </Shape>
                            </Glyph>
                            <Glyph ID="char_504" CONTENT="r" HPOS="1203" VPOS="1661" WIDTH="2" HEIGHT="90" GC="1.0">
                                <Shape>
                                    <Polygon POINTS="1203 1661 1205 1751 1205 1751 1203 1661"/>
                                </Shape>
                            </Glyph>
                            <Glyph ID="char_505" CONTENT="o" HPOS="1228" VPOS="1665" WIDTH="1" HEIGHT="85" GC="1.0">
                                <Shape>
                                    <Polygon POINTS="1228 1665 1229 1750 1229 1750 1228 1665"/>
                                </Shape>
                            </Glyph>
                            <Glyph ID="char_506" CONTENT="i" HPOS="1253" VPOS="1668" WIDTH="1" HEIGHT="81" GC="0.9993">
                                <Shape>
                                    <Polygon POINTS="1253 1668 1254 1749 1254 1749 1253 1668"/>
                                </Shape>
                            </Glyph>
                            <Glyph ID="char_507" CONTENT="s" HPOS="1277" VPOS="1671" WIDTH="1" HEIGHT="77" GC="0.9976">
                                <Shape>
                                    <Polygon POINTS="1277 1671 1278 1748 1278 1748 1277 1671"/>
                                </Shape>
                            </Glyph>
                        </String>
                        <SP ID="segment_167" HPOS="1310"  VPOS="1667" WIDTH="10"  HEIGHT="79"/>
                        <String ID="segment_168" CONTENT="mois" HPOS="1360" VPOS="1659" WIDTH="134" HEIGHT="85" WC="0.8567">
                            <Shape>
                                <Polygon POINTS="1360 1659 1361 1744 1494 1738 1493 1672"/>
                            </Shape>
                            <Glyph ID="char_509" CONTENT="m" HPOS="1360" VPOS="1659" WIDTH="1" HEIGHT="85" GC="0.5659">
                                <Shape>
                                    <Polygon POINTS="1360 1659 1361 1744 1361 1744 1360 1659"/>
                                </Shape>
                            </Glyph>
                            <Glyph ID="char_510" CONTENT="o" HPOS="1418" VPOS="1673" WIDTH="1" HEIGHT="69" GC="0.8615">
                                <Shape>
                                    <Polygon POINTS="1418 1673 1419 1742 1419 1742 1418 1673"/>
                                </Shape>
                            </Glyph>
                            <Glyph ID="char_511" CONTENT="i" HPOS="1451" VPOS="1672" WIDTH="1" HEIGHT="68" GC="1.0">
                                <Shape>
                                    <Polygon POINTS="1451 1672 1452 1740 1452 1740 1451 1672"/>
                                </Shape>
                            </Glyph>
                            <Glyph ID="char_512" CONTENT="s" HPOS="1493" VPOS="1672" WIDTH="1" HEIGHT="66" GC="0.9995">
                                <Shape>
                                    <Polygon POINTS="1493 1672 1494 1738 1494 1738 1493 1672"/>
                                </Shape>
                            </Glyph>
                        </String>
                        <SP ID="segment_169" HPOS="1575"  VPOS="1670" WIDTH="10"  HEIGHT="65"/>
                        <String ID="segment_170" CONTENT="Le" HPOS="1608" VPOS="1656" WIDTH="51" HEIGHT="77" WC="0.9997">
                            <Shape>
                                <Polygon POINTS="1608 1670 1609 1733 1659 1731 1658 1656"/>
                            </Shape>
                            <Glyph ID="char_514" CONTENT="L" HPOS="1608" VPOS="1670" WIDTH="1" HEIGHT="63" GC="0.9999">
                                <Shape>
                                    <Polygon POINTS="1608 1670 1609 1733 1609 1733 1608 1670"/>
                                </Shape>
                            </Glyph>
                            <Glyph ID="char_515" CONTENT="e" HPOS="1658" VPOS="1656" WIDTH="1" HEIGHT="75" GC="0.9996">
                                <Shape>
                                    <Polygon POINTS="1658 1656 1659 1731 1659 1731 1658 1656"/>
                                </Shape>
                            </Glyph>
                        </String>
                        <SP ID="segment_171" HPOS="1691"  VPOS="1645" WIDTH="9"  HEIGHT="91"/>
                        <String ID="segment_172" CONTENT="Cachot" HPOS="1715" VPOS="1622" WIDTH="217" HEIGHT="120" WC="0.978">
                            <Shape>
                                <Polygon POINTS="1715 1632 1717 1739 1932 1737 1930 1628"/>
                            </Shape>
                            <Glyph ID="char_517" CONTENT="C" HPOS="1715" VPOS="1632" WIDTH="2" HEIGHT="107" GC="0.8738">
                                <Shape>
                                    <Polygon POINTS="1715 1632 1717 1739 1717 1739 1715 1632"/>
                                </Shape>
                            </Glyph>
                            <Glyph ID="char_518" CONTENT="a" HPOS="1765" VPOS="1623" WIDTH="2" HEIGHT="119" GC="1.0">
                                <Shape>
                                    <Polygon POINTS="1765 1623 1767 1742 1767 1742 1765 1623"/>
                                </Shape>
                            </Glyph>
                            <Glyph ID="char_519" CONTENT="c" HPOS="1806" VPOS="1622" WIDTH="2" HEIGHT="111" GC="0.9974">
                                <Shape>
                                    <Polygon POINTS="1806 1622 1808 1733 1808 1733 1806 1622"/>
                                </Shape>
                            </Glyph>
                            <Glyph ID="char_520" CONTENT="h" HPOS="1839" VPOS="1623" WIDTH="2" HEIGHT="103" GC="1.0">
                                <Shape>
                                    <Polygon POINTS="1839 1623 1841 1726 1841 1726 1839 1623"/>
                                </Shape>
                            </Glyph>
                            <Glyph ID="char_521" CONTENT="o" HPOS="1897" VPOS="1626" WIDTH="2" HEIGHT="107" GC="1.0">
                                <Shape>
                                    <Polygon POINTS="1897 1626 1899 1733 1899 1733 1897 1626"/>
                                </Shape>
                            </Glyph>
                            <Glyph ID="char_522" CONTENT="t" HPOS="1930" VPOS="1628" WIDTH="2" HEIGHT="109" GC="0.9967">
                                <Shape>
                                    <Polygon POINTS="1930 1628 1932 1737 1932 1737 1930 1628"/>
                                </Shape>
                            </Glyph>
                        </String>
                        <SP ID="segment_173" HPOS="2006"  VPOS="1640" WIDTH="9"  HEIGHT="90"/>
                        <String ID="segment_174" CONTENT="à" HPOS="2030" VPOS="1646" WIDTH="26" HEIGHT="80" WC="0.9745">
                            <Shape>
                                <Polygon POINTS="2030 1646 2031 1726 2056 1721 2055 1653"/>
                            </Shape>
                            <Glyph ID="char_524" CONTENT="a" HPOS="2030" VPOS="1646" WIDTH="1" HEIGHT="80" GC="0.9502">
                                <Shape>
                                    <Polygon POINTS="2030 1646 2031 1726 2031 1726 2030 1646"/>
                                </Shape>
                            </Glyph>
                            <Glyph ID="char_525" CONTENT="̀" HPOS="2047" VPOS="1651" WIDTH="9" HEIGHT="71" GC="0.9988">
                                <Shape>
                                    <Polygon POINTS="2047 1651 2048 1722 2056 1721 2055 1653"/>
                                </Shape>
                            </Glyph>
                        </String>
                        <SP ID="segment_175" HPOS="2080"  VPOS="1650" WIDTH="9"  HEIGHT="76"/>
                        <String ID="segment_176" CONTENT="Comptee" HPOS="2097" VPOS="1614" WIDTH="290" HEIGHT="120" WC="0.8569">
                            <Shape>
                                <Polygon POINTS="2097 1646 2098 1727 2387 1717 2385 1618"/>
                            </Shape>
                            <Glyph ID="char_527" CONTENT="C" HPOS="2097" VPOS="1646" WIDTH="1" HEIGHT="81" GC="0.9883">
                                <Shape>
                                    <Polygon POINTS="2097 1646 2098 1727 2098 1727 2097 1646"/>
                                </Shape>
                            </Glyph>
                            <Glyph ID="char_528" CONTENT="o" HPOS="2145" VPOS="1626" WIDTH="2" HEIGHT="107" GC="0.9781">
                                <Shape>
                                    <Polygon POINTS="2145 1626 2147 1733 2147 1733 2145 1626"/>
                                </Shape>
                            </Glyph>
                            <Glyph ID="char_529" CONTENT="m" HPOS="2195" VPOS="1616" WIDTH="2" HEIGHT="118" GC="0.9363">
                                <Shape>
                                    <Polygon POINTS="2195 1616 2197 1734 2197 1734 2195 1616"/>
                                </Shape>
                            </Glyph>
                            <Glyph ID="char_530" CONTENT="p" HPOS="2253" VPOS="1615" WIDTH="2" HEIGHT="111" GC="0.6355">
                                <Shape>
                                    <Polygon POINTS="2253 1615 2255 1726 2255 1726 2253 1615"/>
                                </Shape>
                            </Glyph>
                            <Glyph ID="char_531" CONTENT="t" HPOS="2302" VPOS="1614" WIDTH="2" HEIGHT="105" GC="0.9997">
                                <Shape>
                                    <Polygon POINTS="2302 1614 2304 1719 2304 1719 2302 1614"/>
                                </Shape>
                            </Glyph>
                            <Glyph ID="char_532" CONTENT="e" HPOS="2336" VPOS="1614" WIDTH="2" HEIGHT="103" GC="0.9985">
                                <Shape>
                                    <Polygon POINTS="2336 1614 2338 1717 2338 1717 2336 1614"/>
                                </Shape>
                            </Glyph>
                            <Glyph ID="char_533" CONTENT="e" HPOS="2385" VPOS="1618" WIDTH="2" HEIGHT="99" GC="0.4619">
                                <Shape>
                                    <Polygon POINTS="2385 1618 2387 1717 2387 1717 2385 1618"/>
                                </Shape>
                            </Glyph>
                        </String>
                        <SP ID="segment_177" HPOS="2444"  VPOS="1645" WIDTH="1"  HEIGHT="72"/>
                        <String ID="segment_178" CONTENT="a" HPOS="2461" VPOS="1654" WIDTH="1" HEIGHT="63" WC="0.9982">
                            <Shape>
                                <Polygon POINTS="2461 1654 2462 1717 2462 1717 2461 1654"/>
                            </Shape>
                            <Glyph ID="char_535" CONTENT="a" HPOS="2461" VPOS="1654" WIDTH="1" HEIGHT="63" GC="0.9982">
                                <Shape>
                                    <Polygon POINTS="2461 1654 2462 1717 2462 1717 2461 1654"/>
                                </Shape>
                            </Glyph>
                        </String>
                    </TextLine>

                    <TextLine ID="b46a8fdc-eb91-4735-b6e0-e2cb797c6592" HPOS="638.0" VPOS="1758.0" WIDTH="1903.0" HEIGHT="134.0" BASELINE="640.0 1858.0 2541.0 1841.0" TAGREFS="LINE_TYPE_1">
                        <Shape>
                            <Polygon POINTS="640.0 1858.0 640.0 1892.0 830.0 1871.0 906.0 1890.0 908.0 1890.0 911.0 1890.0 1112.0 1876.0 1172.0 1885.0 1174.0 1885.0 1177.0 1885.0 1214.0 1867.0 1292.0 1885.0 1295.0 1885.0 1297.0 1885.0 1329.0 1871.0 1406.0 1883.0 1408.0 1883.0 1410.0 1883.0 1468.0 1865.0 1577.0 1883.0 1579.0 1885.0 1722.0 1885.0 1722.0 1883.0 1725.0 1883.0 1796.0 1865.0 1896.0 1876.0 1898.0 1876.0 1995.0 1862.0 2106.0 1878.0 2109.0 1878.0 2111.0 1878.0 2113.0 1878.0 2132.0 1867.0 2245.0 1874.0 2247.0 1874.0 2250.0 1874.0 2282.0 1858.0 2453.0 1871.0 2456.0 1871.0 2539.0 1860.0 2541.0 1841.0 2532.0 1765.0 2520.0 1772.0 2497.0 1758.0 2495.0 1758.0 2493.0 1758.0 2490.0 1758.0 2488.0 1758.0 2428.0 1781.0 2391.0 1758.0 2388.0 1758.0 2386.0 1758.0 2384.0 1758.0 2382.0 1758.0 2379.0 1758.0 2326.0 1798.0 2247.0 1802.0 2153.0 1791.0 2150.0 1791.0 2097.0 1802.0 2044.0 1767.0 2042.0 1767.0 2039.0 1767.0 2037.0 1767.0 2035.0 1767.0 2032.0 1767.0 1984.0 1804.0 1843.0 1793.0 1840.0 1793.0 1722.0 1804.0 1676.0 1779.0 1674.0 1779.0 1672.0 1779.0 1669.0 1779.0 1609.0 1804.0 1558.0 1781.0 1556.0 1781.0 1554.0 1781.0 1551.0 1781.0 1505.0 1798.0 1417.0 1767.0 1415.0 1767.0 1237.0 1767.0 1234.0 1767.0 1232.0 1767.0 1230.0 1767.0 1156.0 1811.0 955.0 1804.0 897.0 1772.0 894.0 1772.0 712.0 1772.0 709.0 1772.0 707.0 1772.0 705.0 1772.0 638.0 1809.0 640.0 1858.0"/>
                        </Shape>
                        <String ID="segment_179" CONTENT="jour" HPOS="672" VPOS="1772" WIDTH="133" HEIGHT="116" WC="0.9943">
                            <Shape>
                                <Polygon POINTS="672 1790 673 1888 805 1874 804 1772"/>
                            </Shape>
                            <Glyph ID="char_536" CONTENT="j" HPOS="672" VPOS="1790" WIDTH="1" HEIGHT="98" GC="1.0">
                                <Shape>
                                    <Polygon POINTS="672 1790 673 1888 673 1888 672 1790"/>
                                </Shape>
                            </Glyph>
                            <Glyph ID="char_537" CONTENT="o" HPOS="722" VPOS="1772" WIDTH="1" HEIGHT="111" GC="1.0">
                                <Shape>
                                    <Polygon POINTS="722 1772 723 1883 723 1883 722 1772"/>
                                </Shape>
                            </Glyph>
                            <Glyph ID="char_538" CONTENT="u" HPOS="763" VPOS="1772" WIDTH="1" HEIGHT="106" GC="0.9997">
                                <Shape>
                                    <Polygon POINTS="763 1772 764 1878 764 1878 763 1772"/>
                                </Shape>
                            </Glyph>
                            <Glyph ID="char_539" CONTENT="r" HPOS="804" VPOS="1772" WIDTH="1" HEIGHT="102" GC="0.9774">
                                <Shape>
                                    <Polygon POINTS="804 1772 805 1874 805 1874 804 1772"/>
                                </Shape>
                            </Glyph>
                        </String>
                        <SP ID="segment_180" HPOS="838"  VPOS="1772" WIDTH="9"  HEIGHT="103"/>
                        <String ID="segment_181" CONTENT="du" HPOS="862" VPOS="1772" WIDTH="59" HEIGHT="117" WC="0.9999">
                            <Shape>
                                <Polygon POINTS="862 1772 863 1879 921 1889 920 1785"/>
                            </Shape>
                            <Glyph ID="char_541" CONTENT="d" HPOS="862" VPOS="1772" WIDTH="1" HEIGHT="107" GC="0.9999">
                                <Shape>
                                    <Polygon POINTS="862 1772 863 1879 863 1879 862 1772"/>
                                </Shape>
                            </Glyph>
                            <Glyph ID="char_542" CONTENT="u" HPOS="920" VPOS="1785" WIDTH="1" HEIGHT="104" GC="1.0">
                                <Shape>
                                    <Polygon POINTS="920 1785 921 1889 921 1889 920 1785"/>
                                </Shape>
                            </Glyph>
                        </String>
                        <SP ID="segment_182" HPOS="963"  VPOS="1804" WIDTH="0"  HEIGHT="82"/>
                        <String ID="segment_183" CONTENT="present;" HPOS="988" VPOS="1767" WIDTH="264" HEIGHT="118" WC="0.9947">
                            <Shape>
                                <Polygon POINTS="988 1805 988 1885 1252 1876 1251 1767"/>
                            </Shape>
                            <Glyph ID="char_544" CONTENT="p" HPOS="988" VPOS="1805" WIDTH="0" HEIGHT="80" GC="1.0">
                                <Shape>
                                    <Polygon POINTS="988 1805 988 1885 988 1885 988 1805"/>
                                </Shape>
                            </Glyph>
                            <Glyph ID="char_545" CONTENT="r" HPOS="1029" VPOS="1807" WIDTH="0" HEIGHT="75" GC="0.9923">
                                <Shape>
                                    <Polygon POINTS="1029 1807 1029 1882 1029 1882 1029 1807"/>
                                </Shape>
                            </Glyph>
                            <Glyph ID="char_546" CONTENT="e" HPOS="1054" VPOS="1807" WIDTH="0" HEIGHT="73" GC="0.9992">
                                <Shape>
                                    <Polygon POINTS="1054 1807 1054 1880 1054 1880 1054 1807"/>
                                </Shape>
                            </Glyph>
                            <Glyph ID="char_547" CONTENT="s" HPOS="1087" VPOS="1809" WIDTH="0" HEIGHT="69" GC="0.9998">
                                <Shape>
                                    <Polygon POINTS="1087 1809 1087 1878 1087 1878 1087 1809"/>
                                </Shape>
                            </Glyph>
                            <Glyph ID="char_548" CONTENT="e" HPOS="1112" VPOS="1809" WIDTH="0" HEIGHT="67" GC="0.9677">
                                <Shape>
                                    <Polygon POINTS="1112 1809 1112 1876 1112 1876 1112 1809"/>
                                </Shape>
                            </Glyph>
                            <Glyph ID="char_549" CONTENT="n" HPOS="1153" VPOS="1811" WIDTH="0" HEIGHT="71" GC="1.0">
                                <Shape>
                                    <Polygon POINTS="1153 1811 1153 1882 1153 1882 1153 1811"/>
                                </Shape>
                            </Glyph>
                            <Glyph ID="char_550" CONTENT="t" HPOS="1177" VPOS="1798" WIDTH="1" HEIGHT="86" GC="0.9993">
                                <Shape>
                                    <Polygon POINTS="1177 1798 1178 1884 1178 1884 1177 1798"/>
                                </Shape>
                            </Glyph>
                            <Glyph ID="char_551" CONTENT=";" HPOS="1251" VPOS="1767" WIDTH="1" HEIGHT="109" GC="0.9993">
                                <Shape>
                                    <Polygon POINTS="1251 1767 1252 1876 1252 1876 1251 1767"/>
                                </Shape>
                            </Glyph>
                        </String>
                        <SP ID="segment_184" HPOS="1276"  VPOS="1767" WIDTH="9"  HEIGHT="116"/>
                        <String ID="segment_185" CONTENT="fait" HPOS="1301" VPOS="1767" WIDTH="133" HEIGHT="116" WC="0.8589">
                            <Shape>
                                <Polygon POINTS="1301 1767 1302 1883 1434 1875 1433 1773"/>
                            </Shape>
                            <Glyph ID="char_553" CONTENT="f" HPOS="1301" VPOS="1767" WIDTH="1" HEIGHT="116" GC="0.9282">
                                <Shape>
                                    <Polygon POINTS="1301 1767 1302 1883 1302 1883 1301 1767"/>
                                </Shape>
                            </Glyph>
                            <Glyph ID="char_554" CONTENT="a" HPOS="1375" VPOS="1767" WIDTH="1" HEIGHT="111" GC="0.5076">
                                <Shape>
                                    <Polygon POINTS="1375 1767 1376 1878 1376 1878 1375 1767"/>
                                </Shape>
                            </Glyph>
                            <Glyph ID="char_555" CONTENT="i" HPOS="1408" VPOS="1767" WIDTH="1" HEIGHT="116" GC="0.9998">
                                <Shape>
                                    <Polygon POINTS="1408 1767 1409 1883 1409 1883 1408 1767"/>
                                </Shape>
                            </Glyph>
                            <Glyph ID="char_556" CONTENT="t" HPOS="1433" VPOS="1773" WIDTH="1" HEIGHT="102" GC="0.9998">
                                <Shape>
                                    <Polygon POINTS="1433 1773 1434 1875 1434 1875 1433 1773"/>
                                </Shape>
                            </Glyph>
                        </String>
                        <SP ID="segment_186" HPOS="1499"  VPOS="1796" WIDTH="10"  HEIGHT="76"/>
                        <String ID="segment_187" CONTENT="en" HPOS="1524" VPOS="1785" WIDTH="43" HEIGHT="96" WC="0.9979">
                            <Shape>
                                <Polygon POINTS="1524 1791 1525 1874 1567 1881 1566 1785"/>
                            </Shape>
                            <Glyph ID="char_558" CONTENT="e" HPOS="1524" VPOS="1791" WIDTH="1" HEIGHT="83" GC="0.9986">
                                <Shape>
                                    <Polygon POINTS="1524 1791 1525 1874 1525 1874 1524 1791"/>
                                </Shape>
                            </Glyph>
                            <Glyph ID="char_559" CONTENT="n" HPOS="1566" VPOS="1785" WIDTH="1" HEIGHT="96" GC="0.9973">
                                <Shape>
                                    <Polygon POINTS="1566 1785 1567 1881 1567 1881 1566 1785"/>
                                </Shape>
                            </Glyph>
                        </String>
                        <SP ID="segment_188" HPOS="1600"  VPOS="1800" WIDTH="0"  HEIGHT="85"/>
                        <String ID="segment_189" CONTENT="Conseil" HPOS="1616" VPOS="1784" WIDTH="207" HEIGHT="101" WC="0.9974">
                            <Shape>
                                <Polygon POINTS="1616 1801 1616 1885 1823 1868 1822 1795"/>
                            </Shape>
                            <Glyph ID="char_561" CONTENT="C" HPOS="1616" VPOS="1801" WIDTH="0" HEIGHT="84" GC="0.9939">
                                <Shape>
                                    <Polygon POINTS="1616 1801 1616 1885 1616 1885 1616 1801"/>
                                </Shape>
                            </Glyph>
                            <Glyph ID="char_562" CONTENT="o" HPOS="1657" VPOS="1784" WIDTH="1" HEIGHT="101" GC="0.99">
                                <Shape>
                                    <Polygon POINTS="1657 1784 1658 1885 1658 1885 1657 1784"/>
                                </Shape>
                            </Glyph>
                            <Glyph ID="char_563" CONTENT="n" HPOS="1716" VPOS="1800" WIDTH="0" HEIGHT="85" GC="1.0">
                                <Shape>
                                    <Polygon POINTS="1716 1800 1716 1885 1716 1885 1716 1800"/>
                                </Shape>
                            </Glyph>
                            <Glyph ID="char_564" CONTENT="s" HPOS="1732" VPOS="1803" WIDTH="0" HEIGHT="78" GC="1.0">
                                <Shape>
                                    <Polygon POINTS="1732 1803 1732 1881 1732 1881 1732 1803"/>
                                </Shape>
                            </Glyph>
                            <Glyph ID="char_565" CONTENT="e" HPOS="1765" VPOS="1800" WIDTH="0" HEIGHT="73" GC="1.0">
                                <Shape>
                                    <Polygon POINTS="1765 1800 1765 1873 1765 1873 1765 1800"/>
                                </Shape>
                            </Glyph>
                            <Glyph ID="char_566" CONTENT="i" HPOS="1790" VPOS="1798" WIDTH="0" HEIGHT="68" GC="0.9983">
                                <Shape>
                                    <Polygon POINTS="1790 1798 1790 1866 1790 1866 1790 1798"/>
                                </Shape>
                            </Glyph>
                            <Glyph ID="char_567" CONTENT="l" HPOS="1822" VPOS="1795" WIDTH="1" HEIGHT="73" GC="1.0">
                                <Shape>
                                    <Polygon POINTS="1822 1795 1823 1868 1823 1868 1822 1795"/>
                                </Shape>
                            </Glyph>
                        </String>
                        <SP ID="segment_190" HPOS="1864"  VPOS="1795" WIDTH="9"  HEIGHT="78"/>
                        <String ID="segment_191" CONTENT="à" HPOS="1889" VPOS="1797" WIDTH="25" HEIGHT="78" WC="0.9938">
                            <Shape>
                                <Polygon POINTS="1889 1797 1889 1875 1914 1874 1914 1799"/>
                            </Shape>
                            <Glyph ID="char_569" CONTENT="a" HPOS="1889" VPOS="1797" WIDTH="0" HEIGHT="78" GC="0.9876">
                                <Shape>
                                    <Polygon POINTS="1889 1797 1889 1875 1889 1875 1889 1797"/>
                                </Shape>
                            </Glyph>
                            <Glyph ID="char_570" CONTENT="̀" HPOS="1906" VPOS="1798" WIDTH="8" HEIGHT="77" GC="1.0">
                                <Shape>
                                    <Polygon POINTS="1906 1798 1906 1875 1914 1874 1914 1799"/>
                                </Shape>
                            </Glyph>
                        </String>
                        <SP ID="segment_192" HPOS="1947"  VPOS="1801" WIDTH="9"  HEIGHT="68"/>
                        <String ID="segment_193" CONTENT="Leogane" HPOS="1980" VPOS="1767" WIDTH="257" HEIGHT="111" WC="0.9714">
                            <Shape>
                                <Polygon POINTS="1980 1804 1980 1864 2237 1874 2237 1801"/>
                            </Shape>
                            <Glyph ID="char_572" CONTENT="L" HPOS="1980" VPOS="1804" WIDTH="0" HEIGHT="60" GC="0.9999">
                                <Shape>
                                    <Polygon POINTS="1980 1804 1980 1864 1980 1864 1980 1804"/>
                                </Shape>
                            </Glyph>
                            <Glyph ID="char_573" CONTENT="e" HPOS="2037" VPOS="1767" WIDTH="1" HEIGHT="101" GC="1.0">
                                <Shape>
                                    <Polygon POINTS="2037 1767 2038 1868 2038 1868 2037 1767"/>
                                </Shape>
                            </Glyph>
                            <Glyph ID="char_574" CONTENT="o" HPOS="2070" VPOS="1784" WIDTH="1" HEIGHT="89" GC="1.0">
                                <Shape>
                                    <Polygon POINTS="2070 1784 2071 1873 2071 1873 2070 1784"/>
                                </Shape>
                            </Glyph>
                            <Glyph ID="char_575" CONTENT="g" HPOS="2113" VPOS="1799" WIDTH="0" HEIGHT="79" GC="0.9993">
                                <Shape>
                                    <Polygon POINTS="2113 1799 2113 1878 2113 1878 2113 1799"/>
                                </Shape>
                            </Glyph>
                            <Glyph ID="char_576" CONTENT="a" HPOS="2153" VPOS="1791" WIDTH="1" HEIGHT="77" GC="0.9994">
                                <Shape>
                                    <Polygon POINTS="2153 1791 2154 1868 2154 1868 2153 1791"/>
                                </Shape>
                            </Glyph>
                            <Glyph ID="char_577" CONTENT="n" HPOS="2204" VPOS="1797" WIDTH="0" HEIGHT="74" GC="0.8267">
                                <Shape>
                                    <Polygon POINTS="2204 1797 2204 1871 2204 1871 2204 1797"/>
                                </Shape>
                            </Glyph>
                            <Glyph ID="char_578" CONTENT="e" HPOS="2237" VPOS="1801" WIDTH="0" HEIGHT="73" GC="0.9742">
                                <Shape>
                                    <Polygon POINTS="2237 1801 2237 1874 2237 1874 2237 1801"/>
                                </Shape>
                            </Glyph>
                        </String>
                        <SP ID="segment_194" HPOS="2311"  VPOS="1798" WIDTH="9"  HEIGHT="63"/>
                        <String ID="segment_195" CONTENT="Le" HPOS="2335" VPOS="1775" WIDTH="84" HEIGHT="93" WC="0.9984">
                            <Shape>
                                <Polygon POINTS="2335 1791 2336 1862 2419 1868 2418 1775"/>
                            </Shape>
                            <Glyph ID="char_580" CONTENT="L" HPOS="2335" VPOS="1791" WIDTH="1" HEIGHT="71" GC="0.9998">
                                <Shape>
                                    <Polygon POINTS="2335 1791 2336 1862 2336 1862 2335 1791"/>
                                </Shape>
                            </Glyph>
                            <Glyph ID="char_581" CONTENT="e" HPOS="2418" VPOS="1775" WIDTH="1" HEIGHT="93" GC="0.997">
                                <Shape>
                                    <Polygon POINTS="2418 1775 2419 1868 2419 1868 2418 1775"/>
                                </Shape>
                            </Glyph>
                        </String>
                    </TextLine>

                    <TextLine ID="356d0c6e-1d6c-467d-accf-6004639d42b9" HPOS="635.0" VPOS="1904.0" WIDTH="1915.0" HEIGHT="118.0" BASELINE="638.0 1980.0 1766.0 1975.0 2550.0 1952.0" TAGREFS="LINE_TYPE_1">
                        <Shape>
                            <Polygon POINTS="638.0 1980.0 638.0 1994.0 786.0 2015.0 788.0 2015.0 790.0 2015.0 860.0 1994.0 1022.0 1999.0 1043.0 2015.0 1045.0 2015.0 1047.0 2015.0 1049.0 2015.0 1052.0 2015.0 1091.0 1996.0 1119.0 2015.0 1121.0 2015.0 1123.0 2015.0 1126.0 2015.0 1128.0 2015.0 1170.0 1999.0 1218.0 2015.0 1221.0 2015.0 1223.0 2015.0 1422.0 1996.0 1570.0 2022.0 1572.0 2022.0 1833.0 2017.0 1836.0 2017.0 1838.0 2017.0 1863.0 1999.0 1900.0 2017.0 1903.0 2017.0 1905.0 2017.0 1907.0 2017.0 1935.0 2003.0 2042.0 2015.0 2044.0 2015.0 2046.0 2015.0 2153.0 1978.0 2178.0 1989.0 2180.0 1989.0 2183.0 1989.0 2363.0 1975.0 2402.0 1992.0 2405.0 1992.0 2407.0 1992.0 2550.0 1971.0 2550.0 1952.0 2543.0 1913.0 2400.0 1920.0 2377.0 1904.0 2375.0 1904.0 2372.0 1904.0 2162.0 1904.0 2160.0 1904.0 2076.0 1925.0 1984.0 1925.0 1942.0 1911.0 1940.0 1911.0 1937.0 1911.0 1935.0 1911.0 1933.0 1911.0 1910.0 1927.0 1776.0 1908.0 1773.0 1908.0 1771.0 1908.0 1729.0 1932.0 1602.0 1932.0 1570.0 1913.0 1567.0 1913.0 1565.0 1913.0 1563.0 1913.0 1561.0 1913.0 1530.0 1932.0 1325.0 1915.0 1322.0 1915.0 1320.0 1915.0 1318.0 1915.0 1288.0 1934.0 1047.0 1925.0 1045.0 1925.0 1043.0 1925.0 996.0 1939.0 955.0 1920.0 952.0 1920.0 950.0 1920.0 811.0 1927.0 809.0 1927.0 807.0 1927.0 793.0 1939.0 686.0 1922.0 684.0 1922.0 682.0 1922.0 635.0 1939.0 638.0 1980.0"/>
                        </Shape>
                        <String ID="segment_196" CONTENT="dix" HPOS="726" VPOS="1928" WIDTH="74" HEIGHT="85" WC="0.9992">
                            <Shape>
                                <Polygon POINTS="726 1928 726 2007 800 2012 800 1933"/>
                            </Shape>
                            <Glyph ID="char_582" CONTENT="d" HPOS="726" VPOS="1928" WIDTH="0" HEIGHT="79" GC="1.0">
                                <Shape>
                                    <Polygon POINTS="726 1928 726 2007 726 2007 726 1928"/>
                                </Shape>
                            </Glyph>
                            <Glyph ID="char_583" CONTENT="i" HPOS="770" VPOS="1935" WIDTH="0" HEIGHT="78" GC="1.0">
                                <Shape>
                                    <Polygon POINTS="770 1935 770 2013 770 2013 770 1935"/>
                                </Shape>
                            </Glyph>
                            <Glyph ID="char_584" CONTENT="x" HPOS="800" VPOS="1933" WIDTH="0" HEIGHT="79" GC="0.9977">
                                <Shape>
                                    <Polygon POINTS="800 1933 800 2012 800 2012 800 1933"/>
                                </Shape>
                            </Glyph>
                        </String>
                        <SP ID="segment_197" HPOS="836"  VPOS="1925" WIDTH="8"  HEIGHT="76"/>
                        <String ID="segment_198" CONTENT="huit" HPOS="858" VPOS="1920" WIDTH="110" HEIGHT="77" WC="0.9998">
                            <Shape>
                                <Polygon POINTS="858 1925 858 1995 968 1997 968 1926"/>
                            </Shape>
                            <Glyph ID="char_586" CONTENT="h" HPOS="858" VPOS="1925" WIDTH="0" HEIGHT="70" GC="0.9999">
                                <Shape>
                                    <Polygon POINTS="858 1925 858 1995 858 1995 858 1925"/>
                                </Shape>
                            </Glyph>
                            <Glyph ID="char_587" CONTENT="u" HPOS="917" VPOS="1922" WIDTH="0" HEIGHT="74" GC="0.9998">
                                <Shape>
                                    <Polygon POINTS="917 1922 917 1996 917 1996 917 1922"/>
                                </Shape>
                            </Glyph>
                            <Glyph ID="char_588" CONTENT="i" HPOS="946" VPOS="1920" WIDTH="0" HEIGHT="77" GC="1.0">
                                <Shape>
                                    <Polygon POINTS="946 1920 946 1997 946 1997 946 1920"/>
                                </Shape>
                            </Glyph>
                            <Glyph ID="char_589" CONTENT="t" HPOS="968" VPOS="1926" WIDTH="0" HEIGHT="71" GC="0.9996">
                                <Shape>
                                    <Polygon POINTS="968 1926 968 1997 968 1997 968 1926"/>
                                </Shape>
                            </Glyph>
                        </String>
                        <SP ID="segment_199" HPOS="1012"  VPOS="1932" WIDTH="8"  HEIGHT="67"/>
                        <String ID="segment_200" CONTENT="mars" HPOS="1056" VPOS="1925" WIDTH="147" HEIGHT="88" WC="0.9293">
                            <Shape>
                                <Polygon POINTS="1056 1925 1056 2013 1203 2010 1203 1931"/>
                            </Shape>
                            <Glyph ID="char_591" CONTENT="m" HPOS="1056" VPOS="1925" WIDTH="0" HEIGHT="88" GC="0.9998">
                                <Shape>
                                    <Polygon POINTS="1056 1925 1056 2013 1056 2013 1056 1925"/>
                                </Shape>
                            </Glyph>
                            <Glyph ID="char_592" CONTENT="a" HPOS="1115" VPOS="1928" WIDTH="0" HEIGHT="84" GC="0.9999">
                                <Shape>
                                    <Polygon POINTS="1115 1928 1115 2012 1115 2012 1115 1928"/>
                                </Shape>
                            </Glyph>
                            <Glyph ID="char_593" CONTENT="r" HPOS="1167" VPOS="1929" WIDTH="0" HEIGHT="71" GC="0.7174">
                                <Shape>
                                    <Polygon POINTS="1167 1929 1167 2000 1167 2000 1167 1929"/>
                                </Shape>
                            </Glyph>
                            <Glyph ID="char_594" CONTENT="s" HPOS="1203" VPOS="1931" WIDTH="0" HEIGHT="79" GC="1.0">
                                <Shape>
                                    <Polygon POINTS="1203 1931 1203 2010 1203 2010 1203 1931"/>
                                </Shape>
                            </Glyph>
                        </String>
                        <SP ID="segment_201" HPOS="1277"  VPOS="1934" WIDTH="7"  HEIGHT="76"/>
                        <String ID="segment_202" CONTENT="milsept" HPOS="1299" VPOS="1918" WIDTH="359" HEIGHT="104" WC="0.9692">
                            <Shape>
                                <Polygon POINTS="1299 1927 1299 2008 1658 2020 1658 1932"/>
                            </Shape>
                            <Glyph ID="char_596" CONTENT="m" HPOS="1299" VPOS="1927" WIDTH="0" HEIGHT="81" GC="1.0">
                                <Shape>
                                    <Polygon POINTS="1299 1927 1299 2008 1299 2008 1299 1927"/>
                                </Shape>
                            </Glyph>
                            <Glyph ID="char_597" CONTENT="i" HPOS="1409" VPOS="1922" WIDTH="0" HEIGHT="75" GC="0.9996">
                                <Shape>
                                    <Polygon POINTS="1409 1922 1409 1997 1409 1997 1409 1922"/>
                                </Shape>
                            </Glyph>
                            <Glyph ID="char_598" CONTENT="l" HPOS="1446" VPOS="1925" WIDTH="0" HEIGHT="75" GC="1.0">
                                <Shape>
                                    <Polygon POINTS="1446 1925 1446 2000 1446 2000 1446 1925"/>
                                </Shape>
                            </Glyph>
                            <Glyph ID="char_599" CONTENT="s" HPOS="1490" VPOS="1929" WIDTH="0" HEIGHT="79" GC="0.9998">
                                <Shape>
                                    <Polygon POINTS="1490 1929 1490 2008 1490 2008 1490 1929"/>
                                </Shape>
                            </Glyph>
                            <Glyph ID="char_600" CONTENT="e" HPOS="1578" VPOS="1918" WIDTH="0" HEIGHT="104" GC="0.9989">
                                <Shape>
                                    <Polygon POINTS="1578 1918 1578 2022 1578 2022 1578 1918"/>
                                </Shape>
                            </Glyph>
                            <Glyph ID="char_601" CONTENT="p" HPOS="1607" VPOS="1932" WIDTH="0" HEIGHT="89" GC="1.0">
                                <Shape>
                                    <Polygon POINTS="1607 1932 1607 2021 1607 2021 1607 1932"/>
                                </Shape>
                            </Glyph>
                            <Glyph ID="char_602" CONTENT="t" HPOS="1658" VPOS="1932" WIDTH="0" HEIGHT="88" GC="0.7858">
                                <Shape>
                                    <Polygon POINTS="1658 1932 1658 2020 1658 2020 1658 1932"/>
                                </Shape>
                            </Glyph>
                        </String>
                        <SP ID="segment_203" HPOS="1717"  VPOS="1932" WIDTH="7"  HEIGHT="87"/>
                        <String ID="segment_204" CONTENT="Cent" HPOS="1732" VPOS="1908" WIDTH="118" HEIGHT="111" WC="0.9999">
                            <Shape>
                                <Polygon POINTS="1732 1930 1732 2019 1850 2008 1847 1918"/>
                            </Shape>
                            <Glyph ID="char_604" CONTENT="C" HPOS="1732" VPOS="1930" WIDTH="0" HEIGHT="89" GC="0.9999">
                                <Shape>
                                    <Polygon POINTS="1732 1930 1732 2019 1732 2019 1732 1930"/>
                                </Shape>
                            </Glyph>
                            <Glyph ID="char_605" CONTENT="e" HPOS="1774" VPOS="1908" WIDTH="3" HEIGHT="110" GC="1.0">
                                <Shape>
                                    <Polygon POINTS="1774 1908 1777 2018 1777 2018 1774 1908"/>
                                </Shape>
                            </Glyph>
                            <Glyph ID="char_606" CONTENT="n" HPOS="1818" VPOS="1914" WIDTH="3" HEIGHT="103" GC="0.9999">
                                <Shape>
                                    <Polygon POINTS="1818 1914 1821 2017 1821 2017 1818 1914"/>
                                </Shape>
                            </Glyph>
                            <Glyph ID="char_607" CONTENT="t" HPOS="1847" VPOS="1918" WIDTH="3" HEIGHT="90" GC="0.9998">
                                <Shape>
                                    <Polygon POINTS="1847 1918 1850 2008 1850 2008 1847 1918"/>
                                </Shape>
                            </Glyph>
                        </String>
                        <SP ID="segment_205" HPOS="1900"  VPOS="1926" WIDTH="9"  HEIGHT="91"/>
                        <String ID="segment_206" CONTENT="Ciiquante" HPOS="1921" VPOS="1904" WIDTH="310" HEIGHT="111" WC="0.973">
                            <Shape>
                                <Polygon POINTS="1921 1919 1924 2008 2231 1985 2229 1904"/>
                            </Shape>
                            <Glyph ID="char_609" CONTENT="C" HPOS="1921" VPOS="1919" WIDTH="3" HEIGHT="89" GC="0.9965">
                                <Shape>
                                    <Polygon POINTS="1921 1919 1924 2008 1924 2008 1921 1919"/>
                                </Shape>
                            </Glyph>
                            <Glyph ID="char_610" CONTENT="i" HPOS="1957" VPOS="1916" WIDTH="11" HEIGHT="91" GC="1.0">
                                <Shape>
                                    <Polygon POINTS="1957 1916 1960 2006 1968 2007 1965 1919"/>
                                </Shape>
                            </Glyph>
                            <Glyph ID="char_611" CONTENT="i" HPOS="2002" VPOS="1925" WIDTH="2" HEIGHT="86" GC="0.999">
                                <Shape>
                                    <Polygon POINTS="2002 1925 2004 2011 2004 2011 2002 1925"/>
                                </Shape>
                            </Glyph>
                            <Glyph ID="char_612" CONTENT="q" HPOS="2039" VPOS="1925" WIDTH="2" HEIGHT="90" GC="0.9949">
                                <Shape>
                                    <Polygon POINTS="2039 1925 2041 2015 2041 2015 2039 1925"/>
                                </Shape>
                            </Glyph>
                            <Glyph ID="char_613" CONTENT="u" HPOS="2076" VPOS="1925" WIDTH="2" HEIGHT="79" GC="0.9957">
                                <Shape>
                                    <Polygon POINTS="2076 1925 2078 2004 2078 2004 2076 1925"/>
                                </Shape>
                            </Glyph>
                            <Glyph ID="char_614" CONTENT="a" HPOS="2112" VPOS="1916" WIDTH="3" HEIGHT="75" GC="0.7789">
                                <Shape>
                                    <Polygon POINTS="2112 1916 2115 1991 2115 1991 2112 1916"/>
                                </Shape>
                            </Glyph>
                            <Glyph ID="char_615" CONTENT="n" HPOS="2170" VPOS="1904" WIDTH="3" HEIGHT="83" GC="1.0">
                                <Shape>
                                    <Polygon POINTS="2170 1904 2173 1987 2173 1987 2170 1904"/>
                                </Shape>
                            </Glyph>
                            <Glyph ID="char_616" CONTENT="t" HPOS="2192" VPOS="1904" WIDTH="3" HEIGHT="84" GC="0.9998">
                                <Shape>
                                    <Polygon POINTS="2192 1904 2195 1988 2195 1988 2192 1904"/>
                                </Shape>
                            </Glyph>
                            <Glyph ID="char_617" CONTENT="e" HPOS="2229" VPOS="1904" WIDTH="2" HEIGHT="81" GC="0.9925">
                                <Shape>
                                    <Polygon POINTS="2229 1904 2231 1985 2231 1985 2229 1904"/>
                                </Shape>
                            </Glyph>
                        </String>
                        <SP ID="segment_207" HPOS="2266"  VPOS="1904" WIDTH="9"  HEIGHT="78"/>
                        <String ID="segment_208" CONTENT="un.–" HPOS="2288" VPOS="1904" WIDTH="186" HEIGHT="82" WC="0.9955">
                            <Shape>
                                <Polygon POINTS="2288 1904 2290 1981 2474 1982 2472 1916"/>
                            </Shape>
                            <Glyph ID="char_619" CONTENT="u" HPOS="2288" VPOS="1904" WIDTH="2" HEIGHT="77" GC="0.9958">
                                <Shape>
                                    <Polygon POINTS="2288 1904 2290 1981 2290 1981 2288 1904"/>
                                </Shape>
                            </Glyph>
                            <Glyph ID="char_620" CONTENT="n" HPOS="2368" VPOS="1904" WIDTH="2" HEIGHT="74" GC="0.9994">
                                <Shape>
                                    <Polygon POINTS="2368 1904 2370 1978 2370 1978 2368 1904"/>
                                </Shape>
                            </Glyph>
                            <Glyph ID="char_621" CONTENT="." HPOS="2443" VPOS="1918" WIDTH="2" HEIGHT="68" GC="0.988">
                                <Shape>
                                    <Polygon POINTS="2443 1918 2445 1986 2445 1986 2443 1918"/>
                                </Shape>
                            </Glyph>
                            <Glyph ID="char_622" CONTENT="–" HPOS="2472" VPOS="1916" WIDTH="2" HEIGHT="66" GC="0.9988">
                                <Shape>
                                    <Polygon POINTS="2472 1916 2474 1982 2474 1982 2472 1916"/>
                                </Shape>
                            </Glyph>
                        </String>
                    </TextLine>

                    <TextLine ID="b664837e-ae85-4595-a8ee-85fe14725add" HPOS="661.0" VPOS="2029.0" WIDTH="1912.0" HEIGHT="115.0" BASELINE="663.0 2103.0 2573.0 2096.0" TAGREFS="LINE_TYPE_1">
                        <Shape>
                            <Polygon POINTS="663.0 2103.0 663.0 2144.0 751.0 2142.0 753.0 2142.0 797.0 2119.0 1197.0 2130.0 1200.0 2130.0 1422.0 2116.0 1475.0 2116.0 1533.0 2140.0 1535.0 2140.0 1537.0 2140.0 1715.0 2137.0 1718.0 2137.0 1759.0 2123.0 1868.0 2133.0 1870.0 2133.0 1873.0 2133.0 1875.0 2133.0 1891.0 2121.0 1919.0 2140.0 1921.0 2140.0 1924.0 2140.0 1926.0 2140.0 1928.0 2140.0 1977.0 2123.0 2009.0 2137.0 2012.0 2137.0 2014.0 2140.0 2104.0 2140.0 2104.0 2137.0 2106.0 2137.0 2109.0 2137.0 2134.0 2119.0 2238.0 2116.0 2467.0 2116.0 2569.0 2137.0 2573.0 2096.0 2569.0 2056.0 2442.0 2056.0 2400.0 2029.0 2398.0 2029.0 2395.0 2029.0 2328.0 2029.0 2326.0 2029.0 2324.0 2029.0 2261.0 2049.0 2180.0 2043.0 2178.0 2043.0 2176.0 2043.0 2173.0 2043.0 2155.0 2054.0 2049.0 2029.0 2046.0 2029.0 2044.0 2029.0 2042.0 2029.0 1998.0 2056.0 1931.0 2059.0 1861.0 2059.0 1826.0 2031.0 1824.0 2031.0 1822.0 2031.0 1769.0 2031.0 1766.0 2031.0 1764.0 2031.0 1762.0 2031.0 1725.0 2059.0 1674.0 2059.0 1637.0 2038.0 1635.0 2038.0 1632.0 2038.0 1630.0 2038.0 1628.0 2038.0 1595.0 2059.0 1551.0 2059.0 1514.0 2031.0 1512.0 2031.0 1510.0 2031.0 1456.0 2031.0 1454.0 2031.0 1292.0 2059.0 1218.0 2040.0 1216.0 2040.0 1214.0 2040.0 1211.0 2040.0 1170.0 2052.0 1144.0 2033.0 1142.0 2033.0 1140.0 2033.0 1137.0 2033.0 1135.0 2033.0 1133.0 2033.0 1089.0 2061.0 1019.0 2061.0 992.0 2043.0 989.0 2043.0 987.0 2043.0 985.0 2043.0 864.0 2059.0 827.0 2033.0 825.0 2033.0 823.0 2033.0 716.0 2033.0 714.0 2033.0 712.0 2033.0 661.0 2059.0 663.0 2103.0"/>
                        </Shape>
                        <String ID="segment_209" CONTENT="signéz" HPOS="686" VPOS="2033" WIDTH="190" HEIGHT="110" WC="0.9983">
                            <Shape>
                                <Polygon POINTS="686 2046 686 2143 876 2121 876 2057"/>
                            </Shape>
                            <Glyph ID="char_623" CONTENT="s" HPOS="686" VPOS="2046" WIDTH="0" HEIGHT="97" GC="1.0">
                                <Shape>
                                    <Polygon POINTS="686 2046 686 2143 686 2143 686 2046"/>
                                </Shape>
                            </Glyph>
                            <Glyph ID="char_624" CONTENT="i" HPOS="732" VPOS="2033" WIDTH="0" HEIGHT="109" GC="1.0">
                                <Shape>
                                    <Polygon POINTS="732 2033 732 2142 732 2142 732 2033"/>
                                </Shape>
                            </Glyph>
                            <Glyph ID="char_625" CONTENT="g" HPOS="762" VPOS="2033" WIDTH="0" HEIGHT="104" GC="0.9997">
                                <Shape>
                                    <Polygon POINTS="762 2033 762 2137 762 2137 762 2033"/>
                                </Shape>
                            </Glyph>
                            <Glyph ID="char_626" CONTENT="n" HPOS="808" VPOS="2033" WIDTH="0" HEIGHT="86" GC="0.9895">
                                <Shape>
                                    <Polygon POINTS="808 2033 808 2119 808 2119 808 2033"/>
                                </Shape>
                            </Glyph>
                            <Glyph ID="char_627" CONTENT="e" HPOS="846" VPOS="2046" WIDTH="0" HEIGHT="74" GC="0.9994">
                                <Shape>
                                    <Polygon POINTS="846 2046 846 2120 846 2120 846 2046"/>
                                </Shape>
                            </Glyph>
                            <Glyph ID="char_628" CONTENT="́" HPOS="854" VPOS="2052" WIDTH="0" HEIGHT="69" GC="0.9996">
                                <Shape>
                                    <Polygon POINTS="854 2052 854 2121 854 2121 854 2052"/>
                                </Shape>
                            </Glyph>
                            <Glyph ID="char_629" CONTENT="z" HPOS="876" VPOS="2057" WIDTH="0" HEIGHT="64" GC="0.9999">
                                <Shape>
                                    <Polygon POINTS="876 2057 876 2121 876 2121 876 2057"/>
                                </Shape>
                            </Glyph>
                        </String>
                        <SP ID="segment_210" HPOS="945"  VPOS="2047" WIDTH="8"  HEIGHT="76"/>
                        <String ID="segment_211" CONTENT="à" HPOS="968" VPOS="2043" WIDTH="23" HEIGHT="81" WC="1.0">
                            <Shape>
                                <Polygon POINTS="968 2045 968 2124 991 2124 991 2043"/>
                            </Shape>
                            <Glyph ID="char_631" CONTENT="a" HPOS="968" VPOS="2045" WIDTH="0" HEIGHT="79" GC="1.0">
                                <Shape>
                                    <Polygon POINTS="968 2045 968 2124 968 2124 968 2045"/>
                                </Shape>
                            </Glyph>
                            <Glyph ID="char_632" CONTENT="̀" HPOS="983" VPOS="2043" WIDTH="8" HEIGHT="81" GC="1.0">
                                <Shape>
                                    <Polygon POINTS="983 2043 983 2124 991 2124 991 2043"/>
                                </Shape>
                            </Glyph>
                        </String>
                        <SP ID="segment_212" HPOS="1044"  VPOS="2061" WIDTH="0"  HEIGHT="65"/>
                        <String ID="segment_213" CONTENT="la" HPOS="1075" VPOS="2041" WIDTH="45" HEIGHT="87" WC="0.9999">
                            <Shape>
                                <Polygon POINTS="1075 2061 1075 2127 1120 2128 1120 2041"/>
                            </Shape>
                            <Glyph ID="char_634" CONTENT="l" HPOS="1075" VPOS="2061" WIDTH="0" HEIGHT="66" GC="1.0">
                                <Shape>
                                    <Polygon POINTS="1075 2061 1075 2127 1075 2127 1075 2061"/>
                                </Shape>
                            </Glyph>
                            <Glyph ID="char_635" CONTENT="a" HPOS="1120" VPOS="2041" WIDTH="0" HEIGHT="87" GC="0.9998">
                                <Shape>
                                    <Polygon POINTS="1120 2041 1120 2128 1120 2128 1120 2041"/>
                                </Shape>
                            </Glyph>
                        </String>
                        <SP ID="segment_214" HPOS="1158"  VPOS="2043" WIDTH="8"  HEIGHT="86"/>
                        <String ID="segment_215" CONTENT="Minutte" HPOS="1181" VPOS="2040" WIDTH="221" HEIGHT="90" WC="0.9665">
                            <Shape>
                                <Polygon POINTS="1181 2049 1181 2130 1402 2117 1402 2040"/>
                            </Shape>
                            <Glyph ID="char_637" CONTENT="M" HPOS="1181" VPOS="2049" WIDTH="0" HEIGHT="81" GC="0.9703">
                                <Shape>
                                    <Polygon POINTS="1181 2049 1181 2130 1181 2130 1181 2049"/>
                                </Shape>
                            </Glyph>
                            <Glyph ID="char_638" CONTENT="i" HPOS="1265" VPOS="2052" WIDTH="0" HEIGHT="74" GC="0.9988">
                                <Shape>
                                    <Polygon POINTS="1265 2052 1265 2126 1265 2126 1265 2052"/>
                                </Shape>
                            </Glyph>
                            <Glyph ID="char_639" CONTENT="n" HPOS="1311" VPOS="2056" WIDTH="0" HEIGHT="67" GC="1.0">
                                <Shape>
                                    <Polygon POINTS="1311 2056 1311 2123 1311 2123 1311 2056"/>
                                </Shape>
                            </Glyph>
                            <Glyph ID="char_640" CONTENT="u" HPOS="1341" VPOS="2051" WIDTH="0" HEIGHT="70" GC="1.0">
                                <Shape>
                                    <Polygon POINTS="1341 2051 1341 2121 1341 2121 1341 2051"/>
                                </Shape>
                            </Glyph>
                            <Glyph ID="char_641" CONTENT="t" HPOS="1364" VPOS="2047" WIDTH="0" HEIGHT="73" GC="0.8062">
                                <Shape>
                                    <Polygon POINTS="1364 2047 1364 2120 1364 2120 1364 2047"/>
                                </Shape>
                            </Glyph>
                            <Glyph ID="char_642" CONTENT="t" HPOS="1379" VPOS="2044" WIDTH="0" HEIGHT="75" GC="0.9999">
                                <Shape>
                                    <Polygon POINTS="1379 2044 1379 2119 1379 2119 1379 2044"/>
                                </Shape>
                            </Glyph>
                            <Glyph ID="char_643" CONTENT="e" HPOS="1402" VPOS="2040" WIDTH="0" HEIGHT="77" GC="0.9906">
                                <Shape>
                                    <Polygon POINTS="1402 2040 1402 2117 1402 2117 1402 2040"/>
                                </Shape>
                            </Glyph>
                        </String>
                        <SP ID="segment_216" HPOS="1479"  VPOS="2031" WIDTH="7"  HEIGHT="90"/>
                        <String ID="segment_217" CONTENT="De" HPOS="1509" VPOS="2031" WIDTH="53" HEIGHT="109" WC="0.8347">
                            <Shape>
                                <Polygon POINTS="1509 2031 1509 2130 1562 2140 1562 2059"/>
                            </Shape>
                            <Glyph ID="char_645" CONTENT="D" HPOS="1509" VPOS="2031" WIDTH="0" HEIGHT="99" GC="0.6857">
                                <Shape>
                                    <Polygon POINTS="1509 2031 1509 2130 1509 2130 1509 2031"/>
                                </Shape>
                            </Glyph>
                            <Glyph ID="char_646" CONTENT="e" HPOS="1562" VPOS="2059" WIDTH="0" HEIGHT="81" GC="0.9836">
                                <Shape>
                                    <Polygon POINTS="1562 2059 1562 2140 1562 2140 1562 2059"/>
                                </Shape>
                            </Glyph>
                        </String>
                        <SP ID="segment_218" HPOS="1585"  VPOS="2059" WIDTH="0"  HEIGHT="80"/>
                        <String ID="segment_219" CONTENT="Conflans," HPOS="1600" VPOS="2031" WIDTH="359" HEIGHT="108" WC="0.9661">
                            <Shape>
                                <Polygon POINTS="1600 2056 1600 2139 1959 2129 1959 2058"/>
                            </Shape>
                            <Glyph ID="char_648" CONTENT="C" HPOS="1600" VPOS="2056" WIDTH="0" HEIGHT="83" GC="0.9999">
                                <Shape>
                                    <Polygon POINTS="1600 2056 1600 2139 1600 2139 1600 2056"/>
                                </Shape>
                            </Glyph>
                            <Glyph ID="char_649" CONTENT="o" HPOS="1639" VPOS="2039" WIDTH="0" HEIGHT="99" GC="0.9999">
                                <Shape>
                                    <Polygon POINTS="1639 2039 1639 2138 1639 2138 1639 2039"/>
                                </Shape>
                            </Glyph>
                            <Glyph ID="char_650" CONTENT="n" HPOS="1677" VPOS="2059" WIDTH="0" HEIGHT="79" GC="0.853">
                                <Shape>
                                    <Polygon POINTS="1677 2059 1677 2138 1677 2138 1677 2059"/>
                                </Shape>
                            </Glyph>
                            <Glyph ID="char_651" CONTENT="f" HPOS="1722" VPOS="2059" WIDTH="0" HEIGHT="77" GC="0.9999">
                                <Shape>
                                    <Polygon POINTS="1722 2059 1722 2136 1722 2136 1722 2059"/>
                                </Shape>
                            </Glyph>
                            <Glyph ID="char_652" CONTENT="l" HPOS="1760" VPOS="2033" WIDTH="0" HEIGHT="90" GC="0.9979">
                                <Shape>
                                    <Polygon POINTS="1760 2033 1760 2123 1760 2123 1760 2033"/>
                                </Shape>
                            </Glyph>
                            <Glyph ID="char_653" CONTENT="a" HPOS="1791" VPOS="2031" WIDTH="0" HEIGHT="95" GC="1.0">
                                <Shape>
                                    <Polygon POINTS="1791 2031 1791 2126 1791 2126 1791 2031"/>
                                </Shape>
                            </Glyph>
                            <Glyph ID="char_654" CONTENT="n" HPOS="1852" VPOS="2052" WIDTH="0" HEIGHT="80" GC="0.9999">
                                <Shape>
                                    <Polygon POINTS="1852 2052 1852 2132 1852 2132 1852 2052"/>
                                </Shape>
                            </Glyph>
                            <Glyph ID="char_655" CONTENT="s" HPOS="1882" VPOS="2059" WIDTH="0" HEIGHT="69" GC="0.854">
                                <Shape>
                                    <Polygon POINTS="1882 2059 1882 2128 1882 2128 1882 2059"/>
                                </Shape>
                            </Glyph>
                            <Glyph ID="char_656" CONTENT="," HPOS="1959" VPOS="2058" WIDTH="0" HEIGHT="71" GC="0.9899">
                                <Shape>
                                    <Polygon POINTS="1959 2058 1959 2129 1959 2129 1959 2058"/>
                                </Shape>
                            </Glyph>
                        </String>
                        <SP ID="segment_220" HPOS="1974"  VPOS="2057" WIDTH="8"  HEIGHT="68"/>
                        <String ID="segment_221" CONTENT="La" HPOS="2004" VPOS="2031" WIDTH="54" HEIGHT="109" WC="0.9998">
                            <Shape>
                                <Polygon POINTS="2004 2052 2004 2135 2058 2140 2058 2031"/>
                            </Shape>
                            <Glyph ID="char_658" CONTENT="L" HPOS="2004" VPOS="2052" WIDTH="0" HEIGHT="83" GC="0.9997">
                                <Shape>
                                    <Polygon POINTS="2004 2052 2004 2135 2004 2135 2004 2052"/>
                                </Shape>
                            </Glyph>
                            <Glyph ID="char_659" CONTENT="a" HPOS="2058" VPOS="2031" WIDTH="0" HEIGHT="109" GC="1.0">
                                <Shape>
                                    <Polygon POINTS="2058 2031 2058 2140 2058 2140 2058 2031"/>
                                </Shape>
                            </Glyph>
                        </String>
                        <SP ID="segment_222" HPOS="2088"  VPOS="2038" WIDTH="0"  HEIGHT="102"/>
                        <String ID="segment_223" CONTENT="porte" HPOS="2111" VPOS="2044" WIDTH="137" HEIGHT="91" WC="0.9685">
                            <Shape>
                                <Polygon POINTS="2111 2044 2111 2135 2248 2116 2248 2048"/>
                            </Shape>
                            <Glyph ID="char_661" CONTENT="p" HPOS="2111" VPOS="2044" WIDTH="0" HEIGHT="91" GC="0.9994">
                                <Shape>
                                    <Polygon POINTS="2111 2044 2111 2135 2111 2135 2111 2044"/>
                                </Shape>
                            </Glyph>
                            <Glyph ID="char_662" CONTENT="o" HPOS="2157" VPOS="2053" WIDTH="0" HEIGHT="65" GC="0.9994">
                                <Shape>
                                    <Polygon POINTS="2157 2053 2157 2118 2157 2118 2157 2053"/>
                                </Shape>
                            </Glyph>
                            <Glyph ID="char_663" CONTENT="r" HPOS="2195" VPOS="2044" WIDTH="0" HEIGHT="73" GC="0.9996">
                                <Shape>
                                    <Polygon POINTS="2195 2044 2195 2117 2195 2117 2195 2044"/>
                                </Shape>
                            </Glyph>
                            <Glyph ID="char_664" CONTENT="t" HPOS="2218" VPOS="2046" WIDTH="0" HEIGHT="71" GC="0.905">
                                <Shape>
                                    <Polygon POINTS="2218 2046 2218 2117 2218 2117 2218 2046"/>
                                </Shape>
                            </Glyph>
                            <Glyph ID="char_665" CONTENT="e" HPOS="2248" VPOS="2048" WIDTH="0" HEIGHT="68" GC="0.9392">
                                <Shape>
                                    <Polygon POINTS="2248 2048 2248 2116 2248 2116 2248 2048"/>
                                </Shape>
                            </Glyph>
                        </String>
                        <SP ID="segment_224" HPOS="2271"  VPOS="2043" WIDTH="8"  HEIGHT="73"/>
                        <String ID="segment_225" CONTENT="lalanne," HPOS="2294" VPOS="2029" WIDTH="267" HEIGHT="106" WC="0.9735">
                            <Shape>
                                <Polygon POINTS="2294 2039 2294 2116 2561 2135 2561 2056"/>
                            </Shape>
                            <Glyph ID="char_667" CONTENT="l" HPOS="2294" VPOS="2039" WIDTH="0" HEIGHT="77" GC="0.9999">
                                <Shape>
                                    <Polygon POINTS="2294 2039 2294 2116 2294 2116 2294 2039"/>
                                </Shape>
                            </Glyph>
                            <Glyph ID="char_668" CONTENT="a" HPOS="2324" VPOS="2029" WIDTH="0" HEIGHT="87" GC="0.9994">
                                <Shape>
                                    <Polygon POINTS="2324 2029 2324 2116 2324 2116 2324 2029"/>
                                </Shape>
                            </Glyph>
                            <Glyph ID="char_669" CONTENT="l" HPOS="2363" VPOS="2029" WIDTH="0" HEIGHT="87" GC="0.9993">
                                <Shape>
                                    <Polygon POINTS="2363 2029 2363 2116 2363 2116 2363 2029"/>
                                </Shape>
                            </Glyph>
                            <Glyph ID="char_670" CONTENT="a" HPOS="2393" VPOS="2029" WIDTH="0" HEIGHT="87" GC="0.9999">
                                <Shape>
                                    <Polygon POINTS="2393 2029 2393 2116 2393 2116 2393 2029"/>
                                </Shape>
                            </Glyph>
                            <Glyph ID="char_671" CONTENT="n" HPOS="2439" VPOS="2054" WIDTH="0" HEIGHT="62" GC="0.9984">
                                <Shape>
                                    <Polygon POINTS="2439 2054 2439 2116 2439 2116 2439 2054"/>
                                </Shape>
                            </Glyph>
                            <Glyph ID="char_672" CONTENT="n" HPOS="2477" VPOS="2056" WIDTH="0" HEIGHT="62" GC="0.9986">
                                <Shape>
                                    <Polygon POINTS="2477 2056 2477 2118 2477 2118 2477 2056"/>
                                </Shape>
                            </Glyph>
                            <Glyph ID="char_673" CONTENT="e" HPOS="2515" VPOS="2056" WIDTH="0" HEIGHT="70" GC="0.8239">
                                <Shape>
                                    <Polygon POINTS="2515 2056 2515 2126 2515 2126 2515 2056"/>
                                </Shape>
                            </Glyph>
                            <Glyph ID="char_674" CONTENT="," HPOS="2561" VPOS="2056" WIDTH="0" HEIGHT="79" GC="0.9689">
                                <Shape>
                                    <Polygon POINTS="2561 2056 2561 2135 2561 2135 2561 2056"/>
                                </Shape>
                            </Glyph>
                        </String>
                    </TextLine>

                    <TextLine ID="c186b449-5d3c-4861-86a1-a09321ee06b7" HPOS="555.0" VPOS="2128.0" WIDTH="1942.0" HEIGHT="123.0" BASELINE="557.0 2207.0 1151.0 2214.0 2497.0 2190.0" TAGREFS="LINE_TYPE_1">
                        <Shape>
                            <Polygon POINTS="557.0 2207.0 557.0 2230.0 1038.0 2251.0 1040.0 2251.0 1142.0 2237.0 1267.0 2248.0 1269.0 2248.0 1271.0 2248.0 1274.0 2248.0 1297.0 2230.0 1327.0 2239.0 1329.0 2239.0 1332.0 2239.0 1334.0 2239.0 1357.0 2227.0 1609.0 2244.0 1611.0 2244.0 1720.0 2227.0 1769.0 2241.0 1771.0 2241.0 1773.0 2241.0 1776.0 2241.0 1854.0 2220.0 2160.0 2237.0 2162.0 2237.0 2164.0 2237.0 2166.0 2237.0 2206.0 2211.0 2370.0 2211.0 2428.0 2225.0 2430.0 2225.0 2432.0 2225.0 2497.0 2214.0 2497.0 2190.0 2495.0 2151.0 2407.0 2128.0 2405.0 2128.0 2402.0 2128.0 2400.0 2128.0 2351.0 2149.0 2222.0 2130.0 2220.0 2130.0 2169.0 2133.0 2166.0 2133.0 2164.0 2133.0 2127.0 2156.0 2032.0 2158.0 1868.0 2158.0 1836.0 2137.0 1833.0 2137.0 1831.0 2137.0 1780.0 2137.0 1778.0 2137.0 1776.0 2137.0 1725.0 2158.0 1669.0 2137.0 1667.0 2137.0 1665.0 2137.0 1662.0 2137.0 1581.0 2160.0 1295.0 2142.0 1292.0 2142.0 1290.0 2142.0 1244.0 2165.0 1117.0 2144.0 1114.0 2144.0 1112.0 2144.0 1110.0 2144.0 1082.0 2167.0 989.0 2149.0 987.0 2149.0 985.0 2149.0 955.0 2165.0 864.0 2149.0 862.0 2149.0 860.0 2149.0 802.0 2167.0 740.0 2149.0 737.0 2149.0 735.0 2149.0 733.0 2149.0 652.0 2172.0 594.0 2158.0 592.0 2158.0 589.0 2158.0 555.0 2165.0 557.0 2207.0"/>
                        </Shape>
                        <String ID="segment_226" CONTENT="De" HPOS="730" VPOS="2150" WIDTH="50" HEIGHT="90" WC="0.9999">
                            <Shape>
                                <Polygon POINTS="731 2150 730 2238 779 2240 780 2160"/>
                            </Shape>
                            <Glyph ID="char_675" CONTENT="D" HPOS="730" VPOS="2150" WIDTH="1" HEIGHT="88" GC="1.0">
                                <Shape>
                                    <Polygon POINTS="731 2150 730 2238 730 2238 731 2150"/>
                                </Shape>
                            </Glyph>
                            <Glyph ID="char_676" CONTENT="e" HPOS="779" VPOS="2160" WIDTH="1" HEIGHT="80" GC="0.9998">
                                <Shape>
                                    <Polygon POINTS="780 2160 779 2240 779 2240 780 2160"/>
                                </Shape>
                            </Glyph>
                        </String>
                        <SP ID="segment_227" HPOS="814"  VPOS="2161" WIDTH="8"  HEIGHT="81"/>
                        <String ID="segment_228" CONTENT="Massip," HPOS="835" VPOS="2150" WIDTH="257" HEIGHT="101" WC="0.9982">
                            <Shape>
                                <Polygon POINTS="836 2157 835 2242 1091 2244 1092 2159"/>
                            </Shape>
                            <Glyph ID="char_678" CONTENT="M" HPOS="835" VPOS="2157" WIDTH="1" HEIGHT="85" GC="1.0">
                                <Shape>
                                    <Polygon POINTS="836 2157 835 2242 835 2242 836 2157"/>
                                </Shape>
                            </Glyph>
                            <Glyph ID="char_679" CONTENT="a" HPOS="925" VPOS="2160" WIDTH="1" HEIGHT="86" GC="1.0">
                                <Shape>
                                    <Polygon POINTS="926 2160 925 2246 925 2246 926 2160"/>
                                </Shape>
                            </Glyph>
                            <Glyph ID="char_680" CONTENT="s" HPOS="973" VPOS="2155" WIDTH="1" HEIGHT="93" GC="1.0">
                                <Shape>
                                    <Polygon POINTS="974 2155 973 2248 973 2248 974 2155"/>
                                </Shape>
                            </Glyph>
                            <Glyph ID="char_681" CONTENT="s" HPOS="994" VPOS="2150" WIDTH="1" HEIGHT="99" GC="0.9985">
                                <Shape>
                                    <Polygon POINTS="995 2150 994 2249 994 2249 995 2150"/>
                                </Shape>
                            </Glyph>
                            <Glyph ID="char_682" CONTENT="i" HPOS="1022" VPOS="2156" WIDTH="1" HEIGHT="94" GC="0.9895">
                                <Shape>
                                    <Polygon POINTS="1023 2156 1022 2250 1022 2250 1023 2156"/>
                                </Shape>
                            </Glyph>
                            <Glyph ID="char_683" CONTENT="p" HPOS="1043" VPOS="2160" WIDTH="1" HEIGHT="91" GC="0.9999">
                                <Shape>
                                    <Polygon POINTS="1044 2160 1043 2251 1043 2251 1044 2160"/>
                                </Shape>
                            </Glyph>
                            <Glyph ID="char_684" CONTENT="," HPOS="1091" VPOS="2159" WIDTH="1" HEIGHT="85" GC="0.9997">
                                <Shape>
                                    <Polygon POINTS="1092 2159 1091 2244 1091 2244 1092 2159"/>
                                </Shape>
                            </Glyph>
                        </String>
                        <SP ID="segment_229" HPOS="1119"  VPOS="2144" WIDTH="8"  HEIGHT="96"/>
                        <String ID="segment_230" CONTENT="De" HPOS="1140" VPOS="2148" WIDTH="55" HEIGHT="94" WC="1.0">
                            <Shape>
                                <Polygon POINTS="1141 2148 1140 2237 1195 2242 1194 2157"/>
                            </Shape>
                            <Glyph ID="char_686" CONTENT="D" HPOS="1140" VPOS="2148" WIDTH="1" HEIGHT="89" GC="1.0">
                                <Shape>
                                    <Polygon POINTS="1141 2148 1140 2237 1140 2237 1141 2148"/>
                                </Shape>
                            </Glyph>
                            <Glyph ID="char_687" CONTENT="e" HPOS="1194" VPOS="2157" WIDTH="1" HEIGHT="85" GC="0.9999">
                                <Shape>
                                    <Polygon POINTS="1194 2157 1195 2242 1195 2242 1194 2157"/>
                                </Shape>
                            </Glyph>
                        </String>
                        <SP ID="segment_231" HPOS="1236"  VPOS="2164" WIDTH="2"  HEIGHT="81"/>
                        <String ID="segment_232" CONTENT="La" HPOS="1250" VPOS="2142" WIDTH="50" HEIGHT="105" WC="0.9986">
                            <Shape>
                                <Polygon POINTS="1250 2162 1252 2247 1300 2231 1299 2142"/>
                            </Shape>
                            <Glyph ID="char_689" CONTENT="L" HPOS="1250" VPOS="2162" WIDTH="2" HEIGHT="85" GC="1.0">
                                <Shape>
                                    <Polygon POINTS="1250 2162 1252 2247 1252 2247 1250 2162"/>
                                </Shape>
                            </Glyph>
                            <Glyph ID="char_690" CONTENT="a" HPOS="1299" VPOS="2142" WIDTH="1" HEIGHT="89" GC="0.9972">
                                <Shape>
                                    <Polygon POINTS="1299 2142 1300 2231 1300 2231 1299 2142"/>
                                </Shape>
                            </Glyph>
                        </String>
                        <SP ID="segment_233" HPOS="1340"  VPOS="2145" WIDTH="1"  HEIGHT="90"/>
                        <String ID="segment_234" CONTENT="Pour," HPOS="1361" VPOS="2146" WIDTH="154" HEIGHT="92" WC="0.9974">
                            <Shape>
                                <Polygon POINTS="1361 2146 1362 2227 1515 2238 1514 2156"/>
                            </Shape>
                            <Glyph ID="char_692" CONTENT="P" HPOS="1361" VPOS="2146" WIDTH="1" HEIGHT="81" GC="0.9993">
                                <Shape>
                                    <Polygon POINTS="1361 2146 1362 2227 1362 2227 1361 2146"/>
                                </Shape>
                            </Glyph>
                            <Glyph ID="char_693" CONTENT="o" HPOS="1403" VPOS="2149" WIDTH="1" HEIGHT="81" GC="1.0">
                                <Shape>
                                    <Polygon POINTS="1403 2149 1404 2230 1404 2230 1403 2149"/>
                                </Shape>
                            </Glyph>
                            <Glyph ID="char_694" CONTENT="u" HPOS="1444" VPOS="2151" WIDTH="1" HEIGHT="82" GC="0.9909">
                                <Shape>
                                    <Polygon POINTS="1444 2151 1445 2233 1445 2233 1444 2151"/>
                                </Shape>
                            </Glyph>
                            <Glyph ID="char_695" CONTENT="r" HPOS="1472" VPOS="2153" WIDTH="1" HEIGHT="82" GC="0.9984">
                                <Shape>
                                    <Polygon POINTS="1472 2153 1473 2235 1473 2235 1472 2153"/>
                                </Shape>
                            </Glyph>
                            <Glyph ID="char_696" CONTENT="," HPOS="1514" VPOS="2156" WIDTH="1" HEIGHT="82" GC="0.9986">
                                <Shape>
                                    <Polygon POINTS="1514 2156 1515 2238 1515 2238 1514 2156"/>
                                </Shape>
                            </Glyph>
                        </String>
                        <SP ID="segment_235" HPOS="1555"  VPOS="2158" WIDTH="9"  HEIGHT="83"/>
                        <String ID="segment_236" CONTENT="olinier" HPOS="1576" VPOS="2141" WIDTH="189" HEIGHT="101" WC="0.9991">
                            <Shape>
                                <Polygon POINTS="1576 2160 1578 2242 1765 2240 1763 2142"/>
                            </Shape>
                            <Glyph ID="char_698" CONTENT="o" HPOS="1576" VPOS="2160" WIDTH="2" HEIGHT="82" GC="0.999">
                                <Shape>
                                    <Polygon POINTS="1576 2160 1578 2242 1578 2242 1576 2160"/>
                                </Shape>
                            </Glyph>
                            <Glyph ID="char_699" CONTENT="l" HPOS="1625" VPOS="2148" WIDTH="2" HEIGHT="94" GC="0.9984">
                                <Shape>
                                    <Polygon POINTS="1625 2148 1627 2242 1627 2242 1625 2148"/>
                                </Shape>
                            </Glyph>
                            <Glyph ID="char_700" CONTENT="i" HPOS="1645" VPOS="2142" WIDTH="1" HEIGHT="96" GC="1.0">
                                <Shape>
                                    <Polygon POINTS="1645 2142 1646 2238 1646 2238 1645 2142"/>
                                </Shape>
                            </Glyph>
                            <Glyph ID="char_701" CONTENT="n" HPOS="1680" VPOS="2141" WIDTH="1" HEIGHT="92" GC="0.9973">
                                <Shape>
                                    <Polygon POINTS="1680 2141 1681 2233 1681 2233 1680 2141"/>
                                </Shape>
                            </Glyph>
                            <Glyph ID="char_702" CONTENT="i" HPOS="1701" VPOS="2149" WIDTH="8" HEIGHT="81" GC="1.0">
                                <Shape>
                                    <Polygon POINTS="1701 2149 1702 2230 1709 2229 1708 2152"/>
                                </Shape>
                            </Glyph>
                            <Glyph ID="char_703" CONTENT="e" HPOS="1729" VPOS="2156" WIDTH="1" HEIGHT="74" GC="1.0">
                                <Shape>
                                    <Polygon POINTS="1729 2156 1730 2230 1730 2230 1729 2156"/>
                                </Shape>
                            </Glyph>
                            <Glyph ID="char_704" CONTENT="r" HPOS="1763" VPOS="2142" WIDTH="2" HEIGHT="98" GC="0.9992">
                                <Shape>
                                    <Polygon POINTS="1763 2142 1765 2240 1765 2240 1763 2142"/>
                                </Shape>
                            </Glyph>
                        </String>
                        <SP ID="segment_237" HPOS="1805"  VPOS="2137" WIDTH="8"  HEIGHT="96"/>
                        <String ID="segment_238" CONTENT="de" HPOS="1826" VPOS="2137" WIDTH="63" HEIGHT="90" WC="0.9991">
                            <Shape>
                                <Polygon POINTS="1826 2137 1827 2227 1889 2222 1888 2158"/>
                            </Shape>
                            <Glyph ID="char_706" CONTENT="d" HPOS="1826" VPOS="2137" WIDTH="1" HEIGHT="90" GC="0.9998">
                                <Shape>
                                    <Polygon POINTS="1826 2137 1827 2227 1827 2227 1826 2137"/>
                                </Shape>
                            </Glyph>
                            <Glyph ID="char_707" CONTENT="e" HPOS="1888" VPOS="2158" WIDTH="1" HEIGHT="64" GC="0.9984">
                                <Shape>
                                    <Polygon POINTS="1888 2158 1889 2222 1889 2222 1888 2158"/>
                                </Shape>
                            </Glyph>
                        </String>
                        <SP ID="segment_239" HPOS="1902"  VPOS="2158" WIDTH="8"  HEIGHT="65"/>
                        <String ID="segment_240" CONTENT="vieux" HPOS="1923" VPOS="2158" WIDTH="133" HEIGHT="73" WC="0.9992">
                            <Shape>
                                <Polygon POINTS="1923 2158 1924 2224 2056 2231 2055 2158"/>
                            </Shape>
                            <Glyph ID="char_709" CONTENT="v" HPOS="1923" VPOS="2158" WIDTH="1" HEIGHT="66" GC="1.0">
                                <Shape>
                                    <Polygon POINTS="1923 2158 1924 2224 1924 2224 1923 2158"/>
                                </Shape>
                            </Glyph>
                            <Glyph ID="char_710" CONTENT="i" HPOS="1958" VPOS="2158" WIDTH="8" HEIGHT="68" GC="0.9974">
                                <Shape>
                                    <Polygon POINTS="1958 2158 1959 2226 1966 2226 1965 2158"/>
                                </Shape>
                            </Glyph>
                            <Glyph ID="char_711" CONTENT="e" HPOS="1985" VPOS="2158" WIDTH="1" HEIGHT="69" GC="0.9989">
                                <Shape>
                                    <Polygon POINTS="1985 2158 1986 2227 1986 2227 1985 2158"/>
                                </Shape>
                            </Glyph>
                            <Glyph ID="char_712" CONTENT="u" HPOS="2020" VPOS="2158" WIDTH="1" HEIGHT="71" GC="0.9998">
                                <Shape>
                                    <Polygon POINTS="2020 2158 2021 2229 2021 2229 2020 2158"/>
                                </Shape>
                            </Glyph>
                            <Glyph ID="char_713" CONTENT="x" HPOS="2055" VPOS="2158" WIDTH="1" HEIGHT="73" GC="0.9999">
                                <Shape>
                                    <Polygon POINTS="2055 2158 2056 2231 2056 2231 2055 2158"/>
                                </Shape>
                            </Glyph>
                        </String>
                        <SP ID="segment_241" HPOS="2110"  VPOS="2156" WIDTH="8"  HEIGHT="79"/>
                        <String ID="segment_242" CONTENT="Chatel," HPOS="2131" VPOS="2132" WIDTH="355" HEIGHT="103" WC="0.9168">
                            <Shape>
                                <Polygon POINTS="2131 2153 2132 2235 2486 2216 2485 2148"/>
                            </Shape>
                            <Glyph ID="char_715" CONTENT="C" HPOS="2131" VPOS="2153" WIDTH="1" HEIGHT="82" GC="0.9463">
                                <Shape>
                                    <Polygon POINTS="2131 2153 2132 2235 2132 2235 2131 2153"/>
                                </Shape>
                            </Glyph>
                            <Glyph ID="char_716" CONTENT="h" HPOS="2180" VPOS="2132" WIDTH="1" HEIGHT="95" GC="0.8017">
                                <Shape>
                                    <Polygon POINTS="2180 2132 2181 2227 2181 2227 2180 2132"/>
                                </Shape>
                            </Glyph>
                            <Glyph ID="char_717" CONTENT="a" HPOS="2235" VPOS="2132" WIDTH="1" HEIGHT="79" GC="0.8756">
                                <Shape>
                                    <Polygon POINTS="2235 2132 2236 2211 2236 2211 2235 2132"/>
                                </Shape>
                            </Glyph>
                            <Glyph ID="char_718" CONTENT="t" HPOS="2277" VPOS="2138" WIDTH="1" HEIGHT="73" GC="0.9093">
                                <Shape>
                                    <Polygon POINTS="2277 2138 2278 2211 2278 2211 2277 2138"/>
                                </Shape>
                            </Glyph>
                            <Glyph ID="char_719" CONTENT="e" HPOS="2312" VPOS="2143" WIDTH="1" HEIGHT="68" GC="0.8876">
                                <Shape>
                                    <Polygon POINTS="2312 2143 2313 2211 2313 2211 2312 2143"/>
                                </Shape>
                            </Glyph>
                            <Glyph ID="char_720" CONTENT="l" HPOS="2374" VPOS="2139" WIDTH="1" HEIGHT="73" GC="0.9975">
                                <Shape>
                                    <Polygon POINTS="2374 2139 2375 2212 2375 2212 2374 2139"/>
                                </Shape>
                            </Glyph>
                            <Glyph ID="char_721" CONTENT="," HPOS="2485" VPOS="2148" WIDTH="1" HEIGHT="68" GC="0.9997">
                                <Shape>
                                    <Polygon POINTS="2485 2148 2486 2216 2486 2216 2485 2148"/>
                                </Shape>
                            </Glyph>
                        </String>
                    </TextLine>

                    <TextLine ID="a602b047-384c-43da-af5a-1f8fcd4c70ad" HPOS="668.0" VPOS="2253.0" WIDTH="1910.0" HEIGHT="134.0" BASELINE="670.0 2331.0 2578.0 2320.0" TAGREFS="LINE_TYPE_1">
                        <Shape>
                            <Polygon POINTS="670.0 2331.0 672.0 2387.0 721.0 2359.0 1084.0 2350.0 1144.0 2364.0 1147.0 2364.0 1149.0 2364.0 1278.0 2350.0 1396.0 2382.0 1399.0 2382.0 1401.0 2382.0 1403.0 2382.0 1406.0 2382.0 1452.0 2352.0 1554.0 2355.0 1604.0 2378.0 1607.0 2378.0 1810.0 2380.0 1813.0 2380.0 1961.0 2345.0 2143.0 2373.0 2146.0 2373.0 2148.0 2373.0 2150.0 2373.0 2187.0 2350.0 2261.0 2361.0 2264.0 2361.0 2266.0 2361.0 2321.0 2343.0 2409.0 2345.0 2469.0 2375.0 2472.0 2375.0 2474.0 2378.0 2576.0 2378.0 2578.0 2320.0 2569.0 2264.0 2520.0 2276.0 2444.0 2253.0 2442.0 2253.0 2342.0 2253.0 2340.0 2253.0 2338.0 2253.0 2289.0 2274.0 2234.0 2253.0 2231.0 2253.0 2229.0 2253.0 2227.0 2253.0 2224.0 2253.0 2185.0 2281.0 2025.0 2281.0 1977.0 2255.0 1975.0 2255.0 1894.0 2255.0 1891.0 2255.0 1889.0 2255.0 1887.0 2255.0 1845.0 2283.0 1732.0 2283.0 1711.0 2271.0 1709.0 2271.0 1706.0 2271.0 1704.0 2271.0 1702.0 2271.0 1662.0 2283.0 1493.0 2257.0 1491.0 2257.0 1489.0 2257.0 1487.0 2257.0 1447.0 2285.0 1385.0 2285.0 1285.0 2260.0 1283.0 2260.0 1281.0 2260.0 1278.0 2260.0 1248.0 2276.0 1232.0 2267.0 1230.0 2267.0 1228.0 2267.0 1151.0 2281.0 1133.0 2267.0 1130.0 2267.0 1128.0 2267.0 1126.0 2267.0 1026.0 2288.0 989.0 2262.0 987.0 2262.0 985.0 2262.0 982.0 2262.0 807.0 2278.0 742.0 2262.0 740.0 2262.0 737.0 2262.0 735.0 2262.0 668.0 2288.0 670.0 2331.0"/>
                        </Shape>
                        <String ID="segment_243" CONTENT="Mithon" HPOS="713" VPOS="2267" WIDTH="215" HEIGHT="96" WC="0.9998">
                            <Shape>
                                <Polygon POINTS="713 2271 713 2363 928 2354 928 2267"/>
                            </Shape>
                            <Glyph ID="char_722" CONTENT="M" HPOS="713" VPOS="2271" WIDTH="0" HEIGHT="92" GC="1.0">
                                <Shape>
                                    <Polygon POINTS="713 2271 713 2363 713 2363 713 2271"/>
                                </Shape>
                            </Glyph>
                            <Glyph ID="char_723" CONTENT="i" HPOS="799" VPOS="2276" WIDTH="0" HEIGHT="81" GC="0.9999">
                                <Shape>
                                    <Polygon POINTS="799 2276 799 2357 799 2357 799 2276"/>
                                </Shape>
                            </Glyph>
                            <Glyph ID="char_724" CONTENT="t" HPOS="825" VPOS="2276" WIDTH="0" HEIGHT="80" GC="0.9998">
                                <Shape>
                                    <Polygon POINTS="825 2276 825 2356 825 2356 825 2276"/>
                                </Shape>
                            </Glyph>
                            <Glyph ID="char_725" CONTENT="h" HPOS="851" VPOS="2274" WIDTH="0" HEIGHT="82" GC="0.9999">
                                <Shape>
                                    <Polygon POINTS="851 2274 851 2356 851 2356 851 2274"/>
                                </Shape>
                            </Glyph>
                            <Glyph ID="char_726" CONTENT="o" HPOS="894" VPOS="2270" WIDTH="0" HEIGHT="85" GC="1.0">
                                <Shape>
                                    <Polygon POINTS="894 2270 894 2355 894 2355 894 2270"/>
                                </Shape>
                            </Glyph>
                            <Glyph ID="char_727" CONTENT="n" HPOS="928" VPOS="2267" WIDTH="0" HEIGHT="87" GC="0.9993">
                                <Shape>
                                    <Polygon POINTS="928 2267 928 2354 928 2354 928 2267"/>
                                </Shape>
                            </Glyph>
                        </String>
                        <SP ID="segment_244" HPOS="954"  VPOS="2264" WIDTH="9"  HEIGHT="89"/>
                        <String ID="segment_245" CONTENT="de" HPOS="980" VPOS="2262" WIDTH="34" HEIGHT="91" WC="0.9903">
                            <Shape>
                                <Polygon POINTS="980 2262 980 2353 1014 2352 1014 2279"/>
                            </Shape>
                            <Glyph ID="char_729" CONTENT="d" HPOS="980" VPOS="2262" WIDTH="0" HEIGHT="91" GC="1.0">
                                <Shape>
                                    <Polygon POINTS="980 2262 980 2353 980 2353 980 2262"/>
                                </Shape>
                            </Glyph>
                            <Glyph ID="char_730" CONTENT="e" HPOS="1014" VPOS="2279" WIDTH="0" HEIGHT="73" GC="0.9806">
                                <Shape>
                                    <Polygon POINTS="1014 2279 1014 2352 1014 2352 1014 2279"/>
                                </Shape>
                            </Glyph>
                        </String>
                        <SP ID="segment_246" HPOS="1040"  VPOS="2283" WIDTH="9"  HEIGHT="68"/>
                        <String ID="segment_247" CONTENT="Seneville," HPOS="1074" VPOS="2260" WIDTH="310" HEIGHT="119" WC="0.9903">
                            <Shape>
                                <Polygon POINTS="1074 2278 1074 2350 1384 2379 1384 2285"/>
                            </Shape>
                            <Glyph ID="char_732" CONTENT="S" HPOS="1074" VPOS="2278" WIDTH="0" HEIGHT="72" GC="0.9893">
                                <Shape>
                                    <Polygon POINTS="1074 2278 1074 2350 1074 2350 1074 2278"/>
                                </Shape>
                            </Glyph>
                            <Glyph ID="char_733" CONTENT="e" HPOS="1117" VPOS="2269" WIDTH="0" HEIGHT="89" GC="1.0">
                                <Shape>
                                    <Polygon POINTS="1117 2269 1117 2358 1117 2358 1117 2269"/>
                                </Shape>
                            </Glyph>
                            <Glyph ID="char_734" CONTENT="n" HPOS="1152" VPOS="2281" WIDTH="0" HEIGHT="83" GC="0.9991">
                                <Shape>
                                    <Polygon POINTS="1152 2281 1152 2364 1152 2364 1152 2281"/>
                                </Shape>
                            </Glyph>
                            <Glyph ID="char_735" CONTENT="e" HPOS="1195" VPOS="2273" WIDTH="0" HEIGHT="86" GC="0.9148">
                                <Shape>
                                    <Polygon POINTS="1195 2273 1195 2359 1195 2359 1195 2273"/>
                                </Shape>
                            </Glyph>
                            <Glyph ID="char_736" CONTENT="v" HPOS="1238" VPOS="2270" WIDTH="0" HEIGHT="84" GC="1.0">
                                <Shape>
                                    <Polygon POINTS="1238 2270 1238 2354 1238 2354 1238 2270"/>
                                </Shape>
                            </Glyph>
                            <Glyph ID="char_737" CONTENT="i" HPOS="1264" VPOS="2268" WIDTH="0" HEIGHT="84" GC="1.0">
                                <Shape>
                                    <Polygon POINTS="1264 2268 1264 2352 1264 2352 1264 2268"/>
                                </Shape>
                            </Glyph>
                            <Glyph ID="char_738" CONTENT="l" HPOS="1281" VPOS="2260" WIDTH="0" HEIGHT="91" GC="1.0">
                                <Shape>
                                    <Polygon POINTS="1281 2260 1281 2351 1281 2351 1281 2260"/>
                                </Shape>
                            </Glyph>
                            <Glyph ID="char_739" CONTENT="l" HPOS="1307" VPOS="2265" WIDTH="0" HEIGHT="93" GC="1.0">
                                <Shape>
                                    <Polygon POINTS="1307 2265 1307 2358 1307 2358 1307 2265"/>
                                </Shape>
                            </Glyph>
                            <Glyph ID="char_740" CONTENT="e" HPOS="1332" VPOS="2272" WIDTH="0" HEIGHT="93" GC="0.9999">
                                <Shape>
                                    <Polygon POINTS="1332 2272 1332 2365 1332 2365 1332 2272"/>
                                </Shape>
                            </Glyph>
                            <Glyph ID="char_741" CONTENT="," HPOS="1384" VPOS="2285" WIDTH="0" HEIGHT="94" GC="0.9998">
                                <Shape>
                                    <Polygon POINTS="1384 2285 1384 2379 1384 2379 1384 2285"/>
                                </Shape>
                            </Glyph>
                        </String>
                        <SP ID="segment_248" HPOS="1419"  VPOS="2285" WIDTH="8"  HEIGHT="88"/>
                        <String ID="segment_249" CONTENT="Beaupré," HPOS="1444" VPOS="2263" WIDTH="319" HEIGHT="117" WC="0.9933">
                            <Shape>
                                <Polygon POINTS="1444 2285 1444 2357 1763 2380 1763 2283"/>
                            </Shape>
                            <Glyph ID="char_743" CONTENT="B" HPOS="1444" VPOS="2285" WIDTH="0" HEIGHT="72" GC="1.0">
                                <Shape>
                                    <Polygon POINTS="1444 2285 1444 2357 1444 2357 1444 2285"/>
                                </Shape>
                            </Glyph>
                            <Glyph ID="char_744" CONTENT="e" HPOS="1530" VPOS="2263" WIDTH="0" HEIGHT="91" GC="1.0">
                                <Shape>
                                    <Polygon POINTS="1530 2263 1530 2354 1530 2354 1530 2263"/>
                                </Shape>
                            </Glyph>
                            <Glyph ID="char_745" CONTENT="a" HPOS="1573" VPOS="2269" WIDTH="0" HEIGHT="95" GC="0.9985">
                                <Shape>
                                    <Polygon POINTS="1573 2269 1573 2364 1573 2364 1573 2269"/>
                                </Shape>
                            </Glyph>
                            <Glyph ID="char_746" CONTENT="u" HPOS="1616" VPOS="2276" WIDTH="0" HEIGHT="102" GC="1.0">
                                <Shape>
                                    <Polygon POINTS="1616 2276 1616 2378 1616 2378 1616 2276"/>
                                </Shape>
                            </Glyph>
                            <Glyph ID="char_747" CONTENT="p" HPOS="1642" VPOS="2280" WIDTH="0" HEIGHT="98" GC="0.942">
                                <Shape>
                                    <Polygon POINTS="1642 2280 1642 2378 1642 2378 1642 2280"/>
                                </Shape>
                            </Glyph>
                            <Glyph ID="char_748" CONTENT="r" HPOS="1685" VPOS="2276" WIDTH="0" HEIGHT="103" GC="0.9997">
                                <Shape>
                                    <Polygon POINTS="1685 2276 1685 2379 1685 2379 1685 2276"/>
                                </Shape>
                            </Glyph>
                            <Glyph ID="char_749" CONTENT="e" HPOS="1711" VPOS="2271" WIDTH="0" HEIGHT="108" GC="0.9993">
                                <Shape>
                                    <Polygon POINTS="1711 2271 1711 2379 1711 2379 1711 2271"/>
                                </Shape>
                            </Glyph>
                            <Glyph ID="char_750" CONTENT="́" HPOS="1720" VPOS="2276" WIDTH="8" HEIGHT="103" GC="1.0">
                                <Shape>
                                    <Polygon POINTS="1720 2276 1720 2379 1728 2379 1728 2281"/>
                                </Shape>
                            </Glyph>
                            <Glyph ID="char_751" CONTENT="," HPOS="1763" VPOS="2283" WIDTH="0" HEIGHT="97" GC="0.9999">
                                <Shape>
                                    <Polygon POINTS="1763 2283 1763 2380 1763 2380 1763 2283"/>
                                </Shape>
                            </Glyph>
                        </String>
                        <SP ID="segment_250" HPOS="1814"  VPOS="2283" WIDTH="9"  HEIGHT="97"/>
                        <String ID="segment_251" CONTENT="sePierre," HPOS="1840" VPOS="2255" WIDTH="318" HEIGHT="119" WC="0.921">
                            <Shape>
                                <Polygon POINTS="1840 2283 1840 2374 2158 2368 2158 2281"/>
                            </Shape>
                            <Glyph ID="char_753" CONTENT="s" HPOS="1840" VPOS="2283" WIDTH="0" HEIGHT="91" GC="0.9935">
                                <Shape>
                                    <Polygon POINTS="1840 2283 1840 2374 1840 2374 1840 2283"/>
                                </Shape>
                            </Glyph>
                            <Glyph ID="char_754" CONTENT="e" HPOS="1900" VPOS="2255" WIDTH="0" HEIGHT="104" GC="0.9994">
                                <Shape>
                                    <Polygon POINTS="1900 2255 1900 2359 1900 2359 1900 2255"/>
                                </Shape>
                            </Glyph>
                            <Glyph ID="char_755" CONTENT="P" HPOS="1935" VPOS="2255" WIDTH="0" HEIGHT="96" GC="0.9973">
                                <Shape>
                                    <Polygon POINTS="1935 2255 1935 2351 1935 2351 1935 2255"/>
                                </Shape>
                            </Glyph>
                            <Glyph ID="char_756" CONTENT="i" HPOS="1978" VPOS="2255" WIDTH="0" HEIGHT="93" GC="0.998">
                                <Shape>
                                    <Polygon POINTS="1978 2255 1978 2348 1978 2348 1978 2255"/>
                                </Shape>
                            </Glyph>
                            <Glyph ID="char_757" CONTENT="e" HPOS="2004" VPOS="2269" WIDTH="0" HEIGHT="83" GC="0.6758">
                                <Shape>
                                    <Polygon POINTS="2004 2269 2004 2352 2004 2352 2004 2269"/>
                                </Shape>
                            </Glyph>
                            <Glyph ID="char_758" CONTENT="r" HPOS="2038" VPOS="2281" WIDTH="0" HEIGHT="76" GC="0.9396">
                                <Shape>
                                    <Polygon POINTS="2038 2281 2038 2357 2038 2357 2038 2281"/>
                                </Shape>
                            </Glyph>
                            <Glyph ID="char_759" CONTENT="r" HPOS="2072" VPOS="2281" WIDTH="0" HEIGHT="81" GC="0.9981">
                                <Shape>
                                    <Polygon POINTS="2072 2281 2072 2362 2072 2362 2072 2281"/>
                                </Shape>
                            </Glyph>
                            <Glyph ID="char_760" CONTENT="e" HPOS="2107" VPOS="2281" WIDTH="0" HEIGHT="86" GC="0.7338">
                                <Shape>
                                    <Polygon POINTS="2107 2281 2107 2367 2107 2367 2107 2281"/>
                                </Shape>
                            </Glyph>
                            <Glyph ID="char_761" CONTENT="," HPOS="2158" VPOS="2281" WIDTH="0" HEIGHT="87" GC="0.9539">
                                <Shape>
                                    <Polygon POINTS="2158 2281 2158 2368 2158 2368 2158 2281"/>
                                </Shape>
                            </Glyph>
                        </String>
                        <SP ID="segment_252" HPOS="2176"  VPOS="2281" WIDTH="8"  HEIGHT="76"/>
                        <String ID="segment_253" CONTENT="Le" HPOS="2201" VPOS="2260" WIDTH="52" HEIGHT="100" WC="0.8997">
                            <Shape>
                                <Polygon POINTS="2201 2270 2201 2352 2253 2360 2253 2260"/>
                            </Shape>
                            <Glyph ID="char_763" CONTENT="L" HPOS="2201" VPOS="2270" WIDTH="0" HEIGHT="82" GC="0.7994">
                                <Shape>
                                    <Polygon POINTS="2201 2270 2201 2352 2201 2352 2201 2270"/>
                                </Shape>
                            </Glyph>
                            <Glyph ID="char_764" CONTENT="e" HPOS="2253" VPOS="2260" WIDTH="0" HEIGHT="100" GC="0.9999">
                                <Shape>
                                    <Polygon POINTS="2253 2260 2253 2360 2253 2360 2253 2260"/>
                                </Shape>
                            </Glyph>
                        </String>
                        <SP ID="segment_254" HPOS="2270"  VPOS="2267" WIDTH="9"  HEIGHT="93"/>
                        <String ID="segment_255" CONTENT="Ch^er" HPOS="2287" VPOS="2253" WIDTH="87" HEIGHT="101" WC="0.9669">
                            <Shape>
                                <Polygon POINTS="2287 2273 2287 2354 2374 2344 2374 2253"/>
                            </Shape>
                            <Glyph ID="char_766" CONTENT="C" HPOS="2287" VPOS="2273" WIDTH="0" HEIGHT="81" GC="0.9992">
                                <Shape>
                                    <Polygon POINTS="2287 2273 2287 2354 2287 2354 2287 2273"/>
                                </Shape>
                            </Glyph>
                            <Glyph ID="char_767" CONTENT="h" HPOS="2322" VPOS="2260" WIDTH="0" HEIGHT="83" GC="0.9997">
                                <Shape>
                                    <Polygon POINTS="2322 2260 2322 2343 2322 2343 2322 2260"/>
                                </Shape>
                            </Glyph>
                            <Glyph ID="char_768" CONTENT="^" HPOS="2356" VPOS="2253" WIDTH="0" HEIGHT="91" GC="0.9999">
                                <Shape>
                                    <Polygon POINTS="2356 2253 2356 2344 2356 2344 2356 2253"/>
                                </Shape>
                            </Glyph>
                            <Glyph ID="char_769" CONTENT="e" HPOS="2365" VPOS="2253" WIDTH="0" HEIGHT="91" GC="0.9976">
                                <Shape>
                                    <Polygon POINTS="2365 2253 2365 2344 2365 2344 2365 2253"/>
                                </Shape>
                            </Glyph>
                            <Glyph ID="char_770" CONTENT="r" HPOS="2374" VPOS="2253" WIDTH="0" HEIGHT="91" GC="0.8378">
                                <Shape>
                                    <Polygon POINTS="2374 2253 2374 2344 2374 2344 2374 2253"/>
                                </Shape>
                            </Glyph>
                        </String>
                        <SP ID="segment_256" HPOS="2382"  VPOS="2253" WIDTH="9"  HEIGHT="92"/>
                        <String ID="segment_257" CONTENT="de" HPOS="2399" VPOS="2253" WIDTH="35" HEIGHT="105" WC="0.9987">
                            <Shape>
                                <Polygon POINTS="2399 2253 2399 2345 2434 2358 2434 2253"/>
                            </Shape>
                            <Glyph ID="char_772" CONTENT="d" HPOS="2399" VPOS="2253" WIDTH="0" HEIGHT="92" GC="0.9975">
                                <Shape>
                                    <Polygon POINTS="2399 2253 2399 2345 2399 2345 2399 2253"/>
                                </Shape>
                            </Glyph>
                            <Glyph ID="char_773" CONTENT="e" HPOS="2434" VPOS="2253" WIDTH="0" HEIGHT="105" GC="0.9999">
                                <Shape>
                                    <Polygon POINTS="2434 2253 2434 2358 2434 2358 2434 2253"/>
                                </Shape>
                            </Glyph>
                        </String>
                        <SP ID="segment_258" HPOS="2442"  VPOS="2253" WIDTH="9"  HEIGHT="113"/>
                        <String ID="segment_259" CONTENT="mase" HPOS="2485" VPOS="2265" WIDTH="78" HEIGHT="113" WC="0.8715">
                            <Shape>
                                <Polygon POINTS="2485 2265 2485 2378 2563 2378 2563 2266"/>
                            </Shape>
                            <Glyph ID="char_775" CONTENT="m" HPOS="2485" VPOS="2265" WIDTH="0" HEIGHT="113" GC="0.9998">
                                <Shape>
                                    <Polygon POINTS="2485 2265 2485 2378 2485 2378 2485 2265"/>
                                </Shape>
                            </Glyph>
                            <Glyph ID="char_776" CONTENT="a" HPOS="2520" VPOS="2276" WIDTH="0" HEIGHT="102" GC="0.9997">
                                <Shape>
                                    <Polygon POINTS="2520 2276 2520 2378 2520 2378 2520 2276"/>
                                </Shape>
                            </Glyph>
                            <Glyph ID="char_777" CONTENT="s" HPOS="2546" VPOS="2270" WIDTH="0" HEIGHT="108" GC="0.4867">
                                <Shape>
                                    <Polygon POINTS="2546 2270 2546 2378 2546 2378 2546 2270"/>
                                </Shape>
                            </Glyph>
                            <Glyph ID="char_778" CONTENT="e" HPOS="2563" VPOS="2266" WIDTH="0" HEIGHT="112" GC="1.0">
                                <Shape>
                                    <Polygon POINTS="2563 2266 2563 2378 2563 2378 2563 2266"/>
                                </Shape>
                            </Glyph>
                        </String>
                    </TextLine>

                    <TextLine ID="c67a3f6b-b8c7-4c55-a47b-eb12dd33b9b8" HPOS="682.0" VPOS="2382.0" WIDTH="1253.0" HEIGHT="187.0" BASELINE="684.0 2456.0 1935.0 2452.0" TAGREFS="LINE_TYPE_1">
                        <Shape>
                            <Polygon POINTS="684.0 2456.0 684.0 2556.0 772.0 2563.0 774.0 2563.0 855.0 2544.0 857.0 2544.0 860.0 2544.0 901.0 2512.0 1156.0 2512.0 1207.0 2549.0 1209.0 2549.0 1211.0 2549.0 1214.0 2549.0 1255.0 2542.0 1288.0 2556.0 1290.0 2556.0 1292.0 2556.0 1295.0 2556.0 1320.0 2546.0 1355.0 2558.0 1357.0 2558.0 1359.0 2558.0 1362.0 2558.0 1403.0 2542.0 1482.0 2556.0 1484.0 2556.0 1487.0 2556.0 1519.0 2542.0 1540.0 2563.0 1540.0 2565.0 1542.0 2565.0 1544.0 2565.0 1591.0 2569.0 1593.0 2569.0 1595.0 2569.0 1598.0 2569.0 1614.0 2556.0 1676.0 2569.0 1678.0 2569.0 1681.0 2569.0 1683.0 2569.0 1709.0 2551.0 1746.0 2569.0 1748.0 2569.0 1750.0 2569.0 1935.0 2567.0 1935.0 2452.0 1924.0 2385.0 1882.0 2417.0 1810.0 2417.0 1783.0 2392.0 1783.0 2389.0 1780.0 2389.0 1778.0 2389.0 1776.0 2389.0 1773.0 2389.0 1736.0 2408.0 1702.0 2382.0 1699.0 2382.0 1697.0 2382.0 1561.0 2382.0 1558.0 2382.0 1556.0 2382.0 1554.0 2382.0 1514.0 2415.0 1456.0 2403.0 1454.0 2403.0 1452.0 2403.0 1424.0 2415.0 1325.0 2410.0 1297.0 2385.0 1295.0 2385.0 1292.0 2385.0 1218.0 2385.0 1216.0 2385.0 1214.0 2385.0 1147.0 2417.0 1096.0 2396.0 1093.0 2396.0 1091.0 2396.0 1089.0 2396.0 1086.0 2396.0 1054.0 2419.0 992.0 2419.0 955.0 2389.0 952.0 2389.0 950.0 2389.0 948.0 2389.0 945.0 2389.0 857.0 2412.0 814.0 2398.0 811.0 2398.0 809.0 2398.0 807.0 2398.0 765.0 2410.0 726.0 2389.0 723.0 2389.0 721.0 2389.0 719.0 2389.0 716.0 2389.0 682.0 2415.0 684.0 2456.0"/>
                        </Shape>
                        <String ID="segment_260" CONTENT="Gairolle" HPOS="709" VPOS="2389" WIDTH="238" HEIGHT="174" WC="0.992">
                            <Shape>
                                <Polygon POINTS="709 2395 709 2558 947 2512 947 2389"/>
                            </Shape>
                            <Glyph ID="char_779" CONTENT="G" HPOS="709" VPOS="2395" WIDTH="0" HEIGHT="163" GC="1.0">
                                <Shape>
                                    <Polygon POINTS="709 2395 709 2558 709 2558 709 2395"/>
                                </Shape>
                            </Glyph>
                            <Glyph ID="char_780" CONTENT="a" HPOS="772" VPOS="2408" WIDTH="0" HEIGHT="155" GC="0.9927">
                                <Shape>
                                    <Polygon POINTS="772 2408 772 2563 772 2563 772 2408"/>
                                </Shape>
                            </Glyph>
                            <Glyph ID="char_781" CONTENT="i" HPOS="797" VPOS="2398" WIDTH="12" HEIGHT="160" GC="0.9963">
                                <Shape>
                                    <Polygon POINTS="797 2401 797 2558 809 2555 809 2398"/>
                                </Shape>
                            </Glyph>
                            <Glyph ID="char_782" CONTENT="r" HPOS="834" VPOS="2404" WIDTH="0" HEIGHT="145" GC="0.9935">
                                <Shape>
                                    <Polygon POINTS="834 2404 834 2549 834 2549 834 2404"/>
                                </Shape>
                            </Glyph>
                            <Glyph ID="char_783" CONTENT="o" HPOS="860" VPOS="2411" WIDTH="0" HEIGHT="133" GC="0.9951">
                                <Shape>
                                    <Polygon POINTS="860 2411 860 2544 860 2544 860 2411"/>
                                </Shape>
                            </Glyph>
                            <Glyph ID="char_784" CONTENT="l" HPOS="897" VPOS="2402" WIDTH="0" HEIGHT="113" GC="0.9666">
                                <Shape>
                                    <Polygon POINTS="897 2402 897 2515 897 2515 897 2402"/>
                                </Shape>
                            </Glyph>
                            <Glyph ID="char_785" CONTENT="l" HPOS="922" VPOS="2395" WIDTH="0" HEIGHT="117" GC="0.9995">
                                <Shape>
                                    <Polygon POINTS="922 2395 922 2512 922 2512 922 2395"/>
                                </Shape>
                            </Glyph>
                            <Glyph ID="char_786" CONTENT="e" HPOS="947" VPOS="2389" WIDTH="0" HEIGHT="123" GC="0.9922">
                                <Shape>
                                    <Polygon POINTS="947 2389 947 2512 947 2512 947 2389"/>
                                </Shape>
                            </Glyph>
                        </String>
                        <SP ID="segment_261" HPOS="1023"  VPOS="2419" WIDTH="12"  HEIGHT="93"/>
                        <String ID="segment_262" CONTENT="et" HPOS="1048" VPOS="2397" WIDTH="37" HEIGHT="115" WC="0.9241">
                            <Shape>
                                <Polygon POINTS="1048 2419 1048 2512 1085 2512 1085 2397"/>
                            </Shape>
                            <Glyph ID="char_788" CONTENT="e" HPOS="1048" VPOS="2419" WIDTH="0" HEIGHT="93" GC="0.9452">
                                <Shape>
                                    <Polygon POINTS="1048 2419 1048 2512 1048 2512 1048 2419"/>
                                </Shape>
                            </Glyph>
                            <Glyph ID="char_789" CONTENT="t" HPOS="1085" VPOS="2397" WIDTH="0" HEIGHT="115" GC="0.903">
                                <Shape>
                                    <Polygon POINTS="1085 2397 1085 2512 1085 2512 1085 2397"/>
                                </Shape>
                            </Glyph>
                        </String>
                        <SP ID="segment_263" HPOS="1148"  VPOS="2410" WIDTH="13"  HEIGHT="106"/>
                        <String ID="segment_264" CONTENT="Cheverry" HPOS="1186" VPOS="2385" WIDTH="275" HEIGHT="171" WC="0.946">
                            <Shape>
                                <Polygon POINTS="1186 2398 1186 2534 1461 2552 1461 2404"/>
                            </Shape>
                            <Glyph ID="char_791" CONTENT="C" HPOS="1186" VPOS="2398" WIDTH="0" HEIGHT="136" GC="0.8797">
                                <Shape>
                                    <Polygon POINTS="1186 2398 1186 2534 1186 2534 1186 2398"/>
                                </Shape>
                            </Glyph>
                            <Glyph ID="char_792" CONTENT="h" HPOS="1223" VPOS="2385" WIDTH="25" HEIGHT="162" GC="1.0">
                                <Shape>
                                    <Polygon POINTS="1223 2385 1223 2547 1248 2543 1248 2385"/>
                                </Shape>
                            </Glyph>
                            <Glyph ID="char_793" CONTENT="e" HPOS="1286" VPOS="2385" WIDTH="0" HEIGHT="170" GC="0.9999">
                                <Shape>
                                    <Polygon POINTS="1286 2385 1286 2555 1286 2555 1286 2385"/>
                                </Shape>
                            </Glyph>
                            <Glyph ID="char_794" CONTENT="v" HPOS="1324" VPOS="2409" WIDTH="0" HEIGHT="138" GC="0.9984">
                                <Shape>
                                    <Polygon POINTS="1324 2409 1324 2547 1324 2547 1324 2409"/>
                                </Shape>
                            </Glyph>
                            <Glyph ID="char_795" CONTENT="e" HPOS="1349" VPOS="2411" WIDTH="0" HEIGHT="145" GC="0.9986">
                                <Shape>
                                    <Polygon POINTS="1349 2411 1349 2556 1349 2556 1349 2411"/>
                                </Shape>
                            </Glyph>
                            <Glyph ID="char_796" CONTENT="r" HPOS="1386" VPOS="2413" WIDTH="0" HEIGHT="136" GC="0.7113">
                                <Shape>
                                    <Polygon POINTS="1386 2413 1386 2549 1386 2549 1386 2413"/>
                                </Shape>
                            </Glyph>
                            <Glyph ID="char_797" CONTENT="r" HPOS="1424" VPOS="2415" WIDTH="0" HEIGHT="131" GC="0.9911">
                                <Shape>
                                    <Polygon POINTS="1424 2415 1424 2546 1424 2546 1424 2415"/>
                                </Shape>
                            </Glyph>
                            <Glyph ID="char_798" CONTENT="y" HPOS="1461" VPOS="2404" WIDTH="0" HEIGHT="148" GC="0.9891">
                                <Shape>
                                    <Polygon POINTS="1461 2404 1461 2552 1461 2552 1461 2404"/>
                                </Shape>
                            </Glyph>
                        </String>
                        <SP ID="segment_265" HPOS="1512"  VPOS="2407" WIDTH="12"  HEIGHT="140"/>
                        <String ID="segment_266" CONTENT="Greffier※" HPOS="1549" VPOS="2382" WIDTH="301" HEIGHT="187" WC="0.9462">
                            <Shape>
                                <Polygon POINTS="1549 2386 1549 2565 1850 2568 1850 2417"/>
                            </Shape>
                            <Glyph ID="char_800" CONTENT="G" HPOS="1549" VPOS="2386" WIDTH="0" HEIGHT="179" GC="0.999">
                                <Shape>
                                    <Polygon POINTS="1549 2386 1549 2565 1549 2565 1549 2386"/>
                                </Shape>
                            </Glyph>
                            <Glyph ID="char_801" CONTENT="r" HPOS="1599" VPOS="2382" WIDTH="0" HEIGHT="186" GC="0.9437">
                                <Shape>
                                    <Polygon POINTS="1599 2382 1599 2568 1599 2568 1599 2382"/>
                                </Shape>
                            </Glyph>
                            <Glyph ID="char_802" CONTENT="e" HPOS="1624" VPOS="2382" WIDTH="0" HEIGHT="176" GC="0.9994">
                                <Shape>
                                    <Polygon POINTS="1624 2382 1624 2558 1624 2558 1624 2382"/>
                                </Shape>
                            </Glyph>
                            <Glyph ID="char_803" CONTENT="f" HPOS="1662" VPOS="2382" WIDTH="0" HEIGHT="184" GC="0.9997">
                                <Shape>
                                    <Polygon POINTS="1662 2382 1662 2566 1662 2566 1662 2382"/>
                                </Shape>
                            </Glyph>
                            <Glyph ID="char_804" CONTENT="f" HPOS="1687" VPOS="2382" WIDTH="0" HEIGHT="184" GC="0.7587">
                                <Shape>
                                    <Polygon POINTS="1687 2382 1687 2566 1687 2566 1687 2382"/>
                                </Shape>
                            </Glyph>
                            <Glyph ID="char_805" CONTENT="i" HPOS="1712" VPOS="2389" WIDTH="13" HEIGHT="170" GC="0.9953">
                                <Shape>
                                    <Polygon POINTS="1712 2389 1712 2553 1725 2559 1725 2399"/>
                                </Shape>
                            </Glyph>
                            <Glyph ID="char_806" CONTENT="e" HPOS="1737" VPOS="2408" WIDTH="0" HEIGHT="157" GC="0.9997">
                                <Shape>
                                    <Polygon POINTS="1737 2408 1737 2565 1737 2565 1737 2408"/>
                                </Shape>
                            </Glyph>
                            <Glyph ID="char_807" CONTENT="r" HPOS="1775" VPOS="2389" WIDTH="0" HEIGHT="180" GC="0.8225">
                                <Shape>
                                    <Polygon POINTS="1775 2389 1775 2569 1775 2569 1775 2389"/>
                                </Shape>
                            </Glyph>
                            <Glyph ID="char_808" CONTENT="※" HPOS="1850" VPOS="2417" WIDTH="0" HEIGHT="151" GC="0.9978">
                                <Shape>
                                    <Polygon POINTS="1850 2417 1850 2568 1850 2568 1850 2417"/>
                                </Shape>
                            </Glyph>
                        </String>
                    </TextLine>
</TextBlock>
            </PrintSpace>
        </Page>
    </Layout>
</alto>