2752 3528
1291 293 211 98 Copie
1608 288 45 108 du
1714 288 166 107 Brevet
1978 296 90 101 dela
2136 306 113 91 denie
2295 286 113 106 solde

1282 400 37 86 du
1355 390 64 92 S^r
1461 388 138 100 Volant
1677 394 37 82 du
1770 399 37 87 23
1863 384 138 97 fevrier
2050 382 123 104 1754

1184 637 117 88 Le
1341 590 107 142 Pur
1531 654 44 79 Le
1676 587 339 133 Roy.

1228 922 1 65 a
1297 878 266 112 Majeste패
1609 915 125 68 ayant
1786 869 150 111 accorde패
1980 868 33 105 la
2073 874 88 101 demi
2190 859 134 109 solde

1063 1034 36 90 La
1174 1002 172 116 franc퍊ois
1388 1024 129 86 henry
1582 986 150 109 Volant
1805 979 148 100 soldat
2010 985 123 85 dans
2206 967 72 90 les

994 1119 185 107 Troupes
1232 1117 32 90 de
1309 1106 40 88 S^t
1408 1103 225 107 Domingue
1702 1106 62 95 don
1806 1096 60 104 les
1930 1084 250 115 jnfirinite패s
2290 1074 51 92 le

1002 1229 125 82 mettent
1174 1227 72 80 hors
1292 1215 120 94 d'Etat
1483 1215 34 90 de
1557 1228 178 75 continuer
1788 1205 61 88 ses
1892 1202 182 93 services
2156 1193 188 77 suivant

1004 1351 22 60 es
1062 1317 209 110 Certificats
1353 1324 74 97 qu'il
1486 1338 1 76 a
1552 1309 254 108 produits;
1878 1297 292 110 L'Intention
2212 1297 41 95 de
2317 1292 54 94 sa

954 1439 208 90 Majeste
1204 1460 43 66 est
1305 1449 64 77 qu'il
1419 1432 79 86 soit
1548 1428 193 98 employe패
1798 1429 86 90 dans
1939 1441 53 79 les
2046 1421 103 99 itrts
2252 1419 46 73 de

995 1534 85 88 demi
1123 1530 114 94 solde
1309 1529 57 96 des
1401 1536 200 93 jnvalides
1651 1528 36 96 de
1715 1526 22 96 la
1791 1516 204 104 Marine
2069 1515 76 96 aitie
2168 1507 111 94 tenus
2362 1529 17 53 a

987 1642 100 70 Paris
1133 1648 14 63 a
1187 1642 113 78 raison
1367 1645 33 69 de
1440 1654 114 64 Sept
1631 1615 116 94 Livres
1797 1613 58 95 dix
1898 1607 90 98 sol
2091 1604 103 96 par
2258 1616 82 69 mois

983 1754 0 52 a
1022 1722 217 94 commencer
1301 1722 39 93 du
1394 1746 179 64 premier
1632 1713 150 103 Juillet
1834 1715 157 107 1753.
2066 1705 88 101 fait
2252 1727 25 55 a

978 1832 187 91 Versaillet
1221 1862 31 64 le
1314 1836 73 94 23.
1421 1820 138 107 fevrier
1606 1813 160 105 1754.
1813 1816 130 98 Signe패
2020 1801 116 102 Louis
2241 1805 38 72 et

989 1930 107 97 plus
1159 1948 79 75 bas
1308 1932 220 104 Bouille.
1578 1932 36 104 .

1160 2087 108 129 Pour
1308 2089 108 126 lopie
1467 2056 225 156 conforme
1743 2101 13 84 a
1807 2052 267 151 l'Trignal

1960 2177 200 199 Jolant
