3232 3624
48 2214 91 4 0

50 2464 96 55 par
50 2540 101 14 ae
50 2575 100 27 des
51 2630 97 48 mert
51 2706 94 48 saue
51 2775 92 0 L
52 2851 99 48 nona

190 1617 62 47 per

984 199 380 139 Racolet.

1481 215 232 99 Colonies
1763 212 125 102 1771.

2234 205 60 81 La
2347 185 290 113 Guarloupe

1312 328 278 113 Moritie
1649 372 107 61 enus
1810 336 56 90 de
1936 316 87 97 solde
2074 313 173 87 acordré

1358 462 76 87 aux
1492 446 201 95 Troupes
1784 432 50 93 de
1863 435 106 87 terre
2010 420 178 92 servant

1378 554 67 65 aux
1529 537 201 78 Colonier

1159 652 47 96 au
1261 633 165 95 nommé
1496 628 85 93 Jean
1644 620 186 92 Racolet
1909 620 61 102 dit
2018 615 188 104 Jolicoeur
2290 602 134 99 soldat
2476 610 103 75 au–

1250 742 184 95 égiment
1523 733 41 78 de
1614 733 131 75 Vexin
1802 716 235 96 embargué
2100 728 2 65 a
2165 710 28 88 la
2249 707 300 94 Guadeloupe

1162 822 60 108 sur
1265 831 16 75 le
1324 844 140 65 navire
1529 815 39 107 le
1617 813 134 108 sipion
1815 823 75 78 pour
1977 807 45 89 la
2087 805 111 87 moitié
2241 809 141 78 ensus
2447 799 53 102 de
2535 801 23 88 sa

1148 935 100 87 solde
1312 930 47 71 des
1410 935 81 69 mois
1541 920 145 82 entiers
1769 916 49 94 de
1855 914 172 91 Janvier
2084 911 29 89 et
2157 903 132 90 fevrier
2328 905 53 89 1771
2433 909 27 65 et
2518 912 47 63 des

1156 1034 26 75 10
1245 1031 168 84 premiers
1470 1024 98 85 Jours
1643 1018 150 75 demari
1845 1010 180 79 suivant
2076 1010 121 72 etant
2231 1000 216 83 debarqué
2487 1008 31 63 en
2546 1006 32 62 ce

1147 1127 83 87 port
1287 1116 36 87 Le
1353 1120 42 77 11.
1440 1124 35 66 du
1545 1109 48 73 dit
1657 1116 75 71 mois
1797 1112 21 71 à
1863 1101 48 84 2^lt
1936 1101 61 92 10^lt
2029 1105 67 87 par
2128 1102 107 83 jour.
2412 1104 41 78 9.
2518 1092 61 76 18.
2611 1086 41 86 4.

1144 1225 40 70 au
1224 1222 150 86 nommé
1405 1201 127 103 Joseph
1619 1195 154 105 fourmier
1859 1189 132 92 soldat
2041 1184 110 83 aud^t

1210 1302 173 83 regiment
1463 1298 86 87 idem
1635 1304 86 80 pour
1783 1296 86 79 idem
1937 1316 301 55 ........
2410 1294 50 89 9.
2521 1292 62 62 18.
2613 1292 56 74 4.

2357 1429 87 70 19.
2518 1413 70 84 16^.
2633 1413 35 82 8.

1119 1577 56 100 Je
1199 1580 70 82 Prie
1346 1571 197 90 Monsieur
1613 1560 169 99 Gerbier
1853 1555 36 83 de
1920 1555 29 84 la
2000 1550 236 94 Corbinaye
2302 1546 221 78 tresorier
2588 1550 55 72 des

1148 1667 183 78 Colonies
1371 1679 35 68 en
1431 1674 23 83 ce
1499 1666 83 86 port
1647 1661 43 90 de
1721 1669 123 81 payer
1910 1664 76 81 aux
2065 1646 156 93 soldats
2266 1645 36 89 cy
2375 1640 183 80 dessus.

1131 1750 68 80 La
1254 1749 125 82 somme
1474 1745 29 69 de
1586 1745 51 76 dix
1698 1747 74 75 neuf
1833 1747 102 69 livres
2007 1746 113 69 seire
2176 1736 96 78 sols
2355 1730 86 76 huit
2485 1734 141 70 deniers

1141 1848 94 77 pour
1278 1836 40 73 les
1354 1834 159 70 Causes
1596 1834 66 86 qui
1719 1838 1 81 y
1797 1827 79 87 sont
1933 1822 195 77 enoncées
2192 1818 196 90 laquelle
2452 1816 150 81 somme

1151 1924 52 99 lui
1236 1924 65 89 sera
1357 1928 277 70 remboursée
1704 1929 72 82 par
1832 1907 107 82 M.
1980 1904 221 87 Baudard
2271 1915 44 88 de
2356 1899 58 103 S^te
2462 1896 143 91 James

1124 2032 208 82 Bresorier
1394 2028 161 75 géeeral
1652 2017 50 74 des
1742 2009 165 85 Colonies
1983 2025 31 64 en
2058 2001 44 79 lui
2141 1997 214 70 remettant
2442 1992 30 87 le
2518 2002 148 74 present

1155 2107 178 83 controllé
1363 2126 52 68 qui
1438 2109 65 83 sera
1545 2110 70 80 par
1683 2097 52 84 lui
1796 2104 164 77 envoyé
2010 2099 1 63 a
2060 2092 70 75 son
2217 2084 177 77 Commis
2450 2091 19 64 à
2506 2078 33 82 la

1144 2196 346 112 Guadeloupe.
1570 2210 3 64 a
1622 2194 228 91 Borceaux
1928 2173 34 97 le
2048 2174 49 88 11.
2116 2163 182 106 Mars
2409 2168 136 102 1771.※

1762 2293 165 146 Vne

2172 2450 82 129 Vu
2307 2478 46 105 au
2399 2462 198 110 Controlle

673 221 249 81 Bordeaux

689 303 97 84 acquet
833 303 26 83 de
893 302 56 75 plus

692 366 98 92 ample
855 371 151 92 décharge

694 499 49 100 19.
809 498 64 86 16.
905 500 36 76 8.

687 2426 132 90 Bou
893 2436 22 68 à
955 2413 144 91 Payer

797 2500 360 182 londane

721 3307 164 87 19.10."

2438 2549 108 93 Coui
