2752 4192
1000 93 260 117 jugement
1334 90 105 102 d'un
1482 86 145 86 Conseil
1696 81 43 105 de
1773 81 171 112 Guerre
2030 81 86 109 tenu
2184 82 17 122 à
2261 83 52 104 S.
2347 84 205 125 Doming

176 172 105 93 1751.
326 151 38 101 18
437 123 124 123 Mars

904 224 58 76 qui
1015 200 243 93 condamne
1319 194 28 97 le
1415 213 49 61 n^r
1525 190 194 100 Suzanne
1787 186 22 91 à
1870 187 63 91 être
2001 186 131 99 pendu
2187 193 111 88 pour
2366 192 125 84 avoir

161 306 150 142 Suz
378 331 209 112 anne
654 296 162 150 frap
878 285 225 145 débauché
1146 285 50 105 du
1255 272 157 114 Soldets
1470 272 38 109 de
1543 281 25 101 la
1626 265 255 151 Compagnie
1951 291 38 119 de
2046 253 266 155 Gulchey.

756 416 1 125 A
915 416 91 135 Par
1084 431 41 125 Le
1174 431 180 125 Conseil
1414 449 30 98 de
1503 405 179 136 Guerre
1762 443 230 104 assemblé
2068 405 143 127 Chéz
2267 395 272 133 Monsieur

692 575 87 105 Le
838 572 164 108 Comte
1076 582 49 98 De
1161 564 248 116 Conblans
1499 561 255 100 Chevalier
1798 558 71 104 de
1968 555 186 108 L'ordre
2222 562 239 92 Royal
2505 547 33 89 et

712 695 268 120 Militaire
1058 697 36 113 de
1137 691 36 110 S^t
1243 685 168 127 Louis
1542 680 327 124 Gouverneur
1930 680 45 120 Et
2053 677 362 121 Lieutenant–

728 818 196 120 Général
1008 823 111 110 pour
1186 812 34 113 Le
1304 825 137 108 Roy
1491 815 68 104 des
1635 807 111 116 Liles
1864 801 280 123 Francoises
2228 826 43 76 de
2338 810 260 107 l'amerique

749 940 118 91 sous
937 933 40 96 le
1023 933 141 97 vent,
1202 931 259 111 Compozé
1531 938 40 103 de
1640 927 220 104 mondit
1921 940 142 95 Sieur
2126 952 78 82 qui
2251 952 0 70 y
2290 952 0 66 a
2320 919 251 96 Pressidé,

744 1048 31 107 de
831 1048 205 104 Messire
1107 1044 110 111 Jean
1280 1041 253 111 Baptiste
1620 1041 47 114 La
1714 1047 126 108 porte
1911 1043 56 112 de
2022 1038 268 112 Lalanne,
2314 1044 260 84 Conseilles

743 1158 45 112 du
849 1157 133 116 Roy
1061 1163 159 113 enses
1317 1157 285 116 conseils,
1644 1152 389 124 Commissaire
2112 1150 204 114 Général
2386 1163 45 84 de

742 1262 193 123 police,
986 1262 236 122 Liiame,
1264 1264 34 119 et
1348 1264 34 120 de
1449 1264 42 120 la
1601 1272 320 117 Marince,
1972 1286 228 106 faisant
2281 1267 247 100 fouction

739 1392 343 131 D'Intendant
1147 1383 49 128 au
1242 1383 78 135 dit
1384 1378 135 139 paÿs
1726 1395 1 81 e
1821 1388 286 123 Messerre
2220 1369 238 137 henry–

753 1525 48 99 De
860 1525 225 100 Maslip
1190 1518 308 109 Lieutenant
1558 1511 55 92 de
1673 1509 147 93 Roy
1888 1504 446 101 Commandant
2425 1509 24 71 à

709 1630 272 116 Léogane,
1062 1626 50 88 De
1161 1623 42 97 la
1275 1625 125 90 Pour
1464 1622 256 104 Chevalier
1760 1620 50 96 de
1916 1611 198 105 L'ordre
2177 1610 240 111 Royal
2480 1598 36 91 et

719 1762 305 94 Militaire
1083 1758 39 107 de
1163 1755 39 108 S^t
1268 1754 180 106 Louiz,
1490 1750 284 101 Capitaine
1818 1741 328 103 D'Infenterie
2249 1733 179 99 olivier

752 1879 51 109 de
855 1872 121 94 Vieux
1049 1878 156 99 Chatel
1269 1877 257 105 Capitaine
1599 1867 386 121 d'Infaiterie,
2047 1867 38 106 de
2138 1872 232 89 Mitton

748 1981 61 93 De
862 1994 226 89 seneville
1133 1984 280 104 Capitaine
1503 1979 385 112 D'Infauterie,
1963 1989 47 102 de
2053 1987 288 104 Beaupré
2393 1981 167 104 Capne

750 2093 404 126 d'Infanterie,
1212 2104 51 96 de
1304 2107 237 101 Sellierre
1624 2084 253 119 Capisane
1943 2095 413 110 d'Iufanterie,–

750 2241 44 88 De
858 2239 179 94 Massip
1101 2228 294 100 Lieutenant
1444 2221 402 104 D'Infanterie;
1930 2217 59 99 La
2052 2219 187 98 Plainte
2302 2212 144 103 faille
2510 2221 22 89 à

711 2384 289 84 Monsieur
1045 2387 55 71 de
1145 2366 276 95 Conflans
1545 2366 89 85 par
1699 2359 275 86 Monsieur
2027 2349 41 90 de
2113 2342 268 94 Guichene

769 2499 278 88 demendeur
1124 2495 37 87 et
1220 2489 254 85 accutateur
1569 2489 164 86 Contre
1828 2483 49 82 Le
1936 2485 236 83 nommé
2249 2478 200 87 Noëe

767 2623 276 91 Suzanne
1145 2640 161 69 accusé
1381 2614 196 92 d'avoir
1639 2603 225 95 seduits
1907 2611 34 76 et
2012 2596 276 86 Debanché
2358 2597 230 85 plusieurs

759 2738 208 89 soldats
1040 2739 34 88 de
1127 2742 47 85 sa
1254 2735 321 92 Compagnie
1668 2739 55 76 au
1782 2731 121 85 Bas
1962 2725 41 81 de
2036 2723 248 90 laquelle
2376 2727 82 76 est

751 2867 198 91 L'ordre
1045 2868 127 87 pour
1234 2855 50 84 en
1345 2852 79 89 être
1500 2843 317 104 Informé,
1844 2846 50 88 en
1941 2836 331 103 Consequence
2340 2838 44 89 de
2424 2843 114 83 quoy

728 2983 430 103 Information,
1191 2970 377 102 recolement,
1603 2964 40 93 et
1701 2948 443 116 Confrontation,
2166 2943 38 93 et
2263 2939 308 97 Iuterogare

792 3120 3 81 e
862 3104 240 100 L'accusé
1158 3101 93 100 sur
1304 3097 45 101 la
1416 3095 233 97 sellette,
1689 3086 93 102 Les
1836 3081 311 103 Conclusions
2231 3081 49 82 du
2343 3072 161 97 sieue

767 3295 46 30 de
879 3295 146 35 pous
1177 3242 166 85 oajor
1415 3227 305 90 données,
1791 3219 121 93 sont
1971 3211 279 100 conideré
2341 3215 62 84 et

737 3363 330 92 murement
1169 3356 299 87 Examiné,
1533 3348 69 86 Le
1648 3345 185 86 Conseil
1903 3338 39 86 de
1988 3341 166 80 Guerre
2219 3349 20 66 à
2286 3328 178 85 Trouve

736 3478 59 78 Le
840 3480 60 75 dit
986 3483 152 71 Noël
1207 3475 257 78 suzanne
1550 3470 187 81 atteint
1806 3472 42 77 et
1911 3468 297 80 Convaineu
2296 3471 204 75 D'avoir

762 3588 184 111 Seduit
1038 3589 31 117 et
1130 3588 267 118 débanché
1479 3591 266 149 plusieurs
1847 3588 225 139 soloats
2226 3588 51 101 de
2349 3600 72 94 sa
