2496 3632
1475 153 165 54 Orlean
1723 153 25 56 le
1785 154 0 56 2
1827 154 153 60 Mars
2026 156 78 61 1791

1601 209 83 80 l'au
1722 210 41 69 2^e
1821 215 40 69 de
1895 204 29 74 la
1965 202 150 84 liberté

281 314 216 97 M.
534 304 45 95 de
690 294 201 107 Vaivres

734 396 31 125 25
818 391 77 114 mars

598 801 376 92 Monsieur

1511 1009 3 93 M
1645 978 144 127 Saud

614 1283 53 80 La
734 1283 151 83 société
958 1291 70 77 des
1079 1295 104 75 amis
1251 1297 41 75 de
1325 1297 30 76 la
1411 1294 300 84 constitution
1778 1303 122 77 séante
1945 1323 17 58 à
2002 1305 156 79 orléans

576 1361 150 74 compte
801 1367 138 74 Parmi
1003 1366 61 72 ses
1125 1373 301 73 Membres,
1464 1379 1 66 M
1590 1376 154 74 Voland
1788 1380 176 80 chargé
2006 1383 139 78 depuis

590 1422 222 68 longtems
869 1429 44 63 de
951 1429 173 67 recruter
1187 1447 33 51 en
1254 1436 83 64 cette
1398 1434 120 70 ville.
1575 1438 295 72 l'apmission
1936 1443 39 69 de
2013 1459 1 54 M

578 1477 141 76 voland
782 1485 105 67 dans
928 1487 29 75 la
1026 1490 153 72 société
1247 1512 99 54 vous
1415 1515 207 56 annonce
1686 1502 110 79 qu'il
1843 1508 2 73 a
1902 1505 51 76 été
1989 1525 174 56 reconnu

576 1541 89 72 Pur
733 1567 49 51 un
839 1547 160 85 citoyen
1079 1553 296 85 Eotimable.
1426 1576 84 66 nous
1584 1565 142 80 savons
1797 1571 105 78 qu'il
1967 1572 188 77 sollicite

569 1612 67 72 son
696 1618 350 77 avancement,
1083 1622 23 65 et
1161 1623 29 69 la
1243 1640 289 65 recompense
1597 1629 34 80 de
1675 1630 46 81 ses
1780 1632 194 81 scrines.
2001 1639 30 76 la
2068 1637 140 73 socrété

573 1682 234 69 apprendra
863 1688 75 65 avec
994 1689 155 67 plaisir
1211 1706 65 52 que
1321 1706 92 54 vous
1474 1705 117 58 aurez
1649 1705 169 62 accordé
1865 1716 16 52 à
1918 1718 0 50 M
2018 1714 132 66 voland

579 1740 35 71 la
662 1737 149 71 justice
886 1744 106 74 qu'il
1044 1759 1 56 a
1100 1746 99 66 droit
1274 1750 275 72 d'attendre.

713 1801 127 88 Nous
897 1808 193 77 sommes
1165 1814 92 66 avec
1302 1812 26 79 le
1392 1811 90 83 plus
1547 1816 161 82 sincere
1779 1819 292 84 attachement

574 2120 388 115 Monsieur

1507 2633 44 68 les
1587 2625 235 84 Membres
1876 2617 39 82 de
1944 2624 33 75 la
2024 2613 145 86 société

1451 2677 57 74 des
1538 2688 98 63 amis
1677 2690 36 62 de
1744 2692 21 60 la
1811 2683 262 71 constitution

1472 2750 141 67 Seante
1662 2770 19 44 à
1725 2747 147 66 orléans

227 3375 0 63 M
361 3366 23 72 le
440 3363 258 76 Ministre
754 3364 33 75 de
821 3361 22 78 la
894 3360 201 80 Marine

1340 2911 346 123 Moisard
1764 2905 227 118 Prusident

1388 3045 237 117 Ladureau

1791 3046 236 78 ecretoire

1374 3171 429 112 Pemmore
1900 3173 311 112 secrrtaire
