2720 3136
1478 228 531 140 signalement

1185 416 209 97 Pierre
1462 418 210 104 Michel
1754 421 180 101 Voidant
1989 445 77 75 agé
2107 444 36 72 de
2197 442 36 72 23
2302 459 49 51 ans

1209 515 99 71 Natif
1342 516 35 71 de
1422 516 153 73 Genere,
1615 538 29 47 ou
1674 524 40 64 de
1748 532 188 59 namuer,
1996 525 123 70 Taille
2189 529 44 60 de

1204 585 28 76 5.
1265 594 115 82 pieds,
1412 605 2 74 5
1453 583 96 91 pouces
1595 583 35 72 6.
1675 585 156 96 Lignes,
1884 596 131 84 Visage
2046 602 109 79 plein
2195 590 28 69 Et
2255 587 157 70 rond–

1215 664 161 81 Peaucoup
1443 677 138 66 marqué
1653 678 45 68 de
1731 672 105 71 petite
1897 688 178 59 verolle,
2113 669 46 73 les
2201 679 79 70 yeux
2329 673 112 71 Gris,

1204 735 139 76 barbe,
1380 735 166 75 sourcils,
1584 739 26 58 le
1653 750 139 62 cheveux
1845 749 118 66 noirs,
1995 742 32 73 le
2070 740 117 77 frond
2241 742 166 71 Grand,

1206 813 98 83 point
1359 816 42 62 de
1426 815 170 83 Cheveux
1651 815 30 77 au
1712 817 176 85 toupet,
1937 815 79 81 bien
2065 816 61 88 fait
2186 825 98 74 dans

1204 883 44 84 sa
1294 889 165 81 Taille.

81 241 76 66 orté
211 228 88 80 L'uni
328 226 101 83 forme
488 231 29 72 de
541 233 17 77 la
588 229 159 79 troupe.

67 334 22 67 le
145 329 100 78 qu'un
290 327 105 71 sacq,
440 326 50 79 une
534 326 106 72 paise

76 425 41 65 de
162 407 169 88 Grester,
377 407 55 80 qui
483 401 61 97 luy

121 501 57 62 que
209 491 47 75 de
282 493 181 71 partir.

111 593 34 79 Il
192 593 2 76 y
230 592 1 55 a
262 591 50 63 de
349 589 76 62 temt
500 587 82 78 quil
641 586 39 65 est

77 674 49 63 trer
174 660 29 77 En
240 660 154 79 france.

99 754 75 78 nEn
206 754 171 75 france.–

84 864 139 87 anduitte
271 858 27 91 Il
346 858 2 78 y
383 872 1 58 a
421 861 82 69 tenû
552 853 125 70 dans–

134 961 25 52 le
193 965 60 62 chez
287 970 44 56 qui
379 956 21 66 Il
428 964 1 45 a
457 957 197 57 demeuré.

135 1061 14 42 à
183 1046 139 93 Paris
369 1039 28 100 Il
437 1049 0 61 y
479 1055 0 50 a
541 1036 34 93 vn
623 1045 29 90 an

66 1136 88 80 duille
207 1137 71 79 qu'il
337 1140 11 55 à
378 1128 118 74 tenüe,
560 1127 65 82 ny

78 1230 42 47 mee
172 1230 0 38 a
215 1212 163 68 Paris,

74 1303 123 90 repris
245 1298 30 89 de
296 1286 130 76 jurtice

71 1485 172 69 aVcrité

97 1638 123 102 Faite
284 1654 27 102 du
334 1673 244 83 present

75 1759 46 82 seut
173 1764 172 89 reparent
389 1750 249 97 Contiement

118 1847 22 63 Et
171 1857 1 54 a
209 1843 177 71 declavé
439 1853 39 64 ne
509 1840 156 76 scavoir

77 1958 126 57 neurt
287 1921 34 95 ce
371 1916 67 118 Le
472 1912 184 124 Roy.

69 2135 37 43 C,
152 2119 37 62 ne
235 2116 152 68 voulant
484 2118 74 60 nous

83 2208 46 81 que
159 2204 77 96 tious
288 2222 60 83 que
409 2212 90 76 mons
590 2195 75 110 luy

799 418 26 68 au
861 421 68 65 moins
970 411 52 76 36.
1043 411 83 76 ans.
