2432 3544
213 211 58 78 Du
303 203 46 90 15.
381 200 71 77 avril
504 205 103 90 1791.

227 352 87 138 Ry
357 356 22 114 le
430 348 32 95 26
533 363 49 94 mi

247 632 98 112 N°
386 632 82 106 38.

1452 145 183 109 Volant
1709 141 207 124 (françois
1959 137 145 122 Henry

1191 252 239 93 oLonies

834 500 92 57 La
992 469 159 86 Société
1199 466 43 87 des
1290 475 80 77 amis
1430 470 31 80 de
1484 462 32 87 la
1564 467 268 79 constitution
1893 454 206 87 d'Orleaus

797 569 128 71 adressé
982 591 37 50 un
1076 570 183 71 memoire
1316 567 66 64 par
1415 547 114 82 lequel
1579 540 27 72 le
1639 541 43 77 S.
1721 531 137 79 Volant
1909 547 107 61 ancient
2056 533 106 63 sergene

795 653 35 71 du
867 643 215 88 Régiment
1139 632 210 80 Provincial
1404 630 34 66 de
1482 622 93 74 Paris
1624 614 184 94 employé
1850 611 108 88 depuis
2000 602 80 93 1765

798 745 89 77 dans
942 737 26 81 la
1005 738 112 78 partie
1170 726 32 67 du
1240 710 272 88 recrutement,
1538 708 181 73 demande
1762 699 49 72 des
1865 694 124 78 Lettres
2049 700 49 59 de

769 832 118 79 sous
924 827 216 76 Lieutenant
1201 835 13 48 à
1269 812 43 68 La
1361 807 101 68 suite
1516 803 43 75 des
1614 797 129 78 troupes
1791 783 50 81 du
1900 773 227 82 Colonies.

804 938 106 66 MMe
946 927 2 64 M
1017 911 55 86 Les
1133 908 145 89 Deputés
1340 892 192 94 Dorleaus
1586 909 16 53 à
1644 866 244 98 L'assemblée
1935 853 205 92 nationale

814 1019 156 68 attestent
1044 1003 30 76 la
1121 1000 149 76 Bonne
1312 992 161 78 conduite
1531 1003 35 59 en
1621 972 245 86 l'honneteté
1911 961 43 76 de
2015 970 37 60 ce

817 1120 261 100 reoulteur.

1011 1220 53 89 Le
1129 1220 75 85 S.
1255 1199 141 102 Volant
1460 1230 3 67 a
1532 1185 167 109 d'aieui
1776 1179 151 107 services
1978 1203 147 61 comme

939 1308 189 82 soldat.
1184 1299 51 80 La
1289 1287 160 94 demande
1502 1281 72 88 qu'il
1613 1273 93 88 fait
1758 1272 73 75 d'un
1863 1263 6 87 e
1889 1260 123 90 Brevet
2071 1263 35 59 de

943 1386 101 72 sous
1073 1376 215 75 Lieutenant
1349 1387 2 50 a
1406 1362 38 72 La
1483 1354 97 76 Suite
1623 1354 45 68 du
1726 1343 233 74 Bataillon
2000 1326 173 76 auxiliaire

940 1462 28 83 le
1012 1457 140 77 mettroit
1202 1451 81 72 dans
1321 1441 22 80 le
1375 1446 51 74 cas
1481 1434 123 78 d'avoir
1648 1424 22 76 le
1719 1417 212 73 Lendeman
2019 1402 84 84 qu'il

939 1556 52 77 lui
1048 1557 125 71 seroit
1229 1535 136 75 expédie
1426 1527 42 69 La
1513 1523 218 73 decoration
1810 1500 255 81 militaire.

928 1645 249 99 Ausurplus
1235 1656 45 71 les
1336 1638 208 88 principes
1594 1608 140 79 établis
1784 1592 261 103 s'opposent

947 1772 12 39 à
1034 1753 18 70 ce
1104 1735 78 84 qu'il
1244 1737 83 73 sois
1375 1743 159 59 accordé
1573 1735 134 54 aucut
1745 1699 150 79 Brevet
1952 1705 13 61 à
2006 1693 35 69 La
2082 1696 72 62 suile

934 1860 29 73 et
1015 1843 49 88 qui
1089 1837 43 88 nle
1177 1842 143 81 pormes
1379 1836 77 76 pas
1511 1805 226 85 d'accuillir
1794 1796 31 80 la
1875 1785 213 79 demande

950 1929 41 79 du
1044 1920 54 90 S.
1158 1912 187 93 Volant.
1394 1915 65 72 On
1508 1927 4 54 a
1575 1884 144 103 verifié
1753 1880 92 98 qu'il
1893 1874 111 84 jouis
2061 1882 44 58 de

955 2024 86 79 deux
1096 2018 98 71 demi
1243 2003 145 85 solde,
1419 1992 122 84 Lune
1594 1997 40 68 de
1689 1981 85 82 90^lt
1805 1973 69 65 sur
1917 1966 45 76 les
2006 1954 161 73 inivalides

947 2119 33 82 de
1005 2116 33 76 la
1104 2118 166 67 Marine
1337 2117 60 56 qui
1458 2089 61 79 lui
1568 2105 3 53 a
1625 2076 57 76 été
1712 2063 180 81 accordée
1943 2065 45 69 en
2037 2056 78 80 1753

947 2231 26 47 et
1020 2205 138 72 Lautre
1205 2216 42 57 de
1305 2188 110 83 168^lt
1444 2187 66 75 sur
1557 2179 43 73 les
1648 2169 132 80 Souds
1809 2178 38 62 de
1893 2160 37 69 La
1989 2150 149 82 Guerre

938 2313 83 89 pour
1059 2306 117 76 serois
1241 2293 123 80 rendus
1423 2284 84 85 dans
1564 2297 18 62 ce
1622 2277 134 69 dernier
1791 2248 328 108 département※

1023 2439 51 75 on
1124 2427 46 73 ne
1237 2430 126 69 perue
1444 2410 191 70 dorner
1699 2398 43 70 de
1821 2381 249 76 Bréves

1033 2500 20 77 à
1104 2503 34 72 la
1208 2498 215 89 suite.※

1042 2612 189 88 vésifier
1305 2602 90 85 s'il
1445 2613 101 64 n'est
1658 2600 63 59 pas
1784 2567 325 86 nécescair–

1047 2715 79 69 que
1160 2710 43 70 les
1281 2709 4 59 2
1379 2690 255 75 revrirees
1718 2677 182 63 scieret
1979 2654 198 69 réunies

1029 2801 46 58 en
1151 2789 46 69 un
1267 2785 118 77 soul
1490 2773 290 108 Brévet.

1779 1140 2 56 3
