2272 3272
578 414 122 91 aise
808 430 88 71 ont
962 410 62 82 dit
1116 422 172 76 avoir
1346 392 150 100 servi
1562 385 150 94 dans
1771 379 69 88 les

571 541 370 97 Régimens
1042 542 48 85 de
1124 533 355 98 haynaut,
1519 560 28 61 et
1594 558 49 52 de
1682 525 274 93 Belsunce

576 693 117 94 dou
722 686 58 92 ils
875 690 87 75 ont
1020 679 227 89 déserté
1309 690 25 66 et
1397 686 141 82 sont
1600 673 178 92 passé
1840 671 53 67 au

564 818 197 85 service
847 810 308 106 d'Espagne
1247 802 147 108 qu'ils
1495 813 73 68 ont
1669 798 154 99 aussy

585 943 374 104 abandonné
996 952 139 91 pour
1223 946 207 77 revenir
1509 941 39 93 en
1603 923 207 105 france
1904 939 2 48 a

579 1074 29 75 la
672 1081 215 75 faveur
980 1083 46 70 de
1084 1072 424 84 L'amnistie.

579 1208 38 92 Il
719 1205 46 106 ne
807 1219 237 86 paroist
1123 1209 104 82 pas
1314 1205 118 83 qu'il
1518 1191 2 75 y
1586 1195 59 65 ait
1732 1186 104 77 rien
1886 1177 53 80 de

596 1343 234 75 capital
922 1352 99 63 sur
1076 1330 31 86 le
1193 1330 204 89 compte
1480 1326 71 79 des
1579 1321 125 81 trois
1781 1316 223 80 derniers

599 1478 130 96 quis
787 1476 79 77 ont
924 1477 79 77 des
1104 1467 303 85 raudeurs
1486 1475 30 75 et
1571 1459 75 83 des
1694 1452 305 102 Vagabonds

596 1599 45 113 de
687 1601 441 111 profession.

637 1759 0 64 a
706 1735 247 113 L'Egard
1020 1728 79 104 du
1143 1722 471 114 Commandant
1681 1739 64 71 de
1797 1706 33 99 la

601 1875 270 119 Brigade
913 1892 59 84 de
1014 1866 321 118 Chevreuse
1424 1883 29 89 jl
1525 1864 205 86 parois
1836 1855 103 94 qu'il

606 2025 0 56 a
724 2019 230 88 manque
1052 2030 21 59 à
1129 2029 27 74 ce
1204 2013 121 86 qu'il
1419 1995 190 81 devoit
1691 1993 65 74 au
1795 1987 79 73 s^r

575 2155 522 78 D'armancourt
1218 2157 43 66 en
1358 2123 346 111 négligeant
1808 2117 60 70 de

622 2282 376 101 l'informer
1113 2277 51 86 de
1201 2272 37 84 la
1306 2279 279 79 detention
1689 2255 54 81 de
1791 2256 68 81 ces

622 2423 465 90 prisonniers,
1127 2429 27 84 et
1204 2424 140 87 pour
1421 2428 46 58 ne
1505 2406 55 87 les
1649 2406 154 93 avoir
1859 2401 94 95 pas

621 2552 105 98 fait
832 2546 315 99 transférer
1266 2572 0 68 a
1323 2550 337 85 Mantes,
1699 2553 200 73 comme

610 2704 47 66 Il
775 2688 250 94 l'auroit
1159 2688 190 111 du※
