2848 3536
78 383 234 62 acovre.

87 449 98 107 eeu
267 483 0 65 a
312 449 37 89 la

79 579 58 63 pas
187 578 121 62 moins
364 555 52 83 de

68 679 79 67 Juge
206 649 199 92 absolu.

70 774 46 55 ous
161 745 21 83 le
233 742 237 94 Regiment

93 854 45 85 des
180 857 271 99 lampagnes

95 1050 1 60 a
147 1017 24 103 la
205 1036 82 81 paix
367 1013 31 106 le
455 1012 74 89 S^r

109 1111 349 93 Recrulement

70 1204 298 108 département
433 1201 37 86 de
505 1201 30 86 la

103 1299 107 92 sous
247 1293 48 89 les
332 1290 134 92 ordres

74 1414 35 76 de
147 1420 24 67 ce
237 1404 261 79 Lieutenant

99 1500 151 90 deleans
309 1530 50 52 ou
406 1492 103 87 ledit

67 1628 72 67 vent
185 1623 60 67 ieu
297 1603 12 83 à
356 1602 118 82 désire

82 1722 110 64 neces
269 1716 118 65 avec

90 1805 145 88 verves
303 1824 29 75 en
378 1795 166 102 qualité

68 2015 54 64 ous
167 1980 223 112 sertificats
435 2002 86 80 qu'il

117 2096 31 76 de
174 2100 21 71 la
273 2094 120 76 moilie
466 2123 31 46 en

64 2203 17 74 es
138 2193 41 83 du
229 2194 99 79 Roi
384 2217 30 51 en
459 2188 76 77 cette

75 2313 72 65 aire
213 2312 20 64 à
270 2307 144 69 raison

113 2405 23 63 10
226 2382 113 84 x^bre
386 2386 127 75 1778.
540 2391 28 66 et

104 2590 31 85 et
182 2586 69 98 des
298 2597 140 88 pieces
535 2590 3 78 y

72 2697 89 69 tant
228 2691 104 72 sert
409 2698 95 60 avec

80 2873 132 101 blesse
274 2909 30 63 au
338 2881 173 90 Service

96 3003 40 71 est
186 2995 256 77 neannoins

1101 341 118 81 rentre
1272 337 166 93 aussitot
1506 355 49 76 que
1623 331 69 89 son
1740 328 330 96 retablissement
2117 324 22 84 le
2172 324 49 84 lui
2275 349 1 71 a
2323 340 159 80 perins

1239 441 164 103 Enfin
1480 438 59 102 que
1593 436 136 94 depuis
1770 443 22 79 18
1841 451 58 72 ans
1947 449 22 66 il
2011 432 1 85 a
2060 459 30 61 eu
2138 424 23 92 la
2237 418 185 97 qualité

1116 538 210 106 d'officier
1383 534 160 104 prépose
1607 532 138 92 donnée
1802 560 66 66 aux
1924 547 261 83 principaux
2235 520 282 88 Recruteurs

1118 664 69 73 par
1226 666 48 65 les
1321 639 271 92 ordonnances
1645 634 35 89 du
1733 630 102 89 Roi
1888 655 225 62 concernant
2176 620 44 88 les
2264 617 266 92 Régimens

1123 738 36 79 de
1209 736 298 80 Recrües.

1218 827 153 103 Mis
1413 844 66 79 celle
1543 821 167 105 qualité
1753 853 51 69 qui
1854 815 197 100 sembloit
2097 815 26 102 le
2148 815 134 97 placer
2322 828 140 84 parne

1094 933 50 89 les
1192 939 100 110 autres
1339 929 164 120 officiers
1559 927 66 95 dits
1681 925 26 118 de
1754 923 140 112 fortune
1942 944 25 89 et
2015 948 58 77 que
2105 948 42 65 lui
2194 947 1 66 a
2260 945 33 79 en
2333 919 115 116 effet

1109 1029 133 84 donné
1287 1058 19 56 le
1344 1042 89 74 rang
1496 1029 83 89 dans
1617 1025 32 94 la
1706 1025 171 93 société
1947 1049 26 65 ne
2011 1023 25 90 la
2100 1045 127 66 point
2296 1044 121 64 rendu

1083 1121 255 94 Susceptible
1410 1121 35 95 de
1470 1119 28 98 la
1577 1119 215 96 décoration
1858 1113 195 95 militacle
2132 1139 75 63 que
2259 1124 181 75 viennent

1125 1225 189 83 d'obtenir
1372 1223 188 85 plusieurs
1611 1221 40 87 de
1696 1219 59 89 ses
1794 1217 252 91 Camarades
2143 1220 85 88 dont
2272 1217 27 91 la
2331 1217 176 91 plupart

1131 1354 54 54 ont
1219 1324 190 98 beaucoup
1476 1339 102 61 moins
1625 1322 122 96 sersi
1801 1338 61 78 que
1930 1321 135 85 Lui.

1257 1416 41 115 Il
1377 1412 176 118 supplie
1600 1433 288 93 enconséquence
1942 1411 272 109 Rousieuy
2277 1432 41 61 Le
2365 1398 216 102 Chevalier

1147 1510 36 110 de
1221 1511 185 109 flucrcu
1470 1516 34 91 de
1545 1512 150 99 vouloir
1736 1540 75 68 bien
1860 1517 34 81 lu
1951 1496 184 106 acorder
2182 1494 53 106 les
2313 1491 171 107 Lettres

1143 1616 37 92 de
1230 1618 109 94 Sous
1381 1610 218 100 Lieutenant
1656 1642 22 62 à
1706 1604 30 100 la
1785 1612 117 93 suite
1972 1602 60 100 des
2081 1594 225 104 Troupes
2369 1593 96 99 des

1129 1720 167 89 Colonies
1353 1752 33 53 au
1443 1714 315 90 Recrulement
1833 1709 232 89 desquelles
2122 1719 27 75 il
2199 1704 180 89 continüe
2430 1730 46 59 de
2519 1705 46 83 se

1132 1832 121 96 rendre
1302 1834 86 85 utile
1450 1842 93 78 avec
1585 1823 22 86 le
1656 1828 107 93 même
1824 1836 94 79 zole
1980 1839 3 68 e
2036 1811 187 105 toujours
2277 1831 129 64 sous
2453 1800 73 99 les

1134 1923 122 99 ordres
1340 1928 37 88 de
1426 1917 121 101 M.
1589 1913 320 106 Agobert.

1307 2033 40 96 Il
1394 2042 25 92 en
1475 2036 89 101 sera
1619 2026 170 103 penetré
1868 2025 33 103 de
1924 2028 34 113 la
2020 2027 90 109 plus
2181 2042 290 91 respectueuse

1136 2149 505 141 reconoissance.※

1132 2465 50 84 Les
1225 2464 150 91 Depotis
1423 2467 206 86 dorleens
1690 2475 1 73 a
1758 2463 237 86 Lassemblie
2063 2467 193 78 natrondle
2329 2461 187 79 attestenn

1128 2573 0 65 a
1205 2561 220 81 Monsieur
1485 2559 35 87 De
1562 2559 167 87 fleurieu
1800 2564 48 74 la
1907 2564 131 75 Bonne
2097 2561 161 81 conduitte
2335 2566 24 58 et
2401 2555 205 77 l'honnetité

1137 2656 208 70 toujours
1388 2652 224 72 soutenne
1671 2652 43 64 De
1746 2653 85 70 M^r
1874 2654 209 58 volant.
2120 2655 21 64 et
2195 2671 112 56 grient
2366 2662 198 67 Monsieur

1138 2736 24 65 Le
1223 2734 247 66 Ministre
1518 2734 33 63 de
1576 2734 24 63 la
1675 2739 153 57 marne
1898 2737 28 56 de
1984 2728 143 65 vouloir
2208 2728 107 63 biens
2360 2730 156 59 accueille

1126 2822 50 69 la
1217 2818 202 85 demande
1517 2803 209 102 Seurrat
1774 2799 286 103 habruloye

2365 2819 3 67 L

2303 2885 104 60 N4

1852 2997 246 91 Pacosson,
