3232 4392
46 2583 166 0 "

350 293 131 79 N°10

807 359 793 129 S.Regiment
1721 364 670 133 D'armagnac

907 673 157 121 Etat
1160 701 50 84 des
1238 713 128 97 trances
1393 700 100 122 failes
1520 723 60 99 par
1617 717 2 93 l
1677 710 98 93 Crisse
1813 708 40 99 du
1882 698 49 105 dit
1978 718 196 111 Regiment
2212 734 79 95 pour
2319 721 41 110 les
2378 708 235 126 Cugagement
2670 720 31 95 et

794 822 230 113 Emibaurage
1095 824 48 105 des
1183 841 142 98 Recuis
1356 832 58 105 fait
1459 855 57 83 par
1555 841 17 82 le
1611 829 72 102 Sont
1722 843 24 95 de
1794 837 79 98 Letat
1919 847 97 97 major
2078 835 120 115 depuis
2230 846 17 82 le
2277 836 33 94 1^e
2341 854 71 100 Juin
2459 868 72 87 1779
2578 841 169 115 Jusqu'au

827 932 0 65 1
882 925 66 74 Juin
980 935 82 65 1780.
1106 923 76 78 dont
1215 936 17 66 il
1286 924 182 80 demande
1511 931 16 74 le
1565 929 285 79 Reboursement
1905 939 43 70 net
1987 941 82 70 sans
2107 934 121 78 aucune
2287 934 137 81 retenües

847 1126 86 89 Noms
1017 1130 55 79 des

723 1241 93 102 optend
844 1241 12 102 en
875 1200 103 144 Coelle
1007 1198 113 148 Grene

1426 1003 228 87 Savoir

1251 1171 91 71 Datte
1378 1173 22 70 de
1426 1172 48 72 Son

1212 1241 240 110 Engagement.

700 1562 108 101 ederae
838 1572 130 149 eltiges
1007 1571 143 154 eabregus
1210 1573 47 154 les
1296 1588 3 92 9
1329 1592 2 75 b
1392 1583 25 109 72

1537 1173 109 66 Somme
1668 1173 64 62 payé

1529 1205 134 66 avancées
1684 1220 35 52 par
1754 1195 16 91 la
1838 1192 52 92 ane

1510 1261 64 91 Caive
1597 1264 27 89 du
1647 1266 139 93 Régiment

1601 1590 70 73 120

995 1762 106 105 Total
1140 1766 98 116 argent
1277 1803 26 82 de
1325 1781 107 105 france
1600 1781 99 99 120^l

1841 1611 30 56 20

2002 1201 103 83 Taille

2069 1613 20 109 1p
2140 1600 45 86 62

889 2022 88 88 fait
1026 2028 20 81 et
1096 2030 88 77 arelle
1246 2034 32 81 au
1333 2036 134 77 Conseil
1534 2030 346 92 d'administration
1947 2044 259 87 Basseterre
2273 2050 28 84 Le

938 2113 173 94 Livavot
1197 2110 324 97 monveul,
1567 2115 166 91 susene

1816 2132 219 187 Rostain
2148 2147 194 178 Vagarde

847 2478 89 97 Nous
970 2483 81 99 chef
1085 2487 140 95 d'Escadre
1273 2486 240 109 Gouverneur,
1548 2495 189 105 Lieutenant
1764 2500 139 103 Géneral
1952 2516 74 87 pour
2060 2520 31 76 sa
2125 2510 183 102 Majesté
2356 2534 45 69 des
2443 2515 74 103 Isles
2544 2516 225 107 Guadeloupe

784 2577 21 69 et
847 2572 253 86 dependance,
1129 2577 33 78 vu
1204 2579 21 90 le
1248 2589 121 73 present
1405 2586 65 81 Etat
1524 2597 147 78 montant
1706 2596 15 70 à
1763 2603 21 65 la
1819 2597 128 74 somme
2001 2607 27 79 de
2063 2612 66 81 Cent
2176 2620 90 76 vingt
2303 2611 114 75 Livres
2452 2625 121 80 argent
2615 2635 27 66 de
2678 2627 109 83 france

791 2655 147 77 Detaillé
971 2657 28 79 cy
1032 2662 104 82 dessus
1163 2670 75 79 pour
1290 2664 254 90 l'Eugayement
1585 2677 25 66 et
1639 2676 206 87 Embausage
1898 2682 49 75 des
2042 2690 97 80 écrües
2175 2688 61 85 fait
2283 2697 49 68 par
2379 2689 19 75 le
2433 2695 73 70 sont
2547 2704 32 62 de
2614 2696 109 73 L'Esât

796 2730 90 77 Major
925 2735 78 70 dud^t
1042 2743 173 77 Régiment
1272 2744 25 71 et
1336 2753 126 77 avance
1517 2755 50 80 par
1606 2754 32 70 sa
1671 2754 107 71 Caisse
1836 2769 207 77 ordonnons
2081 2769 45 79 que
2164 2769 20 80 le
2217 2771 366 87 Remboursement
2634 2792 43 68 lui
2716 2796 31 66 en

803 2810 68 79 soit
918 2814 74 76 fait
1039 2830 45 61 net
1127 2820 89 73 sans
1248 2835 116 60 aucune
1407 2832 204 66 Relenües

913 2893 238 147 Casselerre
1236 2910 90 90 Isles
1362 2908 267 129 Guadeloupe
1695 2918 41 85 Le
1792 2933 32 109 1^e
1860 2920 72 108 Jui
1968 2947 52 82 780

1984 2996 112 144 hede
2134 2994 162 140 dabaud

306 493 217 134 Inspection
557 508 29 115 de
629 536 100 91 1780.

273 700 117 82 depence
427 692 244 95 Eatraorduaire

268 803 18 68 di
327 805 60 78 120^l
407 807 113 75 argent
555 812 24 68 de
598 813 98 67 france

229 1197 278 110 Compagniee

282 1526 158 145 Duss
