3232 3960
580 277 50 170 S^t
686 279 455 176 Domingue

1562 296 35 57 10

1716 374 0 0 R

2206 281 413 88 Duchateau

1867 323 78 120 sur
1989 323 34 123 le
2067 363 95 87 R.
2223 347 313 96 Duchâteau

1306 464 120 129 An
1488 474 73 104 mil
1587 466 91 131 sept
1731 490 92 99 cent
1875 471 218 131 soixante
2165 498 100 107 cinq
2308 493 20 109 le
2363 481 200 121 dixieme

1025 572 111 116 Jour
1180 590 29 118 de
1235 574 203 134 fevrier,
1464 586 66 111 sur
1575 594 46 95 les
1657 616 56 90 six
1775 585 157 132 hlures
1976 587 57 122 du
2077 607 158 119 soir,
2260 594 84 129 par
2388 596 176 113 devant

1035 720 117 87 nous
1182 716 358 103 Commissaire
1593 718 79 110 des
1710 727 225 106 guerres,
1958 726 241 110 Employé
2253 740 47 90 au

1015 833 414 119 Département
1511 846 46 91 du
1610 857 94 106 Cap
1757 832 102 131 Isle
1913 833 38 115 S^t
1968 833 412 123 Domingue;
2417 864 65 95 est

1028 942 294 127 comparie,
1356 945 356 125 accompagné
1765 963 45 107 de
1827 948 63 124 son
1942 950 365 129 Capitaine,
2342 957 36 115 Le
2431 962 160 112 Nomé

1048 1071 171 108 nicolas
1245 1061 306 125 Emonddit
1595 1093 225 106 Emond,
1855 1071 126 130 natif
2034 1072 37 115 de
2115 1073 278 132 Rencourt

1032 1181 292 144 Juridiction
1390 1198 41 122 de
1459 1188 137 130 Bar
1642 1201 41 122 Le
1749 1191 147 142 Duc,
1924 1199 195 134 Sergent
2156 1236 31 96 de
2204 1235 22 97 la
2264 1234 59 96 C^te
2350 1201 60 135 dla
2448 1215 137 126 Ronde

1019 1313 263 136 Brigade
1337 1317 39 120 de
1403 1323 271 125 Beausire
1748 1322 38 124 du
1831 1325 394 138 Corps-Royal,
2252 1348 207 112 détache
2541 1372 20 86 à

1011 1427 42 139 S^t
1080 1428 377 149 Domingue,
1484 1439 52 126 où
1572 1452 23 118 il
1651 1449 91 128 sert
1809 1474 41 105 en
1888 1448 219 136 qualité
2144 1450 51 130 de
2223 1496 248 98 premier

1011 1556 212 130 Sergent
1286 1562 111 125 dans
1424 1570 38 118 la
1525 1563 322 132 Compugnie
1920 1566 37 132 de
1992 1566 167 134 Dulac
2213 1577 222 124 Postichre
2498 1597 98 110 dud.

992 1690 158 131 Corps.
1177 1689 195 131 Royal,
1399 1692 149 123 lequel
1612 1695 1 106 a
1658 1699 66 102 dit
1778 1705 29 104 et
1861 1696 222 131 déposé,
2120 1734 65 89 que
2231 1720 18 96 le
2333 1738 249 96 mêmejour

1007 1808 39 132 Il
1100 1809 156 118 serait
1329 1812 183 129 sorti,
1548 1819 74 116 sur
1658 1820 56 111 les
1768 1832 65 101 une
1904 1840 139 112 heure
2114 1857 130 101 après
2325 1831 139 131 uidy,
2498 1841 39 108 du

1018 1940 223 97 quartier
1282 1958 105 82 pour
1442 1947 161 99 s'aller
1651 1950 251 104 promener
1977 1970 36 86 en
2060 1978 308 85 compagnie
2443 1986 43 71 de

1009 2037 223 127 françois
1274 2042 108 121 hiot
1442 2058 36 98 d^t
1521 2048 416 127 Duchateau,
1979 2073 126 113 natif
2156 2077 37 98 de
2244 2076 231 114 Voussy–

1009 2154 316 120 Juridiction
1395 2164 42 112 de
1491 2167 556 120 Rhetel-Mazrin
2118 2211 33 77 en
2206 2178 339 117 Champagne

1009 2279 195 129 Sergent
1238 2281 37 120 de
1300 2297 36 111 la
1388 2286 301 129 Compagnie
1750 2303 45 111 de
1856 2290 221 130 Déliziers
2138 2310 36 102 de
2199 2316 28 100 la
2304 2323 126 102 même

998 2415 300 124 Brigade,
1333 2415 27 116 de
1386 2416 310 132 Béausire,
1720 2439 125 100 aussi
1880 2426 221 123 détaché
2152 2426 19 131 à
2205 2428 28 125 S^t
2266 2438 320 124 Domingue

1004 2566 21 72 et
1072 2565 181 80 servant
1293 2567 125 83 dans
1451 2560 29 92 la
1555 2585 125 73 même
1733 2578 298 88 Compagnie
2098 2589 71 76 que
2201 2571 44 94 Le
2284 2573 316 101 Deposant.

1003 2679 211 118 qu'étant
1292 2690 139 110 passe
1493 2699 171 103 auprès
1711 2688 41 92 de
1799 2701 307 96 l'Arcenal,
2144 2699 42 99 Ils
2208 2697 340 116 auritiensuivi

989 2789 23 121 le
1049 2790 131 128 Bord
1227 2809 32 117 de
1287 2794 32 126 la
1377 2800 151 143 Mer,
1555 2800 221 150 Jusqu'au
1834 2814 81 136 fort
1963 2823 32 125 de
2042 2822 201 137 Licolet,
2270 2844 122 112 qu'ils

993 2938 228 102 auraient
1285 2942 179 109 tourné
1503 2953 115 106 sans
1673 2952 2 99 y
1730 2948 188 113 entrer,
1949 2952 99 113 pour
2095 2952 253 117 continer
2411 2964 42 94 de

1001 3054 310 103 reconnaitre
1361 3051 31 107 le
1442 3054 83 104 bord
1580 3071 33 94 de
1639 3059 33 105 la
1735 3064 127 97 Mer
1926 3072 47 97 du
2014 3084 97 95 coté
2168 3088 47 91 du
2271 3078 194 108 Nord,
2491 3087 31 97 et

999 3174 80 104 voir
1122 3175 73 99 par
1244 3183 74 96 pur
1396 3191 311 100 mouvement
1778 3197 38 90 de
1864 3192 313 104 curiosité,
2203 3204 54 94 les
2311 3201 204 104 baseries

995 3282 77 112 qui
1120 3292 2 98 y
1171 3283 86 115 sont
1313 3291 363 124 construittes;
1716 3313 70 103 que
1826 3297 195 118 suivant
2078 3313 27 98 le
2145 3303 128 120 Bord
2313 3324 36 94 de
2380 3316 36 103 la
2473 3335 86 93 Mer

982 3395 52 141 ils
1061 3392 190 147 servient
1319 3403 171 143 arrivés
1536 3407 201 141 aportée
1804 3424 32 127 de
1874 3412 111 121 fusil
2032 3423 32 98 de
2092 3416 31 106 la
2181 3418 230 130 Baterie
2468 3445 42 94 de
2547 3431 22 102 la

541 517 74 123 10.
649 510 175 130 fvric

644 615 190 105 1765.

603 860 270 154 N°128
