3232 4312
672 491 209 153 Gouy

668 635 116 90 Dean

720 810 11 64 4

828 724 20 61 ta

643 1140 100 135 N°
785 1140 52 120 5.

1075 644 446 175 Extrait
1641 672 49 141 du
1773 642 303 177 Régistre

1432 832 73 105 des
1623 802 319 134 Successions

1080 1138 620 141 Aujourd'huyy
1763 1123 124 144 Vinge
1931 1149 92 110 neuf
2057 1117 201 120 octobré
2332 1116 54 110 mil
2450 1109 92 126 sept

1064 1295 109 103 Cent
1237 1299 160 98 quatre
1431 1275 161 105 huit,
1626 1275 145 101 ayant
1827 1263 65 106 été
1918 1252 175 115 informé
2143 1268 70 92 que
2271 1241 46 99 le
2369 1250 225 91 nommé–

1055 1407 103 127 Jean
1223 1394 184 127 Gonry,
1436 1383 67 132 fils
1585 1377 34 129 de
1648 1372 158 131 Jacques
1870 1358 129 133 Goury
2029 1373 31 73 et
2136 1346 39 99 de
2225 1339 189 106 Chereze

1059 1525 258 119 Gorlane
1416 1526 65 92 né
1521 1535 13 74 à
1582 1496 299 120 Branguetol
1928 1492 32 86 en
2024 1466 256 129 Languedoc
2348 1456 71 108 L'an
2461 1451 141 115 1758.

1059 1634 153 114 fusilier
1270 1626 37 106 de
1326 1626 36 98 la
1421 1621 263 113 Compagnie
1767 1596 326 100 Descoublant
2200 1590 113 88 n°4
2405 1600 42 63 au

1061 1738 218 113 Bataillon
1330 1735 37 114 de
1394 1735 38 104 la
1473 1730 179 113 guianne
1704 1717 107 85 etoit
1879 1713 91 80 mort
2030 1713 36 100 au
2100 1697 101 92 poste
2276 1681 225 118 d'oyapock

1073 1867 34 72 ou
1157 1858 21 88 il
1236 1836 104 108 etoit
1414 1827 190 113 détaché
1662 1819 43 98 le
1770 1809 67 109 25.
1878 1815 29 103 du
1934 1803 158 102 present
2166 1804 97 88 mois

1268 1980 215 103 Nous
1527 1966 240 113 Quartier
1829 1955 130 108 maitre
2014 1940 186 109 Tresorier
2264 1934 104 94 dudit
2416 1925 203 108 Bataillon

1095 2106 102 111 nous
1238 2097 172 102 sommes
1467 2081 273 106 Transportés
1801 2092 58 79 aux
1926 2045 265 117 Cazernes,
2210 2068 36 81 ou
2297 2036 58 101 son
2407 2023 146 117 Coffre

1079 2204 112 112 avoit
1235 2196 70 108 été
1342 2193 186 109 envoyé,
1547 2190 38 107 et
1653 2175 80 118 La,
1760 2192 30 95 en
1817 2183 160 92 presence
2037 2152 55 98 du
2136 2167 6 99 M
2226 2146 71 91 M.
2332 2126 268 120 Dutraque

1066 2302 238 107 Lieutenant
1369 2280 283 120 Commandant
1735 2281 152 116 Ladite
1934 2261 274 125 Compagnie
2282 2265 3 72 &
2376 2241 65 94 De
2498 2232 143 120 Titty;

1064 2402 175 113 Ecrivain
1302 2389 204 108 ordinaire
1585 2377 44 114 des
1678 2366 173 120 Colonies
1915 2378 90 94 pour
2076 2353 59 100 La
2207 2338 173 115 maladie
2445 2326 49 112 du
2525 2330 77 104 M.

1069 2510 144 110 Boüé
1279 2498 171 117 Ecrivain
1530 2491 217 112 principal
1819 2493 154 83 charge
2048 2467 30 103 de
2101 2465 38 113 la
2171 2460 116 108 police
2346 2471 46 77 du
2425 2451 203 95 Bataillon

1098 2626 90 102 Nour
1243 2619 110 97 avous
1365 2580 171 136 procdé
1597 2606 25 75 à
1684 2559 316 124 L'inventaire
2083 2546 184 134 deseffels
2305 2546 117 112 dudit
2479 2532 146 128 Goury

1069 2714 204 133 Lesquels
1313 2723 69 103 ont
1421 2723 69 96 été
1546 2684 142 134 vendus
1771 2678 70 113 sur
1916 2674 41 102 le
2033 2669 168 119 Champ
2277 2655 41 126 au
2350 2655 94 115 plus
2476 2637 157 128 offrant

1097 2853 32 92 et
1188 2817 150 123 dernier
1392 2789 291 119 encherisseur
1761 2777 158 117 Comme
1963 2769 167 120 suit.

1651 2906 235 114 Savoir

2119 2992 20 74 11

1189 3033 59 124 Un
1353 3023 233 133 Sarreau
2465 3008 32 103 12

1183 3162 91 94 Une
1309 3150 183 103 grande
1566 3140 842 97 Culotte."
2473 3117 134 95 10""

1188 3266 149 98 Deux
1404 3258 156 107 Gillets
1617 3248 29 102 &t
1698 3243 186 110 Calotes
1954 3243 25 94 de
2050 3234 295 105 Coutil......
2392 3224 48 113 4"
2511 3225 49 100 4"

1205 3375 149 104 Deux
1409 3372 91 105 idem
1562 3397 33 74 en
1663 3365 695 108 Toille....
2401 3365 37 87 3.
2496 3356 73 102 16"
2634 3372 1 68 "

2383 3462 58 164 9^t
2515 3461 135 139 20s
