3808 3072
340 1285 94 73 123

2377 348 185 94 surquoy
2625 347 78 93 luy
2755 354 240 86 déposant
3060 345 58 77 luy
3164 354 149 71 ayant
3365 349 52 87 dit
3475 365 91 58 qu'il

2384 448 90 53 Etoit
2518 444 179 69 toujours
2751 431 123 81 fol,
2896 426 206 80 continua
3190 433 1 65 a
3229 448 57 54 luy
3351 421 173 80 parler

2387 520 24 68 Et
2452 510 54 87 luy
2559 510 250 85 demandoit
2880 508 77 87 s'jl
3005 515 41 78 luy
3117 508 89 80 Etoit
3266 522 137 71 arrivé
3450 506 154 85 quelque

2363 606 209 69 tnouvelle
2648 595 221 85 affaire,
2927 593 0 84 a
2968 593 99 84 quoy
3125 599 117 61 ledit
3312 598 163 57 janson

2382 680 236 78 Repliqua
2722 687 94 58 qu'il
2879 675 120 77 avoit
3055 678 142 62 donné
3255 682 41 60 un
3347 670 75 66 coup
3495 686 41 36 de

2391 762 127 74 pourg
2585 757 116 62 audit
2761 754 200 77 Thomy,
2994 751 28 77 ce
3060 749 339 77 qu'Entendant
3481 745 68 67 luy

2387 835 233 76 déposant
2682 823 147 86 ditque
2903 830 25 66 ce
2983 832 135 66 n'Etoit
3167 833 68 73 pas
3272 815 166 89 grande
3481 815 154 77 chose,

2387 909 25 58 Et
2448 910 104 83 ledit
2600 916 146 60 janson
2838 909 48 84 luy
2935 905 213 85 repondit
3209 901 97 88 qu'il
3361 903 201 73 Esperoit

2382 992 69 74 que
2513 990 23 66 ce
2605 996 22 74 ne
2684 988 125 80 seroit
2895 984 188 79 Rien.
3128 998 51 60 qui
3224 980 46 57 Est
3315 978 69 58 tout
3417 979 24 77 ce
3463 982 92 61 qu'il

2388 1069 2 75 a
2418 1059 51 88 dit
2497 1058 188 69 savoir.

2552 1130 191 75 Lecture
2802 1137 2 75 a
2849 1133 56 79 luy
2951 1122 102 82 faite
3105 1126 31 60 de
3183 1119 30 76 sa
3254 1119 263 84 déposition

2391 1226 1 51 a
2426 1217 46 67 dit
2516 1225 91 54 jcelle
2661 1211 186 70 contenir
2926 1201 161 71 verité,
3136 1200 1 67 y
3196 1199 1 70 a
3241 1203 206 68 persisté
3536 1197 1 56 &
3586 1200 1 56 a

2379 1286 157 81 signé.
2576 1292 95 49 ainsi
2716 1281 107 81 signés
2856 1292 0 44 a
2884 1287 23 49 la
2958 1278 185 79 minutte
3204 1276 147 75 Gauln
3400 1274 29 81 Et
3457 1273 175 81 DEcopin.

2442 1432 219 65 La
2719 1422 203 72 minutte
3011 1421 21 73 de
3053 1421 20 68 la
3115 1420 172 75 presente
3345 1421 250 74 jnformation

2362 1504 36 61 Est
2438 1504 100 59 Cottée
2589 1507 24 50 Et
2642 1507 204 75 paraphiée
2921 1506 41 48 au
3025 1491 94 74 Ras
3147 1499 36 58 de
3229 1496 170 75 Chaque
3432 1483 135 86 page

2372 1602 68 57 par
2501 1586 19 75 le
2580 1590 85 68 juge
2726 1581 23 60 Et
2782 1580 47 78 Est
2888 1573 238 82 Egalement
3180 1568 125 80 signée
3360 1580 35 48 au
3450 1566 85 72 Bas
3573 1565 29 48 de

2357 1648 175 74 Charune
2589 1643 134 85 d'jcelle
2780 1658 71 63 par
2909 1648 41 70 les
2972 1636 169 79 temoins
3186 1657 54 61 qui
3279 1644 53 61 ont
3366 1631 48 85 sue
3442 1631 163 73 signier,

2375 1729 26 79 le
2435 1726 81 83 juge
2557 1725 20 55 Et
2630 1725 27 75 le
2716 1719 202 79 Grffier;
2953 1723 197 72 obuervant
3185 1705 239 89 cependant
3479 1701 127 77 queledit

2350 1800 157 79 Greffier
2564 1797 4 62 a
2625 1797 146 83 oublié
2823 1793 27 86 de
2873 1786 136 92 signer
3074 1786 21 75 la
3124 1788 161 74 deiere
3333 1774 271 92 déposition.

2574 1922 110 107 soit
2732 1945 34 73 la
2816 1950 213 64 presente
3093 1925 301 86 jnfornation

2390 2016 322 83 commnuiquée
2781 2034 31 65 au
2855 2030 200 69 procreur
3127 2006 95 81 fisia
3338 2014 94 69 pour
3474 1986 70 74 sur

2362 2105 39 65 ses
2420 2105 234 61 conclusions
2694 2102 65 60 Etre
2817 2108 169 52 ordonné
3071 2091 110 63 ceque
3252 2095 29 49 de
3311 2079 151 67 droit.
3528 2077 2 62 a

2373 2207 106 68 aquin
2542 2190 25 65 ce
2641 2191 107 58 douze
2833 2184 112 65 aout
3002 2178 60 79 mil
3094 2171 78 85 sept
3205 2169 72 80 cent
3327 2165 60 83 dix
3449 2162 147 63 neuf.

2365 2271 124 75 signé
2528 2272 3 52 a
2570 2263 29 55 la
2665 2261 193 61 minette
2941 2255 276 76 DEcopin.

2492 2354 84 97 Vl
2703 2364 48 87 les
2775 2346 317 95 jnformations
3141 2362 1 47 c
3206 2364 24 60 de
3257 2346 82 65 sus
3380 2330 25 94 et
3446 2353 75 69 aux

2377 2462 144 79 Autres
2539 2455 165 78 parts,
2741 2445 293 67 l'ordonname
3123 2438 169 77 qu'Elles
3341 2444 85 69 nous
3453 2426 119 65 soient

2352 2544 367 67 Commuuniquées,
2757 2538 26 60 je
2827 2527 197 72 Requiers
3071 2531 68 59 que
3161 2521 118 65 ledit
3342 2521 186 56 janson

2354 2607 70 97 soit
2457 2602 146 101 decrété
2649 2611 30 90 de
2711 2623 132 75 prise
2911 2613 36 65 de
3000 2595 140 97 Corps.
3179 2585 125 93 fait
3351 2584 1 69 a
3392 2582 125 99 aquin

2060 1939 131 78 Ord.

665 332 102 91 aussi
824 333 63 76 luy
938 348 254 75 deposant
1268 338 101 83 qu'il
1452 335 222 90 Regarde
1743 337 96 64 ledit

650 425 164 74 janson
889 428 151 84 comme
1084 423 62 68 son
1190 419 183 91 Ennemy
1435 426 38 67 En
1530 428 131 62 ayant
1743 416 69 57 Eté

643 507 176 80 jnsulté
874 506 92 72 deux
1051 506 102 79 fois.
1204 512 51 71 qui
1312 509 51 70 Est
1437 507 79 73 tout
1590 503 22 78 ce
1645 498 92 74 qu'il
1805 506 0 55 a
1833 506 51 59 dit

649 566 179 79 savoir.

764 643 278 79 Lecture
1123 663 1 55 a
1167 653 64 72 luy
1299 638 102 90 faite
1450 646 33 55 de
1507 638 46 85 sa
1595 629 253 94 déposition

655 747 0 57 a
694 733 49 79 dit
798 739 104 68 jcelle
961 723 181 73 contenir
1201 731 149 72 verité,
1405 742 0 61 y
1453 742 2 60 a
1508 716 209 76 persisté
1775 713 29 55 Et
1846 716 2 52 a

646 813 170 81 signé.
860 818 101 78 ainsi
1011 804 132 91 signés
1181 814 0 54 a
1218 809 26 57 la
1300 798 195 74 miutte
1601 797 253 68 Laurent.

637 885 177 85 DEcopen
911 897 31 45 Et
965 873 257 80 Caramajor
1281 865 208 84 Greffier.

1090 1003 98 94 Du
1240 1022 168 73 onzience
1467 1013 91 77 jour
1616 1003 182 72 d'aoust
1843 1007 59 72 uie

1062 1087 69 73 sept
1165 1097 68 70 cent
1278 1086 57 81 dix
1392 1083 119 74 neuf,
1539 1083 40 67 au
1636 1084 221 59 matin.

698 1207 157 79 Joseph
931 1187 150 90 Gaulu
1145 1182 318 94 Graudville,
1494 1189 350 73 commandant

648 1296 32 52 du
711 1270 211 76 quartier
973 1274 28 57 du
1037 1269 111 72 port
1195 1264 285 72 cavaillon,
1516 1285 1 45 y
1559 1266 332 60 demeurant,

633 1346 203 86 paroisse
894 1348 37 72 du
966 1339 84 81 fond
1102 1353 31 60 de
1198 1340 114 83 l'jlle
1370 1329 233 85 abache,
1638 1333 60 81 agé
1733 1326 155 72 d'Environ

618 1426 250 80 cinquante
939 1414 160 72 quatre
1171 1415 71 80 ans
1312 1413 144 81 lequel
1532 1411 108 85 apré
1664 1408 190 80 serment

617 1517 71 51 par
737 1506 67 65 luy
867 1494 92 67 fait
1013 1494 26 61 de
1068 1495 76 62 dire
1203 1489 126 69 verité
1403 1494 21 67 &t
1463 1488 86 71 qu'il
1609 1502 91 50 nous
1729 1502 1 43 a
1769 1484 66 64 dit

648 1570 100 73 nEtre
813 1565 204 76 parent,
1043 1566 128 74 allié,
1219 1563 204 69 serviteur
1499 1561 22 62 ni
1571 1554 280 70 Domestique

635 1657 208 81 desparties
896 1648 31 74 Et
961 1648 73 68 nous
1069 1662 1 44 a
1116 1642 257 70 representé
1426 1637 239 88 l'Exploit
1706 1636 197 84 d'assignation

642 1740 0 56 a
692 1732 58 63 luy
788 1720 146 68 donnée
1016 1717 77 88 par
1150 1716 159 89 Graugé
1384 1717 211 84 huissier,
1632 1723 20 63 le
1689 1722 206 80 Cinquieme

645 1798 35 70 de
704 1798 23 67 ce
786 1818 117 66 mois,
944 1799 88 80 pour
1085 1812 188 59 deposer
1338 1826 0 51 a
1373 1812 29 61 la
1467 1813 205 67 Requête
1742 1807 47 57 de

615 1900 93 65 jean
786 1892 153 58 Thomy
1041 1890 63 84 le
1145 1885 226 85 procureur
1443 1880 147 74 fiscal
1668 1877 148 66 joint.

780 1993 244 64 Depose
1152 1986 57 63 sur
1249 1981 43 73 les
1322 1982 99 70 faits
1461 1987 284 59 mentionnés
1801 1978 32 51 En

611 2068 33 84 la
677 2061 203 87 plainte
944 2051 119 92 dudit
1115 2052 86 79 jean
1286 2057 164 81 Thomy
1528 2077 26 50 de
1600 2044 216 93 laquelle

628 2153 67 80 luy
752 2165 125 62 avos
917 2139 95 80 fait
1057 2136 219 86 lecture;
1322 2135 66 83 que
1452 2134 30 74 le
1552 2137 136 70 lieudy
1728 2138 125 65 trente

629 2245 30 50 un
730 2229 36 62 du
819 2230 96 64 mois
944 2234 38 70 de
1034 2219 143 77 juillet
1242 2216 221 70 denier,
1493 2218 107 79 ledit
1648 2232 167 63 janson

616 2303 192 75 passant
878 2309 23 74 de
948 2298 134 76 grand
1146 2299 139 70 malin
1367 2297 111 83 chez
1530 2300 46 75 luy
1611 2295 227 78 déposant

615 2400 47 51 dit
708 2406 0 46 a
749 2394 29 68 sa
836 2390 227 84 négresse
1162 2393 145 64 qu'Elle
1376 2386 65 64 Eut
1499 2395 0 74 a
1557 2400 203 67 Envoyer

618 2481 235 59 Cherchere
892 2479 44 65 ses
990 2480 215 64 mouttons
1258 2495 122 53 parce
1424 2481 220 67 qu'Etant
1703 2481 190 67 accoutumés

621 2553 96 92 d'Etre
800 2559 214 93 Errants,
1055 2554 56 98 ils
1152 2551 76 95 s'en
1297 2549 186 76 alloient
1552 2549 91 70 dans
1677 2548 28 68 le
1745 2560 88 79 bois

1943 2420 162 79 Conclesions
2127 2437 24 52 du
2173 2419 30 79 P^r
2230 2413 87 82 fsiel.
