4096 2784
325 82 314 86 De패partement
681 82 30 79 de
759 84 25 78 la
832 83 205 85 Marine.

507 244 216 75 Colonie

361 386 67 64 Le
508 366 60 84 S^r
655 366 40 73 de
762 375 300 90 Perrigny.

1042 1155 348 116 Aujourd'hui
1452 1164 163 94 premier
1676 1165 142 111 fevrier
1877 1169 65 97 mil
2001 1184 95 86 sept
2140 1210 95 65 cent
2272 1204 150 74 quatre
2450 1213 119 76 vinge
2620 1209 210 80 trois;
2922 1211 25 78 le
3000 1206 70 83 Roi
3108 1223 86 66 e패tant
3232 1221 17 71 a
3294 1219 195 84 Versailles,
3542 1222 40 78 sa
3635 1224 241 83 Majeste패

1146 1284 186 75 poulant
1380 1303 156 56 donner
1614 1305 36 60 au
1680 1292 49 68 S.
1758 1284 205 83 Charles
2034 1295 79 76 Lern
2172 1289 37 80 de
2238 1292 234 80 Taillevis
2544 1291 44 83 de
2659 1292 234 88 Perrigny,
2917 1299 36 80 cy
2995 1298 150 78 devant
3193 1299 216 83 Lieutenant
3445 1303 42 82 de
3511 1305 90 82 Roy
3649 1327 12 56 a
3721 1324 180 65 Leogans

1112 1376 96 76 Isle
1258 1376 51 77 S^t
1348 1376 365 84 Domingue,
1735 1376 84 83 des
1915 1390 179 68 marques
2173 1377 39 83 de
2234 1380 28 77 la
2347 1376 269 71 satisfaction
2689 1388 174 71 qu'elle
2919 1393 0 54 a
2980 1381 118 67 deset
3166 1389 185 61 anciens
3440 1390 287 62 sorvicel,
3771 1389 74 64 Elle

1111 1470 61 65 lui
1215 1470 3 65 a
1266 1469 181 73 accorde패
1507 1469 70 74 une
1657 1473 161 79 pension
1869 1468 64 84 de
1972 1475 196 77 retraite패
2242 1466 53 69 de
2357 1487 138 61 juinze
2552 1489 87 52 cent
2695 1484 156 61 Livrel
2947 1458 105 87 dont
3091 1467 30 75 il
3177 1473 87 60 soca
3321 1482 127 59 paye패
3504 1465 133 59 sans
3717 1467 150 66 retern팯

1107 1549 2 64 a
1150 1545 200 77 compter
1401 1545 53 88 du
1494 1551 167 80 premier
1727 1553 155 70 Juillet
1942 1571 38 56 mi
2040 1562 93 71 sept
2181 1566 99 68 cent
2335 1545 123 89 quatre
2488 1561 136 70 vingt
2691 1569 99 45 ug,
2838 1562 56 57 par
2930 1545 32 80 le
3010 1543 160 87 Garde
3237 1548 130 66 deson
3439 1540 161 80 Tresor
3666 1538 118 79 Roy
3826 1540 1 66 a

1102 1633 337 77 conformement
1522 1636 13 63 a
1573 1638 30 63 la
1675 1637 262 69 De패clacation
2005 1650 39 44 du
2095 1640 29 56 7.
2169 1642 187 74 janvier
2430 1639 158 77 17707.

1029 1681 22 84 et
1106 1691 66 79 pour
1227 1704 162 66 assurance
1458 1692 28 70 de
1547 1702 60 71 tout
1650 1712 21 62 ce
1739 1713 46 70 que
1848 1697 123 82 dessus,
2008 1696 40 77 sa
2104 1697 238 88 Majeste패
2405 1726 33 53 m'a
2488 1716 200 75 commande패
2732 1709 175 91 d'expe패dier
2956 1713 21 82 le
3045 1724 110 84 pre패san
3212 1719 180 94 Breve,
3423 1722 155 93 qu'Elle,
3602 1732 1 75 a
3673 1734 84 83 signe패
3807 1730 33 85 de

1019 1779 23 59 sa
1109 1775 92 76 main,
1241 1782 23 76 et
1323 1768 59 96 fait
1414 1792 100 79 contre
1552 1794 80 80 signe
1691 1797 59 79 par
1802 1799 51 78 moi
1893 1792 43 88 son
1977 1780 181 102 Conseiller
2199 1785 174 99 Secre패taire
2421 1787 139 89 d'Erai,
2594 1800 22 71 et
2670 1792 29 82 de
2754 1810 35 64 sea
2837 1802 279 90 Commandenens
3184 1811 22 94 et
3260 1804 140 93 finase패es

2203 92 290 59 deretraile.

1598 111 209 80 Brevet
1875 111 100 80 d'une
2061 150 153 66 Lension
2283 134 37 82 de
2377 151 129 68 1500.
2563 123 178 90 accorde패e
2806 132 64 82 sur
2913 117 21 88 le
3006 125 142 90 Tresor
3206 125 207 91 Royal,
3456 134 71 78 par
3584 114 222 105 De패cision

1616 197 167 98 fevrier
1856 201 150 72 1783.
2051 208 21 74 et
2095 205 91 93 dont
2227 238 36 71 la
2322 229 233 80 jou팯issance
2598 218 73 77 d'on
2744 221 117 80 avoir
2912 208 65 89 lieu
3043 208 43 104 du
3159 239 168 74 premier
3384 216 149 86 Juillet
3575 228 137 81 1781.

3862 135 3 79 d

1247 366 220 88 Au
1508 339 49 92 S^r
1622 337 236 98 Charles
1963 374 102 76 Le패su
2136 364 40 85 de
2232 349 254 111 Taillevis
2575 354 50 108 de
2681 354 264 125 Perrigny
3007 373 53 98 ne패
3095 372 45 103 le
3193 395 133 88 treime
3414 413 67 66 may
3537 415 74 74 mil
3675 417 107 68 sept
3838 419 83 74 cent

1296 457 161 73 Trente
1546 463 41 71 au
1629 457 208 82 Cha팩teau
1872 461 48 76 de
1981 463 188 86 Jupeaux
2276 491 27 66 et
2353 471 174 88 baptise패
2577 473 33 89 le
2661 487 84 79 jour
2821 491 187 71 suivant
3071 479 14 88 a
3129 480 39 92 la
3218 494 213 78 paroisse
3494 515 52 61 de
3584 498 52 81 S^t
3686 502 1 78 C

2197 545 139 61 pdevant

1274 534 50 87 du
1354 535 142 96 Gaule
1539 549 207 85 Brocere
1823 546 43 77 de
1922 552 174 87 Tours,
2141 580 134 68 aucun
2319 576 219 79 Lieutenant
2577 575 41 80 de
2670 567 106 88 Roy
2828 597 15 58 a
2908 585 259 82 Leogane,
3199 579 93 86 Isle
3344 582 61 83 S^r
3470 586 417 96 Domingue
