2496 3808
977 308 258 106 De
1344 309 170 107 par
1598 265 54 141 le
1769 253 231 142 Roy

2104 190 97 93 70.

957 632 3 80 a
1112 592 457 129 Majesté
1637 608 109 92 etant
1793 552 189 146 informé
2041 577 54 100 que
2154 556 34 93 le

831 762 182 78 mauvaiss
1100 742 92 95 Etat
1286 747 58 81 de
1369 745 30 85 la
1478 722 134 103 santé
1684 724 38 79 du
1753 729 45 68 S.
1850 715 154 74 Taillevis
2084 708 65 76 de

799 886 216 162 Perigny
1059 874 188 126 Lienenant
1304 905 2 73 d
1373 876 73 103 Roi
1488 882 28 100 à
1558 855 156 155 Leogane
1757 885 38 73 en
1826 846 123 150 l'Isle
1989 832 40 139 S^t
2057 827 262 140 Demingue,

802 1071 29 77 ne
880 1042 57 129 lui
987 1058 143 95 permee
1224 1042 48 116 de
1303 1053 4 104 c
1356 1044 65 91 pas
1506 1027 46 79 de
1594 1032 163 110 contisneur
1805 1010 58 129 ses
1929 1004 161 108 services,
2123 998 81 76 Elle

818 1218 2 89 a
852 1208 64 98 bien
990 1212 70 76 veula
1127 1200 49 84 lui
1313 1194 22 77 de
1388 1188 134 85 accorder
1587 1200 65 61 avec
1697 1181 25 98 la
1773 1184 223 89 permission
2035 1176 98 59 qu'il
2179 1173 2 56 a

823 1349 178 94 demandé
1057 1340 37 122 de
1124 1340 28 102 se
1216 1346 154 97 retirer,
1409 1352 53 99 une
1509 1322 126 124 pension
1700 1339 37 100 de
1809 1322 127 115 quinze
1992 1316 77 75 cent
2126 1305 110 84 lieures

808 1504 123 118 argent
1017 1496 44 88 de
1130 1488 150 92 France
1354 1491 74 79 dont
1486 1492 31 107 il
1562 1465 68 129 sera
1675 1471 103 118 payé
1824 1455 55 105 sur
1927 1455 39 76 les
2042 1443 123 114 fonds

817 1672 53 80 de
898 1659 36 84 St
970 1658 262 110 Dominngue
1309 1660 13 89 à
1365 1646 109 108 compl

831 1778 3 76 a
865 1768 32 97 la
920 1770 98 83 place
1056 1778 23 62 de
1117 1762 65 89 celle
1219 1776 24 72 de
1274 1772 91 75 quinze
1397 1769 49 58 cent
1485 1738 84 81 Livrs
1621 1749 112 77 argent
1768 1729 48 92 des
1835 1719 82 100 Isles
1966 1709 100 89 quElle
2087 1705 47 74 lui
2163 1711 85 63 avoit

1033 1863 163 89 Fait
1271 1889 2 60 a
1327 1853 207 96 Versailles
1628 1859 28 69 le

831 1953 83 98 fixe
970 1959 69 88 par
1073 1939 171 90 l'adean
1307 1924 180 106 dreglé
1521 1923 92 101 par
1652 1918 49 99 son
1733 1918 195 88 ordonnance
1975 1907 33 79 du
2041 1916 26 76 25
2107 1911 71 80 mars
2210 1893 114 100 1763.

835 2094 143 77 portant
1039 2075 149 91 reforme
1237 2070 42 83 des
1321 2064 92 78 Etats
1449 2071 92 80 mojon
1589 2059 22 81 de
1635 2053 73 87 cette
1736 2047 138 94 Colonie

907 2206 138 143 fait
1149 2238 2 90 a
1217 2203 224 119 fontionetteau
1506 2202 21 104 le
1583 2215 51 84 10.
1688 2202 159 127 octobre
1882 2201 108 123 1771.
