2784 4128
480 971 180 145 Ma
724 1006 179 110 pension
936 1021 56 81 est
1047 979 90 112 bien
1201 951 214 155 modique,
1447 1019 34 67 en
1536 1002 324 99 comparaison
1904 939 201 161 Surtant
2193 937 79 154 des

527 1125 286 96 apointemens
901 1126 67 96 qui
1024 1119 204 80 m'e패toient
1293 1100 172 120 regle패s,
1488 1103 91 94 vous
1627 1104 25 93 le
1692 1096 213 114 scavez,
1936 1089 401 119 Monseigneur;

515 1217 210 104 plusieurs
788 1218 41 97 de
900 1240 65 65 mes
1037 1210 257 103 camarades
1357 1208 82 87 lors
1502 1207 33 96 de
1566 1206 25 93 la
1654 1204 179 112 re패forme
1879 1215 42 100 de
1959 1199 154 115 1763.
2144 1224 32 72 en
2224 1224 121 84 eurant

542 1353 67 63 une
660 1342 59 73 sur
747 1326 30 90 la
836 1328 162 103 colonie,
1020 1339 29 86 et
1100 1323 67 99 une
1210 1323 23 103 de
1291 1346 103 76 me팩me
1431 1320 169 93 somme
1643 1328 67 90 sur
1753 1318 192 106 france.
1974 1328 37 93 je
2063 1328 22 73 ne
2151 1321 80 97 mets
2297 1332 96 77 point

527 1441 31 93 de
602 1434 145 104 bornes
814 1463 61 70 aux
920 1434 137 96 bonte패s
1108 1432 39 91 du
1192 1426 152 110 Roy,
1388 1442 46 87 ny
1479 1449 31 67 ne
1554 1436 85 75 veux
1706 1426 76 84 e팩tre
1826 1422 258 107 importun,
2121 1426 175 100 quoique

508 1551 138 99 j'ae
706 1550 198 102 beaucoup
1025 1541 168 106 'enfants
1261 1547 23 78 a
1329 1538 146 105 Elever,
1542 1558 69 62 m'en
1664 1538 229 105 raportant
1960 1531 260 108 uniquement
2264 1550 39 87 au

526 1658 90 97 coup
682 1648 135 105 d'콉uil
867 1648 60 110 que
978 1662 97 70 vous
1141 1644 172 108 voudrez
1348 1642 84 108 bien
1489 1650 120 89 jetter
1660 1644 67 92 sur
1786 1651 104 79 moi.
1950 1647 89 68 mais
2098 1647 29 68 si
2179 1649 82 73 vous

534 1771 184 86 n'aviez
776 1763 79 96 pas
913 1761 158 92 d'autre
1128 1777 139 76 moyen
1338 1775 99 73 pour
1488 1759 40 84 me
1573 1747 204 96 procurer
1828 1747 34 91 de
1906 1757 224 80 paiement
2174 1751 27 81 en

524 1857 157 103 france
740 1889 66 74 que
850 1855 97 95 celui
983 1853 83 107 l'a,
1102 1874 89 81 sans
1265 1882 141 68 croiser
1458 1866 67 73 vos
1583 1863 216 85 maximes
1857 1864 30 69 et
1931 1841 60 101 les
2064 1839 216 110 usages;

535 1990 238 92 pourquoi
824 1972 194 96 n'aurai
1069 1994 30 71 je
1158 1993 75 72 pas
1284 1968 164 92 recours
1529 1973 67 88 aux
1647 1960 150 108 bonte패s
1847 1965 46 91 du
1959 1957 134 103 Roy
2137 1961 38 79 et
2233 1966 75 83 aux

551 2081 133 95 votres
771 2075 1 85 ?
823 2075 97 85 J'ai
955 2088 82 72 bien
1103 2070 199 105 sacrifie패
1345 2084 38 76 un
1426 2073 82 98 bon
1566 2077 126 95 guard
1750 2068 45 91 de
1861 2093 45 69 ma
1956 2060 185 107 fortiene
2199 2079 16 76 a
2258 2070 60 90 son

521 2176 214 115 service,
775 2176 31 115 et
854 2201 24 77 je
925 2174 80 98 l'ai
1045 2174 95 108 servi
1195 2195 88 91 jour
1322 2192 24 72 et
1394 2188 79 84 nuit
1545 2177 39 94 de
1616 2169 79 95 bien
1743 2169 135 112 bonne
1926 2168 95 110 foy,
2061 2174 166 93 surtont

541 2292 113 111 dans
714 2289 64 100 les
838 2293 189 96 derniers
1078 2291 189 93 troubles
1336 2281 64 115 des
1469 2272 207 123 Cayes,
1700 2296 56 94 ou
1789 2268 64 121 j'ai
1905 2274 152 99 arre팩te패
2118 2261 91 124 bien
2251 2261 55 91 du

568 2402 114 97 mal,
718 2396 188 100 cherche패
943 2396 16 86 a
995 2391 204 99 contilier
1242 2391 99 83 tant
1407 2412 62 85 que
1505 2391 75 98 j'ai
1624 2411 91 76 pu팩;
1767 2410 31 71 ce
1834 2382 98 98 tems
2006 2385 39 87 la
2111 2396 16 87 a
2179 2378 83 106 bien

536 2504 219 113 de패range패
811 2497 261 115 mafortune
1118 2524 74 79 par
1224 2492 49 105 les
1337 2494 195 115 de패penses
1588 2495 438 102 extraordinaires,
2049 2511 33 79 et
2130 2482 49 105 les
2235 2495 130 95 pertes

555 2637 60 75 que
660 2612 75 78 cela
809 2612 46 78 m'a
914 2607 277 110 occationne패.
1220 2607 39 104 Je
1303 2628 83 69 n'en
1438 2627 37 86 ai
1520 2625 68 87 pas
1640 2604 90 106 plus
1790 2599 143 111 parte패
1967 2601 63 104 que
2087 2599 40 82 de
2163 2597 45 81 45
2266 2600 85 74 nuits

539 2735 138 68 qu'on
750 2703 80 85 m'a
886 2705 82 112 fait
1041 2714 97 106 pour
1201 2699 220 113 l'exemple
1476 2700 195 100 coucher
1719 2699 90 98 dans
1841 2698 32 98 le
1905 2706 122 105 corps
2058 2695 34 116 de
2140 2692 122 110 garde
2309 2692 58 90 des

518 2802 266 99 soldats,
812 2807 157 93 comme
1016 2827 28 76 si
1084 2804 171 97 j'avois
1323 2802 68 92 e패te패
1439 2814 34 69 en
1535 2807 184 96 service,
1746 2808 89 95 tout
1910 2804 164 99 malade
2128 2827 68 76 que
2244 2802 116 90 j'e패tois

545 2908 30 96 et
640 2901 88 98 pre팩t
793 2915 15 84 a
852 2907 131 92 partir
1041 2913 95 83 pour
1172 2905 139 95 france
1369 2911 102 88 pour
1522 2910 109 103 cause
1668 2907 43 106 de
1762 2910 175 100 scorbut
1995 2921 30 72 et
2076 2917 277 93 de패labrement

531 3013 152 93 totat;
736 3008 111 99 dont
887 3021 28 81 je
977 3027 34 71 me
1052 3018 150 84 ressents
1263 3013 192 84 encore.

688 3107 147 114 J'ai
884 3137 82 89 cru,
1006 3107 400 119 Monseigneur,
1439 3131 73 93 que
1553 3107 49 94 les
1675 3138 196 81 ge패ne패raux
1928 3141 163 78 avoient
2156 3105 114 108 rendu
2311 3105 57 107 des

529 3226 184 92 comptes
788 3222 34 78 de
876 3224 191 99 monzele
1108 3222 27 97 en
1196 3241 41 56 ces
1278 3226 191 87 occations
1523 3222 204 94 e패pineuses
1782 3245 54 67 au
1891 3245 34 61 ma
1972 3228 191 89 conduite
2204 3222 13 84 a
2251 3222 62 89 e패te패

537 3327 308 96 exemplaire,
865 3331 26 86 et
956 3340 66 74 mes
1074 3327 164 82 conseils
1290 3327 218 93 salutaires
1558 3340 54 86 au
1663 3352 172 76 pays,
1861 3338 34 87 et
1958 3351 67 77 que
2063 3348 87 80 tout
2213 3327 153 89 cela.

537 3443 97 76 vous
678 3435 122 112 seroit
850 3444 69 103 mis
985 3435 83 100 sous
1119 3437 47 78 les
1254 3441 91 91 yeux
1426 3437 76 89 cela
1561 3440 113 106 seul,
1717 3446 114 95 plus
1903 3455 70 93 que
2030 3453 62 74 mes
2156 3447 154 96 anciens
