3872 3040
773 344 92 93 Etoit
915 340 130 90 point
1109 337 169 86 fache,
1316 352 92 65 mais
1452 335 104 72 Bien
1620 349 33 53 de
1678 348 21 52 ce
1736 347 118 61 qu'il

776 422 223 75 Brantoit
1060 423 189 77 Encore,
1293 418 251 80 qu'ensuite
1617 415 137 79 ayant
1838 410 98 76 pris
1958 424 35 57 de

767 504 149 75 Leau,
939 501 27 83 Et
1013 502 39 74 du
1093 501 70 84 fece
1235 506 33 73 jl
1326 488 83 90 s'en
1463 484 113 91 fut.
1641 492 75 70 qui
1765 492 50 63 Est
1863 485 94 72 tout

753 593 26 80 ce
809 586 144 78 qu'Elle
1033 586 1 60 a
1077 576 52 91 dit
1195 571 145 85 savoir

923 655 224 92 Lecture
1228 675 1 61 a
1285 655 60 86 Elle
1393 657 111 82 faite
1552 666 40 69 de
1622 648 46 76 sa
1699 643 166 85 depositin
1940 654 1 61 a

769 748 55 86 dit
875 749 112 72 jcelle
1039 741 208 80 contenir
1322 734 190 85 verite,
1558 742 2 75 y
1616 731 2 84 a
1664 731 224 69 periste
1946 723 37 61 Et

769 845 2 54 a
815 820 184 77 declare
1067 816 30 69 ne
1136 817 145 77 savoir
1320 810 123 83 Ecrire
1498 828 31 62 ni
1567 804 151 84 signer
1786 809 41 57 de
1861 813 35 47 ce

753 900 211 85 Enquise
1051 886 186 85 suivant
1301 883 431 84 l'ordonnance.
1755 871 30 84 Et
1826 876 126 78 apres

757 977 144 76 qu'Elle
970 989 2 49 a
1014 972 150 79 requis
1222 963 194 75 solaire
1518 960 46 75 luy
1616 967 144 53 avons
1792 948 143 77 taxe

762 1055 33 91 la
825 1050 173 83 somme
1053 1057 40 62 de
1174 1042 109 74 huit
1325 1036 130 91 livrs.
1490 1042 104 82 aisi
1630 1030 160 91 signes
1826 1037 2 48 a
1877 1030 27 57 la

777 1125 173 75 minutte
1058 1121 194 95 DEcopin
1335 1119 33 75 Et
1405 1126 252 84 Caramajor
1720 1115 207 81 Greffier.

1196 1250 170 92 Dudit
1415 1253 92 86 jour
1583 1247 136 78 apres
1750 1234 151 89 midy.

436 1379 6 76 3
510 1375 96 92 &d^r
784 1353 90 98 Jean
946 1349 245 109 Baptiste
1262 1344 216 95 Jordain,
1505 1347 187 95 Curaleur
1756 1356 97 78 aux

758 1425 214 79 succcessions
1013 1424 209 74 vavants
1262 1428 33 61 de
1324 1424 128 67 celle,
1481 1406 339 85 jusisdition,
1844 1405 179 60 demeurant

747 1506 30 71 En
824 1504 29 80 ce
883 1500 212 76 quartier
1153 1496 29 78 Et
1213 1499 205 73 paroisse
1476 1499 189 65 d'aquin,
1695 1486 66 67 age
1800 1479 192 59 d'Environ

744 1579 123 69 trente
937 1581 98 74 ans,
1078 1568 137 91 lequel
1277 1565 124 91 apres
1437 1558 214 87 serment
1700 1561 92 81 par
1847 1555 48 83 luy
1938 1547 84 71 fais

754 1657 32 70 de
822 1656 79 57 dire
968 1651 142 73 verite
1160 1655 23 67 Et
1218 1647 95 74 qu'il
1369 1660 89 45 nous
1494 1659 1 47 a
1530 1650 43 50 dit
1635 1652 1 45 e
1682 1641 59 65 Etre
1796 1633 178 63 parent

759 1743 130 67 allie,
918 1736 190 62 serviteur
1166 1730 30 60 ni
1237 1715 306 71 Domestique
1606 1725 54 56 des
1691 1719 161 55 partis
1920 1704 30 56 Et

761 1829 82 49 nous
877 1829 2 44 a
933 1806 260 87 reprerente
1251 1795 229 94 l'exploit
1534 1785 363 93 d'assignation

751 1908 3 77 a
780 1900 65 85 luy
894 1896 148 81 donne
1119 1890 87 66 par
1268 1882 175 74 Grauge
1509 1868 181 89 huuissier
1745 1863 19 62 le
1797 1859 196 69 trentieme

755 1977 32 47 du
838 1970 91 59 mois
984 1969 163 69 daoust
1212 1965 204 67 gernier,
1450 1960 114 68 pour
1616 1952 185 75 deposer
1870 1948 2 45 a
1905 1942 29 61 la

751 2051 162 77 requete
966 2049 39 85 de
1034 2053 100 78 jean
1199 2039 211 91 Thomy,
1470 2037 26 84 le
1525 2033 259 81 procureur
1838 2020 142 65 fiscal

755 2121 157 65 joint.

876 2173 213 83 Depose
1159 2163 62 83 sur
1255 2169 39 78 les
1340 2170 110 69 faits
1503 2169 265 65 mentionnes
1814 2146 45 60 en
1892 2141 33 62 la

750 2274 201 79 plainte
1020 2258 269 76 E'nouvelle
1347 2258 179 74 requete
1585 2241 120 79 dudit
1752 2244 80 71 jean
1867 2229 130 84 Thomy

751 2358 217 67 dequelles
1019 2346 88 69 luy
1168 2341 136 60 avons
1349 2330 103 71 fait
1518 2318 228 70 lecture,
1787 2319 112 63 qu'il
1950 2322 2 49 a

738 2437 174 58 Intendu
997 2436 70 50 dire
1147 2435 42 46 au
1246 2416 199 62 nomme
1509 2395 143 73 Gislet
1718 2381 238 71 habitant

745 2530 44 56 au
822 2494 200 87 quartier
1079 2492 37 71 de
1155 2496 185 74 anglois
1391 2503 72 63 que
1507 2471 84 88 s'En
1659 2464 296 79 Revenant

750 2611 43 37 un
873 2583 158 69 Certain
1122 2575 261 73 Dimanche
1478 2586 106 57 qu'il
1635 2584 29 43 ne
1700 2563 99 67 peut
1868 2557 165 70 cotter;

743 2676 39 70 En
840 2663 326 100 compagnie
1243 2670 138 66 dudit
1437 2656 217 94 Thomy,
1690 2666 126 78 apres
1852 2649 119 55 avoir

1326 2736 1 76 2

2463 322 132 91 quilte
2651 318 74 95 luy
2774 318 275 92 deposant,
3093 313 33 72 au
3184 310 136 95 Bourg
3379 317 231 77 d'aquin,

2457 410 109 77 ieluy
2631 404 137 74 Gillet
2822 398 142 79 trouva
3018 408 91 65 par
3153 392 30 77 le
3237 385 165 82 travers
3445 385 40 64 de

2471 475 284 88 l'habitation
2873 477 31 69 du
2964 466 190 80 nomme
3196 456 168 86 coutois
3401 457 19 58 le
3475 463 188 50 nomme

2469 562 169 85 janson
2723 565 83 77 qui
2847 548 151 83 donna
3076 544 34 68 un
3177 541 76 88 coup
3320 547 33 78 de
3388 532 225 75 pistolet

2462 647 26 70 ae
2522 634 176 82 poche
2774 625 127 64 audit
2966 619 218 82 Thomy,
3224 616 145 84 lequel
3452 607 223 67 marchoit

2461 723 168 53 derriere
2702 704 64 69 luy
2831 704 115 63 fillet
3015 695 159 69 Eviron
3234 688 149 72 quenze
3443 692 34 49 ou
3518 681 130 70 vingt

2433 796 137 87 opas;
2613 782 245 80 qui'enuite
2920 766 118 91 ledit
3067 765 152 86 panson
3266 755 105 75 prit
3426 749 30 75 le
3510 745 111 89 jolop

2456 874 33 88 En
2532 870 84 90 s'En
2657 868 162 87 fuyant
2885 858 35 70 de
2980 853 87 80 Cote
3114 861 29 74 de
3171 857 29 74 la
3259 841 180 60 Riviere
3494 830 205 82 d'aquin.

2461 958 56 65 qui
2564 951 45 64 let
2661 946 74 67 tout
2789 940 149 84 cequie
2998 935 95 83 adit
3128 928 207 73 savoir.

2622 1009 183 99 Lucture
2841 1021 78 83 alun
2966 1025 113 81 faite
3127 1006 33 100 de
3188 1004 33 100 sa
3248 1003 244 101 deposition
3566 1002 2 59 a
3596 1001 55 60 dit

2461 1115 93 78 jcelle
2601 1108 178 72 contenie
2838 1099 118 91 verite
2997 1107 1 58 y
3046 1091 277 84 apeniste,
3354 1094 5 75 a
3379 1076 149 91 signe,
3567 1067 46 59 Et

2466 1185 95 80 apres
2606 1185 79 71 qu'il
2726 1197 2 44 a
2775 1182 138 69 requis
2953 1169 191 71 salaire
3229 1160 52 66 luy
3326 1157 116 61 avons
3477 1145 132 58 tuxe

2462 1259 23 93 la
2520 1254 153 90 somme
2722 1257 28 83 de
2825 1248 94 76 huit
2975 1232 132 92 livre.
3130 1231 133 84 Cainsi
3299 1219 145 96 signes
3478 1222 5 51 a
3520 1215 33 56 la

2460 1331 159 87 aingutte
2712 1320 212 83 josdain.
2963 1312 228 94 D'Ecopin.
3214 1314 37 80 Et
3282 1307 239 91 Casamgjou
3562 1298 102 74 Greffe

2509 1454 558 79 Lainutte
3143 1445 30 74 de
3213 1443 20 75 la
3272 1441 194 76 presente
3536 1447 145 57 addition

2475 1559 308 71 d'information
2865 1548 44 55 Est
2957 1546 119 60 cottee
3122 1539 26 52 Et
3185 1534 266 69 paraphee
3503 1530 39 43 au
3580 1523 74 62 bas

2474 1645 27 50 de
2540 1634 187 86 chaque
2777 1626 119 81 page
2966 1614 82 86 par
3087 1621 27 78 le
3154 1618 88 77 juge
3293 1605 21 51 Et
3347 1602 59 65 Est
3451 1591 221 76 Egalement

2459 1707 117 76 signee
2642 1706 36 63 en
2727 1701 144 68 Basde
2925 1687 225 72 Chane
3216 1667 190 89 d'jculles
3460 1677 70 61 par
3596 1664 36 52 un

2457 1788 130 66 temoin
2649 1758 216 87 seulement
2927 1755 32 85 le
2997 1758 89 78 juge
3154 1749 31 66 Et
3217 1752 32 58 le
3304 1739 235 81 Greffier,
3589 1730 55 70 les

2476 1861 90 90 deux
2627 1852 112 90 autre
2797 1834 183 96 Lemoins
3024 1825 133 93 ayant
3202 1822 162 71 declare
3402 1828 32 78 ne
3464 1812 23 92 le
3512 1805 173 74 savoir.

2723 1988 89 84 soit
2856 1982 328 78 commnuque
3237 1994 33 57 au
3303 1970 224 72 proueur
3575 1958 115 70 fiscal

2556 2085 89 73 pour
2681 2075 72 81 sur
2794 2075 49 73 ses
2857 2065 241 71 conclusion
3169 2054 71 60 Etre
3294 2047 201 60 ordonne
3527 2032 31 75 ce
3589 2028 76 65 que

2486 2168 33 48 de
2545 2150 129 64 droit,
2715 2140 115 75 fait
2876 2150 3 49 a
2935 2145 133 59 aquin
3119 2124 27 51 ce
3173 2128 203 54 deuxiem
3466 2103 196 76 septembre

2486 2234 56 52 mil
2601 2220 79 76 sept
2722 2214 83 75 cent
2863 2207 63 79 dix
2995 2202 107 77 neu.
3160 2194 118 82 signe
3317 2192 4 50 a
3345 2194 19 47 la
3411 2178 194 62 minutte

2465 2288 248 93 D'Ecopin.

2812 2324 5 50 "

2666 2370 3 100 V
2860 2364 223 100 l'addition
3160 2349 358 111 d'information
3647 2375 0 71 y

2473 2474 126 82 desues
2637 2473 3 62 E
2697 2478 78 57 aux
2854 2468 132 76 autres
3032 2460 177 73 parts,
3261 2452 359 66 l'ordonnadce

2474 2554 147 71 qu'Elle
2674 2567 89 56 nous
2804 2544 83 72 soit
2940 2538 435 78 communiquee;
3417 2541 23 58 je
3488 2529 169 80 requier

2477 2651 69 63 que
2595 2632 45 69 la
2720 2626 187 80 sentence
2969 2628 33 78 de
3062 2621 94 73 mort
3211 2607 189 93 Rendue
3448 2625 88 69 par
3604 2605 38 77 le

2161 2074 127 101 ord^e
