2720 3512
39 428 44 65 ant
144 428 19 61 et
205 413 20 88 il
273 414 50 81 fut
364 419 143 88 convenu

42 522 2 59 0
95 512 80 80 qu'il
208 517 151 81 payeroit
428 524 31 73 au

39 588 129 85 digne패es
232 599 59 66 par
361 592 88 73 M.
472 593 24 67 de

60 680 21 100 il
130 692 0 73 y
186 677 153 99 seroit.

45 779 309 97 onseigneur,
387 782 88 92 qu'il

46 879 30 59 tes
120 877 112 61 choses
276 884 26 54 en
358 874 108 64 l'e패tat

35 957 69 75 qu'il
142 958 43 70 lui
238 957 102 73 seroit
377 957 75 74 tenu

61 1100 56 83 lieu
152 1096 31 88 de
225 1098 218 85 s'apercevoir

39 1214 34 63 per
111 1216 54 60 bien
212 1205 233 70 exuctement

65 1309 19 45 et
130 1309 69 45 rec퍊ut
260 1309 42 55 une
352 1309 122 54 re패ponse

53 1374 149 63 tendant
263 1373 100 61 disoit

37 1474 54 71 uene
131 1484 94 61 juge패es
275 1472 217 69 ne패cessaires.

48 1540 17 73 le
99 1552 22 61 S.
144 1539 135 73 lagueau
313 1541 28 70 de
369 1541 113 78 larisse

97 1647 156 56 mauvais
315 1647 62 61 e패tat
435 1646 31 58 du

40 1716 173 66 igneur,
264 1730 71 61 vous
386 1722 26 69 le

50 1798 73 67 avoit
169 1798 161 75 produits
401 1822 10 51 a

91 1902 48 55 son
186 1898 123 68 compte
366 1898 29 61 de

52 1966 243 69 L'Inge패nieur,
324 1974 0 53 &
400 1970 67 65 tout

48 2040 0 82 a
98 2042 33 80 du
181 2049 272 73 Gouvernement

56 2136 39 90 C^te
120 2145 25 59 de
177 2138 203 92 Bessunce
431 2157 44 63 qui

62 2239 42 64 lui
137 2237 131 69 refuser

49 2329 117 72 oique패,
201 2332 78 65 sans
338 2333 29 55 en

97 2419 50 66 M.
173 2418 19 78 de
223 2415 134 94 Clugny
382 2421 133 82 Compris

52 2509 75 71 finir
172 2522 60 59 cette
272 2507 150 68 affaire.

42 2622 82 59 avec,
161 2591 367 89 Monseigneur,

68 2717 67 41 me,
158 2700 60 56 tout
261 2698 76 57 e패toit
383 2699 104 54 dans

71 2783 18 76 de
114 2778 138 90 Clugny
288 2778 51 80 qui
375 2779 39 63 en
457 2779 1 65 a

42 2879 18 54 je
108 2870 47 64 M.
170 2864 19 68 le
226 2862 109 78 Comte
389 2859 40 59 de

50 2954 52 62 bien
162 2955 154 57 Tremais

40 3061 151 64 reverent
240 3044 214 81 suffisant

1046 420 69 91 pour
1157 416 0 86 y
1191 410 70 94 loger
1303 415 132 94 presque
1462 407 64 80 tout
1568 420 27 85 un
1650 405 154 99 Re패giment
1860 403 146 91 officiers
2048 416 20 71 de
2116 401 112 91 soldats
2284 418 83 81 sans
2430 419 0 66 y

1025 482 83 93 faire
1134 489 25 75 de
1197 482 142 88 de패pense.

1103 558 32 78 En
1167 558 58 84 vain
1276 566 13 64 le
1321 558 26 80 S.
1366 558 13 93 de
1411 558 148 93 Perigny,
1578 558 71 75 dans
1700 560 32 70 les
1764 558 129 83 derniers
1925 556 83 85 tems
2066 556 26 78 de
2124 577 19 54 sa
2188 581 161 62 re패sidence
2394 581 0 68 a
2439 568 25 81 S^t
2490 559 77 90 Dg^n

1038 653 131 72 s'est-il
1203 645 137 73 pourvu팩
1379 669 57 58 vers
1493 655 63 58 M.
1573 652 22 67 de
1618 660 193 68 Bongars,
1834 649 17 68 le
1902 649 103 79 Defaut
2050 659 23 60 de
2107 651 170 80 Signature
2329 661 22 58 de
2385 658 40 63 M.
2442 655 23 80 de
2488 659 99 76 Clugne

1041 743 24 56 au
1108 733 58 66 pied
1204 734 39 65 des
1296 733 77 66 Etats
1421 730 58 69 dont
1522 729 53 70 M.
1599 729 134 70 Lagneau
1772 729 58 70 dela
1859 748 57 50 risse
1960 731 39 67 lui
2041 738 73 60 avoit
2162 741 96 57 donne패
2301 732 30 66 un
2378 736 106 62 double

1026 813 125 82 ci-joint
1206 809 38 75 l'a
1286 813 138 82 empe팩che
1479 807 19 75 de
1522 807 39 87 lui
1603 813 131 82 octroyer
1765 807 25 65 la
1827 807 156 65 demande
2032 807 50 65 des
2132 807 111 77 6014^lt
2268 825 12 59 a
2318 827 68 64 quoi
2436 815 18 57 il

1032 889 119 73 s'e패toit
1205 889 89 74 re패duit
1342 889 41 74 des
1419 897 54 77 tout
1526 895 143 82 principe
1711 891 24 70 de
1770 891 149 79 demande
1973 917 24 45 et
2038 893 18 80 il
2092 893 36 83 l'a
2175 902 149 79 renvoye패
2360 918 12 47 a
2407 907 24 72 se
2467 915 125 58 pourvoir

1039 995 22 50 au
1110 979 167 66 Ministre
1326 979 27 65 de
1384 981 18 63 la
1456 983 175 61 Marine.

1134 1073 230 107 Pourquoi,
1392 1082 27 90 le
1455 1076 33 91 S.
1518 1080 25 79 de
1573 1069 143 107 Perigny
1754 1097 1 56 a
1810 1065 180 92 l'honneur
2029 1080 31 78 de
2099 1084 149 76 recourir
2303 1091 0 68 a
2366 1092 86 72 vous

1034 1190 473 84 Monseigneur,
1543 1198 138 73 pourque
1742 1185 45 77 vu팩
1810 1187 101 73 l'Etat
1967 1182 25 75 de
2016 1182 125 86 de패pense
2178 1187 137 81 ci-joint
2371 1188 142 75 certifie패

1042 1290 55 61 par
1140 1285 33 76 M.
1201 1281 131 80 Lagneau
1376 1284 21 61 de
1425 1286 109 64 Larisse
1578 1294 16 49 et
1638 1279 148 71 l'expose패
1824 1289 27 64 au
1901 1284 125 72 pre패sent
2092 1278 181 68 me패moire,
2322 1276 76 64 vous
2442 1279 88 71 ayez

1038 1357 26 83 la
1119 1356 89 85 bonte패
1251 1360 26 73 de
1301 1354 45 74 lui
1389 1357 107 75 allouer
1533 1362 26 65 la
1621 1352 126 87 modique
1790 1358 120 81 somme
1960 1355 32 80 de
2035 1352 107 78 6014^lt
2161 1370 12 56 a
2205 1364 62 69 quoi
2299 1361 18 64 il
2349 1367 75 63 s'est
2462 1362 100 70 re패duit

1046 1457 188 63 consentant
1295 1444 100 69 perdre
1439 1446 56 62 tout
1533 1456 0 58 a
1572 1443 61 77 fait
1683 1444 16 65 le
1749 1449 61 76 reste
1854 1454 50 71 qui
1937 1446 45 66 lui
2015 1463 39 54 est
2103 1445 61 80 bien
2214 1445 288 80 le패gitimement

1042 1514 41 74 du팩
1124 1532 98 69 depuis
1264 1520 74 81 1763
1379 1539 19 54 et
1440 1539 49 62 que
1537 1533 68 55 vous
1659 1519 140 69 veuillie,
1835 1521 55 79 bien
1944 1525 44 78 lui
2029 1535 31 67 en
2096 1522 80 84 faire
2230 1523 152 82 expe패dier
2412 1526 181 75 l'ordonanct

1029 1608 48 66 sur
1103 1603 15 71 la
1165 1603 109 71 Caisse
1314 1603 35 94 de
1390 1603 34 91 S^t
1465 1603 183 88 Domingue
1710 1608 0 63 &
1771 1611 75 86 ferez
1906 1606 164 84 Justice.
2104 1623 27 62 et
2179 1623 20 57 ne
2253 1607 116 90 cessera
2417 1603 170 91 l'Exposant

1031 1689 28 103 de
1100 1691 75 110 faire
1217 1695 48 84 des
1301 1698 117 81 voux,
1454 1689 344 121 Monseigneur
1852 1709 63 101 pur
1942 1706 82 104 votre
2060 1691 90 111 sante패
2177 1694 18 107 et
2250 1690 262 116 prospe패rite패

1787 1815 75 86 taIn
