2592 3232
296 159 120 105 Tach

276 231 95 91 Tan

380 443 7 217 5

1022 228 0 40 S
1203 228 291 62 Mongue

690 296 48 81 Le
784 296 47 81 S^r
885 296 94 81 Tach
1071 303 312 102 arqueburier
1428 333 41 68 au
1521 304 80 101 Cap
1677 317 148 88 ayant
1879 312 78 83 tué
2011 303 24 86 le
2096 316 188 72 nommé

569 404 114 95 Tan,
719 408 21 100 le
790 410 150 98 procès
983 405 71 103 luy
1111 421 0 64 a
1168 405 57 103 été
1268 405 86 99 fait
1404 429 86 78 par
1547 415 328 79 contumace,
1897 431 28 50 et
1975 418 22 62 jl
2047 417 0 63 a
2097 412 149 71 Été–

555 518 238 72 condamne
841 535 0 46 a
896 517 67 75 etre
1012 518 164 87 pendu
1243 531 91 74 par
1383 516 213 80 sentence
1650 513 56 88 du
1747 529 104 72 juge
1911 526 38 52 de
1984 508 32 68 la
2076 508 280 70 parisdiction

554 605 42 118 du
637 625 51 98 17.
738 603 100 120 7^bre
905 610 109 113 766.
1047 622 34 98 jl
1139 609 226 96 demande
1424 613 319 110 aujourd'huy
1791 610 59 68 des
1899 603 160 87 lettres
2092 607 34 113 de
2176 609 185 82 Grace.

758 745 42 70 yl
864 728 176 76 resulte
1099 728 41 74 de
1181 727 30 82 la
1270 725 282 86 deposition
1616 740 212 63 unanime
1881 723 35 68 de
1963 725 94 67 tous
2092 723 47 69 les
2180 721 194 72 temoins

559 836 45 92 au
656 826 187 77 nombre
902 831 45 73 de
999 824 142 102 huit,
1179 845 67 81 que
1291 833 30 76 le
1358 823 52 81 13.
1446 832 39 72 du
1551 838 91 70 mois
1685 821 32 100 de
1783 841 91 80 may
1909 823 136 94 1766.
2074 815 31 77 le
2163 825 166 64 nommé

552 933 78 86 Tan
700 945 47 63 est
802 945 102 71 venu
958 928 110 87 dans
1107 930 31 84 la
1209 925 242 100 Boutique
1506 939 47 70 du
1600 923 39 86 S^r
1691 919 112 92 Tach
1871 917 105 85 avec
2021 918 143 100 lequel
2208 916 112 91 jl–

556 1039 120 88 vivoit
730 1037 368 89 familierement
1165 1047 107 70 pour
1325 1055 0 64 y
1379 1027 327 88 accommoder
1752 1047 48 61 un
1846 1023 183 90 outil;
2066 1035 69 78 que
2186 1019 164 88 quelque

541 1131 92 98 tems
684 1136 126 101 après
861 1129 25 80 le
928 1126 43 84 S^r
1021 1125 102 92 Tach
1197 1128 0 82 a
1265 1152 67 65 mis
1382 1151 0 60 a
1433 1124 68 88 son
1559 1132 94 86 Etoc
1709 1147 46 79 un
1801 1129 189 94 pistolet
2036 1129 64 91 qui
2137 1112 63 107 luy
2238 1109 121 72 avoit

541 1222 63 72 Eté
648 1225 119 68 remis
805 1227 19 75 le
893 1219 119 89 matin
1069 1244 69 64 par
1182 1224 19 74 le
1251 1215 38 86 S^r
1339 1215 182 90 Vrignau
1578 1240 101 63 pour
1728 1222 158 77 récoler
1935 1238 33 43 un
2035 1206 190 74 morceau
2274 1206 46 71 de

544 1310 80 70 bois
676 1335 0 43 a
734 1310 177 101 L'afut,
940 1321 29 88 et
1021 1330 58 77 que
1123 1334 30 55 ce
1204 1323 176 83 pistolet
1432 1307 176 82 s'Etant
1658 1307 163 82 trouvé
1856 1305 215 100 chargé,
2096 1305 26 69 le
2155 1308 92 80 coup
2302 1303 48 67 est

558 1406 160 81 parti,
745 1408 100 83 sans
885 1429 107 58 qu'on
1052 1402 160 83 scache
1259 1408 213 79 comment,
1492 1409 27 73 et
1572 1416 0 65 a
1632 1401 121 82 Porté
1786 1398 73 86 sur
1898 1409 29 74 le
1972 1411 154 68 nommé
2158 1396 76 76 Tan
2291 1396 57 84 que

553 1514 30 51 en
639 1502 43 72 est
749 1500 92 69 mort
903 1499 98 86 deux
1050 1499 43 68 ou
1136 1497 99 73 trois
1265 1497 154 83 heures
1468 1508 160 73 aprés.
1664 1513 38 65 on
1756 1517 31 50 ne
1828 1493 150 77 trouve
2026 1494 173 62 dans–

546 1595 351 96 l'information
956 1610 33 77 ni
1035 1608 153 78 preuve
1247 1617 33 53 ni
1327 1587 205 93 soubçon
1596 1611 61 67 que
1703 1600 55 62 cet
1801 1586 220 76 accident
2072 1579 62 66 ait
2185 1578 68 65 Eté

566 1692 178 82 precédé
791 1691 185 80 d'aucune
1035 1689 218 88 disputé,
1279 1689 20 78 le
1352 1705 160 69 nommé
1548 1689 82 81 Tan
1680 1707 3 59 a
1753 1698 108 61 même
1910 1677 194 66 declaré
2150 1678 139 77 aux–

547 1785 192 82 temoins
784 1796 77 70 qu'il
906 1785 109 60 avoit
1059 1790 192 67 toujours
1290 1775 70 83 bien
1411 1800 97 56 veçu
1564 1797 105 58 avec
1710 1775 23 78 le
1781 1770 35 73 S^r
1857 1766 111 75 Tach
2030 1762 36 82 et
2127 1761 168 84 qu'on–

557 1879 26 58 ne
636 1873 137 96 devoit
832 1873 209 95 imputer
1093 1872 20 74 le
1145 1870 92 96 coup
1296 1884 78 80 qu'il
1426 1873 139 71 venoit
1608 1866 35 74 de
1680 1876 192 75 recevoir
1915 1868 80 83 qu'a
2052 1862 41 56 un
2164 1870 1 48 –

535 1967 260 75 Evenement
849 1971 244 73 parement
1163 1969 325 79 malheureux.

744 2083 77 92 Lipp
865 2086 159 78 andance
1061 2081 58 77 duy
1143 2090 1 69 S
1232 2077 90 81 fach
1403 2082 78 66 qu'o
1535 2083 29 62 eu
1598 2065 29 77 le
1661 2059 48 72 S^r
1735 2049 94 89 Tach
1881 2033 335 98 d'accommoder

563 2188 32 50 un
634 2154 137 96 Pitole
851 2185 88 59 saus
972 2192 144 56 faroin
1156 2189 136 64 airié
1332 2175 40 55 est
1428 2180 24 65 un
1508 2164 113 77 quari
1656 2141 46 101 de
1721 2134 53 108 lif
1824 2136 73 105 qui
1936 2129 219 111 s'afferant
2227 2132 0 63 –

912 2143 19 53 la
972 2141 83 62 mort
1092 2144 37 57 da
1180 2140 120 63 Nonné
1328 2139 60 56 sai
1420 2136 51 63 qui
1503 2147 46 46 s'en
1582 2147 0 41 e

555 2291 97 56 pour
695 2264 181 82 justifier
920 2271 29 69 le
1004 2257 362 83 condannation
1420 2259 76 68 qu'il
1538 2249 3 67 a
1588 2244 171 75 estayée

718 2379 329 84 L'imprudence
1090 2397 72 63 qu'a
1212 2394 33 59 eu
1289 2375 20 75 le
1347 2360 156 86 Rommé
1537 2361 36 79 la
1626 2346 55 80 S^r
1721 2347 89 79 Tach
1863 2328 381 82 d'acconmoder–

558 2466 40 61 un
642 2455 136 71 Pistolet
827 2449 80 73 sans
945 2450 130 70 l'avoir
1124 2455 125 61 visité
1282 2449 23 64 et
1353 2449 25 63 la
1421 2453 114 57 Mort
1578 2440 35 67 du
1656 2431 172 75 Nommé
1860 2421 73 65 Tan
1980 2422 64 61 qui
2076 2415 58 66 seu
2166 2417 41 62 es

543 2543 171 55 ensuivie,
732 2534 273 77 Caracterisent
1054 2540 37 69 un
1133 2535 103 71 quari
1284 2521 99 75 delit
1428 2508 242 91 suffisant
1714 2516 107 66 pour
1853 2499 197 76 justifier
2092 2494 25 55 la
2183 2500 1 46 –

542 2612 300 61 condamnation
897 2603 67 81 qu'il
991 2617 0 65 a
1036 2621 160 65 essyée,
1224 2619 83 53 mais
1341 2595 62 78 c'est
1444 2585 430 87 particulierement
1932 2589 96 68 pour
2054 2576 41 54 ces
2130 2567 120 61 sortes

548 2682 29 65 de
608 2678 73 76 Cas
713 2699 55 52 que
800 2679 17 70 le
866 2695 77 50 Roy
991 2693 143 54 reserve
1188 2666 39 77 sa
1265 2671 248 70 Clemence,
1531 2674 20 58 et
1591 2657 30 67 la
1663 2655 280 74 demandada
1985 2649 30 67 S^r
2056 2645 95 72 Tach

550 2757 121 82 paroit
727 2754 145 67 d'aotet
928 2748 64 80 pelu
1060 2749 260 78 fevocable
1367 2753 33 58 en
1436 2731 115 77 Paroit
1592 2727 143 84 d'autant
1776 2731 77 74 plus
1888 2718 117 85 degue
2046 2724 58 77 que
2145 2711 79 68 tout

537 2833 171 59 concourt
757 2825 78 65 dans
869 2831 24 58 la
952 2817 243 71 procedure
1244 2835 0 51 a
1293 2813 225 73 damontrer
1559 2810 56 73 son
1647 2802 196 74 jnnocende
1890 2801 85 66 dans
2001 2794 223 62 l'entention.

546 2887 25 57 si
613 2887 241 70 Monseigneur
900 2892 206 65 l'approuve
1158 2903 30 45 ou
1230 2881 205 72 expediere
1480 2899 37 46 un
1558 2874 165 73 Brevet
1763 2873 37 60 de
1840 2872 150 60 Groce
