2976 3856
1226 263 524 159 Aujourd'huy
1827 290 76 114 est
1969 271 394 150 Comparu
2460 265 198 131 devant

975 438 160 99 Les
1182 444 296 108 Notaires
1612 471 65 78 du
1748 458 168 105 Roy
1978 459 50 93 au
2081 456 122 111 Cap
2305 465 351 113 soussignés

1006 574 158 126 Sieur
1254 583 467 113 Mathurin
1819 593 349 131 Raffina
2276 612 348 114 apoticaire

1002 725 335 115 demeurant
1418 763 46 80 en
1554 748 115 97 cette
1716 753 139 98 ville
1979 742 332 126 Lequel
2405 763 0 84 a
2464 756 111 110 dit

996 862 33 77 et
1089 863 232 117 declaré
1410 889 88 93 qui
1549 897 41 89 ce
1619 897 102 86 jour
1834 893 241 76 environ
2173 892 162 106 d'enx
2427 896 209 95 heures

996 968 41 97 de
1098 970 308 124 Rellevee
1499 1012 190 87 ayant
1743 997 238 111 entendu
2089 1016 104 85 un
2270 1005 158 114 Coup
2537 1027 64 84 de

974 1111 235 107 Pirtolet
1282 1123 32 102 jl
1395 1123 70 100 se
1508 1122 191 107 seroit
1832 1126 394 114 Transporté
2315 1150 152 96 vers
2526 1145 54 95 le

971 1263 126 82 Lieu
1176 1293 46 80 ou
1264 1285 31 86 jl
1374 1282 215 92 croyoit
1689 1292 142 80 avair
1917 1281 83 94 êté
2086 1287 126 98 tirés
2298 1304 126 90 qu'en
2504 1294 149 104 effet

999 1419 170 89 ayant
1251 1409 253 107 aproché
1556 1409 54 107 de
1655 1435 32 74 la
1753 1416 177 103 moison
2005 1417 47 93 du
2103 1425 132 101 Sieur
2362 1425 236 108 Tach.

985 1580 306 84 arnurier
1365 1580 376 102 demeurant
1822 1612 47 56 en
1960 1583 116 109 cette
2135 1585 138 113 ville
2409 1605 86 84 rüe

967 1704 309 126 Espagnole
1366 1714 46 122 Il
1511 1720 104 91 l'en
1690 1737 163 115 auroit
1926 1733 105 121 vu
2097 1743 181 95 sortir
2361 1773 53 72 en
2471 1773 172 88 criant

984 1903 92 84 que
1147 1880 238 121 Comme
1431 1914 53 88 jl
1563 1934 2 51 a
1636 1896 253 115 entendu
1978 1904 334 109 demander
2409 1928 107 91 un

964 2033 332 135 Chirurgien
1363 2079 46 91 jl
1494 2050 193 122 seroit
1763 2060 159 113 entré
2024 2071 141 100 chez
2241 2068 193 127 Ledit
2493 2075 124 114 sieur

961 2204 200 137 Tach
1251 2235 49 110 ou
1363 2259 40 83 jl
1494 2266 2 70 a
1541 2252 199 98 trouvé
1850 2254 77 96 un
2027 2227 264 138 homme
2373 2245 217 122 étendu

957 2377 120 135 Sur
1119 2381 30 108 le
1209 2384 273 130 Carreau
1615 2438 137 89 quon
1868 2404 75 121 lui
2039 2403 3 117 a
2093 2404 92 123 dit
2282 2450 137 82 avoir
2508 2452 73 75 reçu

1003 2564 72 106 un
1144 2567 168 127 Coup
1390 2595 63 76 de
1513 2574 282 131 Pistolet,
1863 2603 327 106 qu'ayant
2276 2592 291 111 demande

958 2764 2 67 a
1057 2751 86 90 cet
1214 2742 275 115 homme
1586 2784 118 78 que
1851 2757 224 106 l'avoit
2199 2769 289 116 Blessé
2538 2775 41 110 jl

948 2918 98 102 lui
1112 2954 2 74 a
1249 2932 255 124 repondu
1612 2972 89 83 que
1819 2945 186 114 cétoit
2157 2956 80 99 un
2321 2958 208 131 Coup

991 3110 414 108 malheureux
1546 3133 47 116 et
1662 3166 101 84 que
1850 3142 38 113 le
1949 3127 127 124 sieur
2271 3131 172 110 Tach
2549 3166 63 88 ne

950 3293 236 140 L'avoit
1249 3321 96 107 pas
1418 3303 133 135 fait
1633 3315 272 129 expres,
1988 3340 67 79 de
2109 3341 292 114 laquelle

2578 3363 3 79 8
