2624 3968
416 228 5 82 d
490 178 139 106 LR.

156 880 11 62 1

1547 586 2 55 M
1723 586 120 54 Ceot
1899 586 0 50 d

1346 740 1 80 M
1457 727 38 83 de
1524 713 171 104 Tailleves
1739 711 31 97 de
1798 707 172 108 Perigny
2006 738 38 75 cy
2072 718 135 92 devant
2243 707 142 102 Lieutene

1325 813 35 68 de
1385 810 64 70 Roy
1488 828 0 50 a
1548 806 167 71 Leogane
1765 820 0 54 a
1798 802 140 71 obtenû
1981 813 31 58 sa
2051 800 143 70 retracte
2243 820 30 47 au
2317 801 84 65 mois

1327 875 35 70 de
1419 872 74 74 ꝯ^bre
1538 872 74 74 1771
1663 875 69 71 avec
1777 880 57 66 une
1867 866 143 81 pension
2072 864 24 81 de
2129 864 75 79 1500
2260 861 120 76 argent

1322 943 36 79 de
1381 939 126 79 france
1560 935 161 87 payable
1769 945 0 66 a
1805 940 41 64 S^t
1881 932 263 82 Domingue.
2184 925 20 71 Il
2243 921 181 81 demande

1317 1022 1 51 a
1370 1000 61 93 etre
1476 1016 93 75 payé
1615 1002 35 78 de
1688 998 75 81 cette
1807 989 160 93 pension
2019 997 35 75 en
2092 980 159 91 France
2310 991 28 61 et
2403 983 1 66 &

1334 1066 206 89 représente
1596 1064 68 88 qu'il
1708 1073 0 68 a
1758 1070 50 76 une
1856 1058 202 83 nombreuse
2099 1051 139 87 famille
2292 1064 2 63 a
2335 1049 120 76 Elever

1332 1136 108 83 qu'un
1475 1143 191 71 payement
1701 1130 119 80 exacte
1879 1132 31 75 de
1938 1132 32 77 sa
1998 1141 173 68 pension
2230 1119 60 84 luy
2325 1116 55 83 est

1279 1199 345 95 L'absolument
1704 1195 191 90 ncessaire
1964 1203 32 68 et
2040 1193 78 81 qu'il
2147 1179 255 97 eprouveroit

1208 1271 224 111 onseigneul
1465 1267 70 99 des
1579 1265 161 86 retards
1794 1261 311 99 tresgenants
2143 1262 105 97 pour
2294 1245 89 110 luy

1342 1354 63 86 sil
1456 1345 90 92 étoit
1585 1338 144 94 obligé
1781 1340 36 80 de
1848 1331 23 83 la
1923 1329 164 91 Toucher
2133 1346 2 67 a
2173 1319 43 89 S^t
2248 1318 212 99 Domingre

1478 1425 183 86 dom̂té
1691 1418 22 85 Il
1763 1419 2 82 a
1809 1421 53 78 été
1899 1413 138 83 decndé
2095 1431 52 58 que
2185 1404 112 87 toules
2340 1399 48 95 les

1335 1500 200 89 pensions
1606 1490 61 89 des
1706 1485 166 95 officiers
1911 1491 41 80 de
1977 1481 47 88 S^t
2076 1476 240 93 Domingue
2355 1475 106 80 Levens

1343 1587 139 59 payées
1541 1562 91 84 dans
1697 1574 37 61 la
1781 1556 163 85 Colonie
2033 1564 85 73 mais
2177 1559 79 75 Par
2291 1547 133 82 Lars^t

1340 1646 2 75 4
1415 1634 28 80 de
1477 1628 123 89 lord^ce
1639 1626 29 91 de
1715 1630 98 88 1763
1852 1628 28 74 il
1927 1622 42 86 est
2001 1620 63 92 dit
2104 1627 55 85 que
2199 1613 49 86 les
2302 1618 144 90 officien

1333 1710 225 78 réformés
1620 1708 25 79 de
1689 1708 70 76 cette
1798 1699 156 84 Colonie
2028 1695 133 78 seront
2206 1698 133 77 payés
2401 1704 1 61 a

1321 1792 90 69 leur
1473 1778 173 87 Choix,
1670 1791 33 64 ou
1747 1803 32 61 en
1816 1774 141 89 france
2008 1798 38 59 ou
2090 1798 0 63 a
2121 1771 46 81 S^t
2210 1770 198 89 Doming

1333 1851 28 89 et
1421 1851 28 73 la
1489 1850 197 96 demande
1739 1855 28 80 de
1834 1847 1 88 M
1935 1847 49 90 de
2031 1861 203 81 Perigny

1332 1916 107 78 seroit
1475 1915 208 85 susceptible
1737 1916 167 80 d'aucune
1946 1915 196 86 difficalte
2214 1916 24 82 et
2279 1921 24 75 il
2351 1921 30 71 si

1321 1994 85 79 fut
1448 1985 85 78 tenu
1582 2008 0 58 a
1624 1988 77 74 cette
1743 1982 176 101 reforme
1974 1992 22 63 et
2052 1999 30 77 ne
2122 1976 65 100 fat
2227 1982 128 94 point

1303 2046 221 101 Rentré
1572 2059 42 71 au
1636 2046 137 80 service

644 2189 123 90 J'en
823 2182 95 95 peut
964 2165 58 105 être
1068 2175 133 95 abuser
1247 2166 29 98 de
1322 2155 218 124 vosbontés
1624 2168 67 111 que
1728 2140 29 113 de
1812 2138 86 112 vous
1963 2138 227 134 demander
2255 2176 58 80 une

631 2281 259 100 ordonnance
941 2310 57 73 sur
1034 2290 22 88 la
1106 2277 101 97 caisse
1251 2278 57 98 des
1337 2274 115 106 fonds
1524 2284 58 91 des
1632 2276 166 96 colonies
1856 2272 36 99 de
1928 2272 173 104 france,
2122 2282 36 86 du
2194 2293 224 81 paiement

640 2376 112 101 d'une
787 2387 120 84 année
956 2388 28 85 de
1019 2380 28 100 la
1096 2399 154 81 pension
1292 2390 28 90 de
1369 2384 155 96 retraite
1573 2386 35 81 de
1650 2380 147 91 1500^lt
1825 2378 140 96 argent
2021 2378 35 98 de
2091 2376 134 101 frnce
2281 2405 56 71 que
2386 2405 77 61 vous

658 2502 152 88 m'avez
858 2488 168 86 obtenüe
1074 2492 42 87 du
1158 2486 139 99 Roy,
1325 2498 28 81 et
1414 2486 98 94 dont
1575 2506 63 70 une
1686 2499 125 79 année
1860 2496 49 80 est
1963 2480 126 99 échue
2130 2477 29 90 le
2200 2494 28 77 10
2270 2497 146 79 octobre

602 2601 228 98 Dernier

773 2703 318 78 Mais,
1116 2669 408 114 Monseigneur,
1548 2675 25 108 il
1622 2678 48 106 est
1736 2669 57 116 des
1858 2720 57 65 cas
1980 2669 392 119 extraordinaires

643 2817 124 79 aussi.
793 2817 111 89 Mes
963 2815 105 94 biens
1133 2822 85 79 sont
1257 2815 164 92 labas,
1447 2823 26 77 et
1526 2837 65 68 moi
1624 2837 78 69 icy,
1728 2836 72 56 avec
1846 2834 59 58 une
1944 2810 72 95 tres
2062 2808 268 93 nombreuse

610 2919 237 106 famille,
878 2918 88 96 dons
1004 2916 48 92 les
1099 2916 143 101 besoins
1289 2914 292 103 s'accroissent
1619 2925 80 101 tous
1730 2910 56 115 les
1816 2928 151 96 jours,
1991 2935 24 72 et
2053 2907 182 100 j'entire
2282 2905 103 97 bien

648 3047 115 92 peu,
791 3042 122 86 ayant
955 3039 180 95 eprouvé
1162 3033 137 96 depuis
1348 3033 94 84 trois
1491 3035 65 89 ans
1619 3037 66 91 que
1719 3040 23 75 je
1784 3024 94 78 suis
1927 3031 29 86 en
1984 3028 201 89 france,
2213 3021 115 86 deux

647 3143 157 75 années
872 3140 27 71 de
940 3134 75 81 sec,
1056 3141 34 79 un
1137 3142 184 91 ouragan
1369 3144 54 70 aux
1484 3136 123 88 cayes
1668 3138 28 69 en
1750 3134 136 82 dernier
1927 3128 102 99 lieu,
2050 3137 27 78 et
2124 3125 96 74 trois
2281 3135 75 79 ans

621 3231 42 143 la
720 3230 92 143 plus
860 3237 191 138 rumeuse
1089 3246 121 123 régie,
1239 3251 1 114 a
1268 3227 181 143 laquelle
1477 3252 30 95 je
1557 3251 20 71 ne
1627 3247 109 72 viens
1805 3236 60 97 que
1894 3220 31 97 de
1985 3218 109 112 metre
2133 3218 180 97 ordre.
