2752 3560
549 405 43 38 des
655 405 214 37 Chevaux.

610 466 31 96 Le
676 464 37 92 S^r
742 465 22 92 de
800 462 155 96 Perrigny
1003 485 25 62 se
1061 482 91 67 retira
1207 474 61 68 vers
1300 446 19 88 le
1351 442 92 91 Sieur
1482 436 200 89 Intendant
1740 436 22 74 et
1797 435 23 90 il
1863 425 45 103 fut
1951 442 124 73 couvenu

555 567 150 89 entr'eux
761 562 208 84 verbalement
1019 578 42 66 que
1118 560 188 76 moyennant
1349 537 122 93 2500^lt
1494 533 30 75 de
1560 531 82 88 Loyer
1695 527 72 91 qu'il
1807 535 139 78 payeroit
2005 539 27 62 au

549 666 121 77 Roi,
694 654 75 82 c'est
799 649 15 76 a
846 654 55 72 dire
946 667 48 59 aux
1058 646 174 81 personnes
1288 656 43 64 qui
1366 630 44 83 lui
1446 626 109 83 furent
1590 620 175 88 indiquees
1824 629 60 69 par
1950 609 73 75 M.
2042 608 21 77 de

545 744 165 92 Clugny,
733 737 22 74 Il
791 739 42 82 lui
875 744 80 74 seroit
992 736 60 70 tenu
1097 731 117 80 compte
1264 725 41 72 des
1342 715 203 90 reparations
1601 706 80 92 qu'il
1730 715 3 79 y
1789 699 138 89 feroit.

639 837 33 96 Le
710 834 32 92 S^t
780 830 33 95 de
850 826 147 101 Perrigny
1042 840 17 63 ne
1093 845 109 68 craint
1241 838 51 71 pas
1325 804 201 93 d'avancer,
1550 798 392 93 Monseigneur,
1969 791 86 87 qu'il

571 945 4 79 a
624 933 153 90 depense
809 935 69 82 plus
916 944 27 63 de
992 917 134 89 20,000^lt
1153 927 33 69 du
1218 915 57 81 sien
1308 931 67 65 pour
1409 903 139 79 remettre
1586 899 98 68 toutes
1724 895 108 69 choses
1878 907 25 53 en
1949 886 96 72 l'etat

571 1045 47 75 que
670 1028 121 84 meritoit
825 1020 22 90 le
867 1018 60 90 lieu
968 1017 76 87 qu'il
1072 1006 165 82 habitoit,
1258 1005 71 78 dans
1364 997 21 77 la
1432 991 164 89 confiance
1630 985 78 87 qu'il
1741 979 46 72 lui
1836 979 100 76 seroit
1966 972 69 81 tenu

563 1122 115 74 compte
708 1107 26 71 de
777 1103 36 70 ses
849 1093 234 83 debourses.

670 1167 163 96 Lorsqu'il
853 1162 72 93 etoit
958 1171 72 73 dans
1055 1158 24 86 le
1118 1156 76 82 cours
1221 1149 29 89 de
1276 1153 41 80 ses
1344 1146 175 78 travaux,
1534 1133 28 89 il
1588 1131 48 85 eut
1663 1124 58 84 lieu
1756 1123 32 78 de
1823 1121 205 85 s'apercevoir

573 1271 47 80 que
642 1264 22 81 le
693 1264 34 77 S^r
743 1256 172 89 Intendant
963 1255 116 81 n'avoit
1106 1242 47 93 pas
1194 1240 123 81 dessein
1357 1240 23 81 de
1401 1232 42 89 lui
1477 1232 78 89 faire
1591 1244 90 71 payer
1715 1220 60 81 bien
1822 1220 210 74 exuctement

567 1358 67 75 tous
669 1350 40 80 ses
749 1346 205 79 debourses,
978 1348 19 66 il
1037 1338 50 70 s'en
1122 1335 136 79 expliqua
1303 1334 51 76 par
1384 1327 60 62 ecrit
1496 1325 60 65 avec
1592 1323 44 67 lui
1677 1332 18 54 et
1741 1329 71 63 recut
1858 1326 45 54 une
1949 1322 109 63 reponse

571 1429 52 66 tres
666 1428 96 74 claire
803 1427 74 75 qu'il
914 1423 2 56 a
965 1434 24 63 en
1015 1418 169 79 original,
1215 1425 45 56 par
1297 1402 136 83 laquelle
1480 1407 64 61 M.
1575 1393 240 70 L'Intendant
1869 1387 96 74 disoit

574 1511 104 66 n'avoir
712 1509 127 65 entendu
878 1507 43 70 lui
959 1504 70 79 faire
1074 1515 88 63 payer
1200 1504 47 75 que
1264 1495 35 69 les
1332 1503 134 71 depenses
1511 1502 41 64 qui
1585 1487 122 82 seroient
1746 1499 93 67 jugees
1884 1477 197 82 necessaires.

558 1597 22 68 Il
614 1598 64 66 avoit
726 1609 32 64 eu
792 1586 22 89 la
860 1585 175 82 precuution
1082 1580 20 73 de
1137 1577 77 89 faire
1248 1574 82 89 faire
1372 1570 31 76 un
1438 1569 89 80 devis
1575 1586 56 60 par
1661 1570 19 72 le
1710 1570 32 76 S.
1758 1556 132 93 lagneau
1919 1567 26 64 de
1968 1561 106 76 l'arisse

566 1677 169 82 Ingenieur
776 1677 31 73 du
831 1671 70 81 Roi,
926 1670 19 75 de
970 1669 102 70 l'ordre
1114 1668 29 58 de
1180 1663 58 63 M^r
1264 1668 79 58 Bare
1381 1679 17 50 de
1442 1657 139 81 Clugny
1619 1660 34 56 du
1713 1665 150 61 mauvais
1918 1663 62 65 etat
2028 1662 29 61 du

575 1759 95 74 susd^t
697 1756 303 79 Gouvernement:
1051 1749 94 69 mais
1185 1744 18 61 il
1243 1756 24 66 ne
1301 1751 94 66 peut,
1429 1736 401 85 Monseigneur,
1876 1740 70 62 vous
1992 1728 18 71 le

596 1847 75 71 mettre
721 1851 69 57 sous
829 1839 42 81 les
914 1839 109 76 yeux,
1050 1852 75 62 parce
1153 1851 35 60 que
1227 1832 63 70 tous
1329 1833 35 77 les
1397 1832 120 77 papiers
1568 1827 74 78 qu'il
1670 1828 75 64 avoit
1789 1821 155 78 produits
2005 1834 13 47 a

579 1924 262 81 l'Intendance,
869 1934 63 63 pour
954 1928 17 68 le
1011 1920 159 81 reglement
1204 1926 28 65 de
1272 1923 40 74 son
1357 1922 176 70 compte,
1561 1916 97 57 d'avoir
1715 1917 45 56 son
1806 1914 113 75 compte
1969 1914 35 63 de

579 2005 119 81 depense
736 2012 18 61 et
792 2001 36 77 les
860 1999 85 81 pieces
983 2004 29 68 au
1062 1995 163 76 Soutien,
1247 1991 29 73 le
1314 1989 85 75 devis
1443 1997 18 62 le
1505 1987 74 77 toise
1617 1988 23 68 de
1673 1979 237 82 l'Ingenieur,
1937 1979 29 69 &u
2004 1977 63 67 tout

579 2099 54 57 cela
684 2105 1 49 a
725 2086 53 77 ete
806 2089 83 76 cense
922 2080 89 81 perdu
1056 2079 71 75 dans
1155 2077 18 80 le
1213 2072 170 85 transport
1423 2076 47 70 des
1521 2067 153 85 papiers
1719 2071 36 77 du
1801 2066 251 78 Gouvernement

578 2176 20 74 et
641 2174 26 79 de
699 2169 238 81 l'Intendance
987 2185 31 55 au
1055 2173 49 72 Cap
1160 2166 53 67 lors
1240 2169 24 65 de
1292 2161 157 75 l'arrivee
1494 2162 35 67 de
1574 2157 41 76 M.
1632 2161 18 77 te
1683 2155 36 79 C^te
1741 2161 30 67 de
1804 2156 185 77 Bessunce
2034 2167 47 60 qui

598 2282 2 67 y
631 2267 67 80 fixa
739 2274 24 67 sa
804 2265 185 76 residence:
1020 2262 29 73 ce
1085 2266 44 76 qui
1166 2278 1 47 a
1204 2264 44 65 ete
1285 2257 28 65 un
1350 2262 44 74 des
1442 2254 158 80 pretentes
1642 2250 12 67 a
1691 2250 39 75 lui
1761 2255 125 76 refuser

576 2367 244 66 constamment
868 2363 44 62 son
954 2359 272 78 remboursement
1263 2355 152 78 jusqu'a
1441 2354 23 77 ce
1495 2365 99 62 jour,
1625 2365 169 63 quoique,
1825 2351 77 64 sans
1950 2359 28 52 en

578 2452 129 85 excepter
749 2466 55 59 un,
834 2450 56 59 tous
931 2447 45 86 les
1004 2446 141 87 officiers
1193 2438 311 77 d'administration
1570 2442 105 77 depuis
1734 2450 38 55 M.
1801 2432 20 78 de
1850 2436 123 81 Clugny
2002 2438 117 76 Compris

588 2546 139 86 Jusqu'a
762 2543 44 76 M.
823 2542 31 77 de
877 2541 193 87 Bongars,
1093 2539 43 69 lui
1165 2548 97 59 ayent
1297 2537 56 71 tous
1388 2532 115 83 promis
1532 2528 19 79 de
1580 2527 68 87 faire
1682 2527 73 87 finir
1796 2527 62 72 cette
1893 2521 145 87 affaire.

708 2630 79 81 Tomt
823 2645 21 84 ce
865 2660 50 69 que
950 2637 21 70 le
1020 2628 43 80 S^.
1092 2643 28 65 de
1176 2620 163 97 Perrigny
1375 2651 70 65 peur
1495 2649 65 65 vous
1600 2629 157 83 observer,
1790 2606 338 95 Monseigneur,

590 2729 80 72 c'est
708 2737 42 73 que
777 2727 144 81 lorsqu'il
953 2730 43 74 est
1028 2727 85 74 entre
1150 2741 27 62 au
1209 2721 272 80 Gouvernement
1529 2725 22 69 de
1588 2719 171 80 Leogane,
1784 2717 61 76 tout
1886 2715 65 59 etoit
1998 2715 91 58 dans

589 2822 22 83 le
644 2821 76 84 plus
746 2814 87 84 triste
884 2811 68 86 etat
1011 2813 20 79 et
1066 2820 37 74 que
1138 2804 151 89 lorsqu'il
1318 2809 25 59 en
1379 2814 43 77 est
1463 2800 115 89 sorti,
1618 2809 57 63 M.
1703 2798 27 85 de
1751 2798 129 85 Clugny
1913 2806 50 67 qui
1998 2804 32 59 en
2070 2794 2 60 a

593 2908 63 78 fait
695 2905 21 72 la
755 2899 93 81 visite
875 2897 44 71 lui
972 2896 121 83 meme,
1116 2903 85 76 ainsi
1230 2898 43 76 que
1308 2885 151 81 venoient
1506 2889 19 69 de
1548 2892 25 68 la
1608 2881 85 86 faire
1745 2884 45 69 M.
1798 2877 22 79 le
1852 2881 105 80 Comte
2008 2873 39 61 de

606 2994 143 72 Longeron
796 2985 254 75 commandant
1102 2980 43 70 des
1181 2978 127 73 troupes
1355 2990 22 48 et
1429 2975 54 63 M^r
1508 2985 17 54 de
1561 2975 180 65 Kerdisien
1798 2971 144 70 Tremais

583 3069 250 94 Commissaire
877 3078 122 84 general
1031 3065 15 91 et
1092 3065 220 88 ordonnateur
1359 3081 27 70 au
1426 3065 80 90 Cap,
1546 3066 20 89 le
1626 3074 195 81 Trouverent
1871 3058 197 96 suffisant
