2976 3672
76 285 114 68 ques
278 263 182 81 outits

88 354 51 71 nl
191 354 159 76 aprés
434 339 87 87 luy

137 436 167 72 Tache
367 428 128 79 pour

71 535 112 64 vait
249 514 213 76 besoin

83 608 38 82 Il
189 596 258 93 demanda
515 616 43 55 au

154 709 96 92 que
295 700 121 85 pour
462 683 102 85 lors

78 795 190 86 Tache
333 787 35 84 Il
421 787 71 79 vit

133 896 238 85 pistolet
439 898 4 65 a
490 889 34 70 la

79 1012 48 66 ul
184 1000 294 73 attention

71 1102 3 77 t
132 1096 138 76 ledit
329 1085 227 82 pissolet

82 1187 176 72 ydans
335 1180 36 71 le
427 1185 127 60 meme

93 1296 138 65 aison
322 1298 1 57 a
395 1285 92 67 son

98 1405 2 54 r
165 1404 43 52 en
263 1377 301 75 samaison

75 1493 240 77 "Tache
378 1474 139 86 qu'il

152 1601 90 72 que
315 1581 225 85 setant

108 1713 3 56 a
200 1688 26 78 le
277 1682 141 80 sieur

87 1790 21 73 te
201 1800 97 69 quy
348 1781 175 76 etant

67 1893 76 69 luy
208 1866 335 95 deposant

88 2001 5 70 s
184 1976 36 89 Je
257 1969 101 86 suis
428 1956 161 86 mort,

89 2096 147 66 sant
305 2090 52 56 at
428 2081 97 55 mon

74 2199 118 62 heur
258 2196 106 73 que
418 2177 101 80 luy

69 2290 131 87 vecon
301 2277 35 88 Il
442 2274 35 77 le

73 2407 33 63 en
166 2390 129 75 bont
355 2389 43 66 de
453 2383 53 68 la

74 2509 32 76 de
148 2500 234 74 rsonnes
471 2490 60 77 qu

71 2611 114 73 cher
243 2599 102 75 sur
403 2586 158 79 ladite

121 2705 61 79 est
247 2705 32 66 ce
327 2692 101 81 quy
486 2679 97 66 luy

89 2792 230 101 epondit
389 2802 102 75 que

74 2908 116 74 quil
260 2888 236 79 lavait

94 3015 3 63 l
147 3009 35 69 ne
254 3001 66 71 se

84 3121 72 70 que
191 3114 60 68 au
303 3083 274 99 Laissant

86 3207 34 80 ur
203 3203 245 82 Tache,
487 3188 60 82 la

1166 236 233 77 presence
1456 236 142 78 quils
1689 236 188 72 etoient
1933 236 313 74 chargés.

1325 301 83 94 Luy
1468 303 62 92 Est
1584 302 109 90 tout
1740 301 28 88 ce
1822 301 116 90 quil
2019 305 1 76 a
2074 296 55 89 dit
2203 299 205 87 scavoir
2461 286 206 91 lecture

1153 426 2 67 a
1194 418 79 81 luy
1334 399 134 104 faite
1507 400 44 89 de
1590 400 51 77 sa
1715 385 322 107 deposition
2119 395 2 78 a
2168 383 58 93 dit
2293 382 155 83 quelle
2494 377 239 77 contient

1170 508 161 84 verité
1382 506 126 81 quil
1571 495 3 85 y
1641 486 244 87 persiste
1948 489 43 74 et
2042 484 2 74 a
2113 473 179 90 signé
2358 472 110 64 avec
2537 463 136 71 nous

1160 617 36 55 et
1253 592 23 82 le
1345 577 208 101 Greffier
1616 571 233 88 commes
1938 557 195 96 signés
2209 568 3 63 a
2267 549 50 80 la
2394 539 239 82 minutte

1123 711 91 57 S^r
1269 681 321 84 Brilloit,
1637 665 209 98 Esteve,
1891 679 47 67 et
1981 652 75 96 L..
2078 654 34 91 J.
2133 648 248 90 Rivery
2419 635 232 98 Greffier

1216 658 33 69 qu

1161 783 370 51 commis.

1298 832 166 100 Pierre
1507 832 310 101 Rocheron
1882 843 87 93 agé
1998 835 29 97 de
2077 840 260 94 soixante
2380 860 101 66 cinq
2546 851 80 72 ans

1162 938 327 94 chirurgien
1569 938 39 70 en
1658 940 126 77 cette
1833 934 114 90 ville
1998 944 0 79 y
2059 932 328 91 demeurant
2455 926 146 70 rüë–

1160 1034 66 76 S^t
1267 1029 248 79 Sauveur
1565 1023 175 98 lequel
1817 1014 168 108 aprés
2063 1020 270 89 serment
2389 1025 102 80 par
2532 999 97 102 luy
2655 1001 86 98 faie

1145 1149 35 77 de
1227 1156 103 62 dire
1384 1128 160 89 vérité
1609 1126 135 77 nous
1823 1120 140 85 avoir
2024 1112 233 76 declaré
2319 1112 140 77 netre
2501 1109 195 73 parent

1150 1240 135 77 allié
1354 1224 296 86 serviteur
1720 1234 44 62 ni
1815 1204 346 89 domestique
2218 1196 63 88 des
2340 1197 294 82 parties–

1150 1350 120 67 nous
1358 1317 158 89 avoir
1578 1307 437 94 Representé
2084 1292 281 94 lexploit
2422 1299 294 82 dassignation

1149 1446 3 61 a
1199 1411 105 104 luy
1365 1406 198 89 donné
1639 1399 155 89 pour
1871 1400 248 86 deposer
2198 1410 0 56 a
2255 1393 66 79 la
2379 1389 231 87 requete
2653 1383 37 81 du

1167 1505 300 104 procureur
1520 1505 46 95 du
1611 1499 68 99 roy
1746 1502 45 74 de
1816 1506 32 69 ce
1894 1495 145 91 soge
2121 1504 122 81 par
2305 1482 354 89 Lalliquet

1164 1633 254 74 huissier
1472 1611 35 88 de
1548 1612 27 78 ce
1623 1596 205 92 siege.

1376 1701 217 92 Dépose
1656 1718 96 70 sur
1815 1695 64 92 les
1948 1692 160 89 faite
2190 1688 243 90 Enonces
2476 1683 46 92 en
2584 1689 52 82 la

1155 1796 435 95 Remontrance
1651 1789 36 100 en
1741 1789 249 89 planite
2065 1801 56 81 du
2168 1779 305 94 procureur
2527 1774 42 82 du
2623 1797 70 72 roy

1149 1914 126 86 dont
1333 1898 227 90 lecture
1620 1889 78 94 luy
1749 1909 2 59 a
1789 1884 78 90 été
1919 1882 146 96 faite
2145 1888 104 82 par
2287 1871 37 77 le
2369 1864 241 95 Greffier

1158 1997 214 87 commis
1456 2009 43 62 en
1547 1992 130 82 date
1743 1988 53 73 du
1847 1972 305 92 jourd'hier
2225 1980 77 71 que
2386 1968 88 67 vers
2558 1957 54 75 les

1145 2103 101 79 deux
1321 2086 178 93 heures
1579 2079 46 88 de
1677 2076 208 93 Laprés
1958 2060 130 96 midy
2155 2064 94 74 rne
2332 2050 43 75 de
2437 2043 107 82 ses

1146 2201 283 89 negresses
1517 2183 105 96 luy
1680 2175 203 101 ayant
1962 2167 66 85 dit
2099 2162 120 96 quil
2291 2157 188 83 venoit
2526 2147 186 82 darriver

1150 2308 46 70 un
1268 2284 280 87 accident
1608 2276 133 87 chez
1844 2271 46 82 le
1956 2264 151 92 sieur
2173 2256 176 93 Tache
2416 2252 39 84 Il
2534 2253 2 85 y
2571 2254 145 80 courut

1142 2400 105 85 quy
1302 2396 195 84 Etant
1558 2390 174 80 arrivé
1794 2372 34 77 Il
1896 2370 67 82 vit
2037 2364 47 80 un
2177 2350 234 97 homme
2472 2361 118 69 quil
2651 2351 41 72 ne

1141 2511 373 80 connoissait
1578 2503 113 84 pas
1769 2495 134 86 qu'on
1987 2478 81 87 luy
2132 2475 2 80 a
2178 2474 68 84 dit
2317 2470 220 93 depuis
2608 2463 81 84 être

1148 2601 42 81 Le
1240 2608 228 73 garçon
1562 2595 183 70 dudit
1815 2578 171 88 sieur
2059 2573 203 67 Tache
2371 2563 196 82 lequel

1140 2693 140 93 Etoit
1359 2694 221 90 couché
1631 2684 111 75 sur
1795 2699 84 57 une
1972 2660 282 104 paillasse
2333 2657 132 85 dans
2551 2651 50 90 la

1142 2790 350 97 Boutique
1576 2794 118 93 quey
1793 2778 196 103 ayant
2067 2766 125 85 deux
2270 2766 377 96 cherurgiens

1152 2897 93 92 qui
1319 2890 312 90 visitoient
1717 2884 67 90 sa
1840 2881 194 84 playe
2129 2866 284 83 laquelle
2481 2855 157 82 Etoit

1147 3024 58 60 du
1259 2997 122 86 coté
1427 2993 143 90 droit
1657 3007 55 71 au
1757 2989 93 87 bas
1939 2983 86 77 des
2093 2971 150 80 cotes
2338 2965 38 81 Il
2437 2956 205 98 setoit

1148 3102 367 111 approché
1588 3099 4 84 &
1664 3091 175 90 visita
1954 3094 168 89 aussy
2209 3074 209 90 Ladite
2464 3073 188 92 playe

1147 3241 36 79 et
1247 3211 120 98 s'est
1447 3206 254 123 apperçu
1781 3194 120 121 quil
1956 3197 170 107 avait
2198 3183 119 121 trois
2406 3174 145 94 trous
