2496 3904
175 184 325 119 Breveted
875 177 88 122 Roi
994 167 161 132 Gonoiare

334 304 3 60 a
371 283 39 81 S^t
450 281 214 83 Domingue

197 380 119 119 pour
346 361 24 127 le
410 347 34 153 S.
495 341 183 155 Tailteeres
719 341 34 144 de
782 340 141 151 Perigny

1184 251 4 61 C

1146 275 510 114 bailleves
1753 272 69 105 de
1876 259 430 116 Perisont.

926 529 442 138 Bujourd'hui
1439 522 48 126 dix
1541 545 138 86 octetre
1878 524 40 124 mil
1951 510 48 124 spt
2034 514 75 80 cent
2134 505 149 95 soixente

1435 626 105 70 nableau

848 687 74 76 ouge
958 686 27 56 le
1037 647 66 96 Roi
1139 664 90 77 etant
1272 657 4 89 a
1311 642 153 112 lll
1589 656 25 72 et
1652 640 25 98 la
1730 641 144 101 majeste
1904 624 135 84 coulant
2092 624 113 101 donner

849 803 27 57 au
910 800 35 64 S.
979 778 140 93 Taillevis
1178 774 29 119 de
1231 769 132 124 Perigny
1421 787 166 70 recetenant
1627 768 39 77 de
1697 755 72 82 Roi
1800 754 5 79 a
1861 750 145 123 Leoyane
2054 757 27 110 en
2131 743 105 79 l'Iste

830 922 3 102 S
934 897 164 135 oingue,
1151 893 51 111 des
1266 914 143 111 marques
1444 900 32 90 de
1501 893 31 88 la
1577 881 172 81 Si
1860 868 259 136 sarisfaction
2172 871 144 103 qu'Elle

851 1048 3 79 a
900 1044 28 112 du
964 1045 69 106 Zele
1094 1058 75 88 qu'il
1207 1056 2 54 a
1287 1034 84 96 fait
1416 1036 157 104 paroitre
1635 1039 25 96 en
1691 1027 82 87 toute
1877 1022 25 68 le
1982 1018 162 111 occasions

845 1197 75 101 pour
945 1175 57 120 son
1046 1167 151 121 seroice,
1234 1166 70 92 Elle
1343 1158 44 119 l'a
1438 1158 84 78 retent
1575 1162 30 84 et
1639 1140 168 117 ordonne,
1839 1142 122 81 retaent
2006 1143 28 74 et
2079 1130 174 86 ordonne

835 1324 158 105 Lietmai
1062 1297 44 118 du
1119 1293 83 139 Roi
1244 1310 177 119 honoraire
1473 1323 53 93 aux
1567 1290 83 118 Isles
1701 1262 70 130 sous
1825 1277 23 95 le
1901 1268 88 97 Vent
2052 1261 42 92 de

830 1479 215 132 L'armique
1121 1464 83 134 pour
1226 1464 93 110 jouir
1362 1448 268 137 deshonneurs
1692 1463 26 100 et
1751 1433 255 130 prerogationes
2079 1417 5 77 d
2147 1407 33 83 la

839 1626 78 121 ditte
991 1629 191 114 charge.
1239 1602 138 130 Mande
1426 1604 27 123 sa
1512 1598 137 125 majeste
1694 1612 41 53 au
1788 1570 254 125 Commandant
2092 1555 174 111 Generals

843 1767 162 91 desditres
1085 1757 87 114 Iiles
1244 1749 70 116 sous
1362 1754 18 87 le
1429 1749 86 87 Vent
1570 1767 30 70 et
1645 1765 13 63 a
1687 1740 71 86 tous
1837 1735 90 102 autre
2006 1717 152 117 officiers

837 1924 72 85 qu'il
943 1923 233 92 appartiendra
1236 1907 25 79 de
1270 1907 110 79 laiser
1426 1908 33 78 et
1501 1882 89 104 faire
1655 1871 90 94 Jonir
1810 1870 88 92 led.
1930 1866 53 69 S.
2020 1853 166 91 Taillevis

830 2082 32 97 de
896 2069 138 134 Perigny
1086 2061 35 129 de
1143 2052 119 137 teffet
1334 2047 22 81 du
1402 2063 139 105 contence
1590 2046 45 118 cy
1655 2033 169 85 desses.
1855 2018 35 80 Et
1933 2023 82 81 pour
2036 2005 215 133 temoignage

827 2229 38 102 de
885 2226 30 99 sa
971 2220 150 120 Volonte
1160 2215 28 108 sa
1270 2216 150 111 majorte
1473 2206 48 80 m'a
1585 2194 219 98 commande
1847 2164 193 129 d'expedier
2081 2169 35 66 le

820 2377 138 144 present
994 2383 101 123 brevet
1148 2364 149 126 qu'Elle
1342 2386 4 53 a
1390 2342 122 138 voules
1553 2332 122 143 signer
1737 2325 37 137 de
1795 2322 36 124 sa
1892 2335 84 119 main
2028 2338 5 64 n
2105 2313 82 91 etre

818 2524 222 140 contresigne
1075 2544 69 95 par
1188 2534 55 108 moi
1281 2499 54 108 son
1385 2496 181 126 Conseiller
1625 2474 167 130 Secrttaiie
1842 2462 140 99 d'Etat
2045 2476 34 71 et
2119 2444 54 96 de

811 2675 71 109 ses
930 2675 311 98 Commandemens
1307 2680 33 77 et
1397 2650 294 114 finances.

184 2800 129 91 Ordre
377 2806 39 85 de
432 2818 80 73 passe
536 2807 30 76 de
584 2794 17 81 la
645 2781 196 99 Lieuteslance
886 2782 31 86 du
934 2770 59 93 Roi
1030 2784 32 68 du
1086 2787 44 67 Cap

299 2884 104 91 acelle
437 2889 33 90 de
510 2882 134 101 Leogane
678 2897 30 53 en
736 2871 106 102 l'Isle
867 2871 24 88 St
911 2865 184 102 Domingue

1254 2991 70 107 De
1410 2972 112 120 par
1568 2937 38 118 le
1655 2916 162 126 Roy

212 3001 87 85 pour
321 2990 40 72 les
391 2980 25 82 S.
462 2986 33 76 de
532 2988 103 97 Euille
672 2976 26 109 de
718 2969 49 110 S^te
788 2975 81 103 Troix

658 3183 58 135 f.
875 3207 3 72 a
961 3166 243 156 Majeste
1241 3153 123 158 ayant
1393 3169 70 99 dest
1489 3167 7 116 l
1531 3155 30 143 le
1585 3159 41 136 S.
1650 3135 95 158 Jean
1769 3148 159 141 Captiste
1953 3133 134 122 Gasiel
2115 3110 132 105 amedee

825 3337 41 76 de
923 3323 125 101 Treille
1089 3318 27 103 de
1134 3309 35 110 S^t
1193 3309 96 107 Croix
1338 3299 177 90 Lieutenant
1556 3307 33 65 du
1617 3290 63 82 Roi
1715 3308 33 59 au
1797 3279 65 100 Cap
1903 3298 33 60 en
1962 3267 103 106 l'Isle
2099 3264 47 87 S^t

808 3468 224 117 Dominque
1081 3464 79 111 pour
1189 3437 106 135 servir
1334 3444 34 119 en
1407 3446 68 75 ette
1525 3424 88 126 meme
1661 3409 149 113 qualite
1852 3425 3 72 a
1915 3396 140 130 Lgin
2106 3388 167 127 Regane
