3232 3704
1134 331 274 83 Militaire
1461 331 47 81 de
1575 331 66 73 S^t
1701 331 114 80 Louis
1948 331 300 97 Brigadier
2295 351 47 62 des
2388 349 154 65 arme패es

1140 427 50 90 du
1237 425 115 115 Clo,
1398 428 293 119 Gouverneur
1762 439 131 108 pour
1964 451 58 91 S.
2062 445 106 101 M.
2207 471 34 73 et
2321 444 171 101 L'Ile패

1120 557 186 113 Colonie
1340 558 49 125 de
1449 574 268 119 Cayenne,
1752 594 38 77 et
1872 567 257 108 Provense
2165 566 56 124 de
2257 584 28 93 la
2358 561 184 134 Guyand

1121 689 253 104 franc퍊aise
1426 728 37 63 en
1523 699 417 104 Amerique

1102 905 216 128 Jean
1437 905 473 146 Baptiste
1988 910 59 127 les
2126 907 89 124 Roi
2274 952 49 87 de
2382 916 178 123 Rraille

1110 1051 298 96 Conseiller
1465 1063 39 85 du
1542 1059 96 90 Roi
1675 1079 32 71 en
1757 1072 96 79 ses
1916 1065 286 89 Conseils,
2252 1074 394 84 Commissaire

1127 1186 91 98 des
1287 1187 258 100 Colonies,
1572 1195 35 92 et
1669 1190 445 104 ordonnateures
2176 1225 70 71 dis
2343 1199 132 98 Lieux

1234 1308 63 102 Su
1330 1308 37 92 la
1425 1308 202 128 reque팩te
1686 1345 2 64 a
1731 1335 87 103 nous
1905 1328 269 112 pre패sente패e
2244 1345 96 71 par
2375 1328 34 84 le
2461 1326 114 89 sieur

1130 1432 316 102 Se패bastien
1521 1441 237 114 Gourgue
1827 1477 49 62 en
1936 1453 119 107 cette
2133 1452 235 115 Colonie,
2415 1485 94 68 aux

1158 1565 98 94 fins
1336 1565 253 97 d'obtenir
1663 1570 38 107 la
1752 1571 371 95 permisssion
2205 1578 357 101 D'affrancher

1144 1699 38 107 le
1225 1699 191 98 nomme패
1467 1703 369 99 Augustin,
1908 1708 191 101 mulatre
2150 1712 103 102 age패
2341 1714 31 88 de
2429 1713 60 98 dix

1136 1843 100 71 Ans
1356 1851 94 78 son
1537 1839 253 95 Esclave,
1850 1841 162 94 Notre
2084 1853 348 87 apointement

1163 1980 37 82 et
1260 1966 342 95 mermission
1682 1992 43 71 au
1764 1977 84 90 bas
1915 1979 178 82 d'ecelle
2153 1991 199 91 reque팩te
2426 2009 42 63 en
2535 2007 137 73 semble

1139 2096 397 124 s'Expedition
1620 2100 36 99 de
1722 2104 131 123 Cacte
1911 2111 181 109 passi
2143 2142 35 89 en
2228 2119 345 111 Consequence

1139 2239 130 98 par
1329 2230 107 111 M^e
1512 2232 243 93 Constant
1801 2254 0 85 &
1922 2241 100 99 son
2081 2245 238 109 Confre패re패
2386 2250 244 93 Notaire

1149 2370 231 107 Royaux
1458 2390 41 82 en
1561 2366 105 107 cette
1744 2369 294 110 Colonie.

1394 2514 168 107 Tont
1620 2538 60 83 vu팩
1759 2542 1 72 &
1847 2520 307 107 Considere,
2183 2559 102 64 nous
2337 2568 36 55 en
2424 2552 132 81 vertu

1146 2620 62 112 des
1254 2630 210 114 pouvoirs
1520 2649 19 98 a
1578 2641 102 112 nous
1761 2643 218 114 donnes,
1993 2639 110 114 par
2160 2640 35 108 le
2268 2646 133 115 Roy
2459 2692 117 76 avans

1161 2751 217 126 de패plare패s
1427 2759 40 110 et
1507 2762 234 116 de패clarons
1816 2778 136 111 libres
2010 2790 152 102 aunum
2240 2822 54 78 de
2346 2814 54 89 Sa
2452 2800 196 119 Majete

1198 2888 51 96 Le
1292 2890 160 118 nomme패
1490 2908 263 106 Augustin
1837 2912 192 112 mulatre
2072 2929 106 101 a팩ge패
2231 2944 49 82 de
2333 2926 74 99 ditr
2452 2967 81 66 ans

1152 3040 38 91 et
1238 3029 134 108 avons
1505 3038 329 133 Hlomologue패
1877 3042 145 119 lacte
2077 3068 79 112 d'a
2201 3075 450 106 franchissement

1182 3182 4 107 a
1241 3156 296 139 luyasse패
1563 3183 118 97 par
1739 3171 137 108 ledit
1944 3178 68 104 Sr
2063 3206 260 116 Gourgue
2409 3237 50 68 au

1179 3326 183 106 raport
1426 3324 54 90 de
1526 3313 119 106 Mr
1727 3312 349 132 Constant,
2110 3337 31 94 et
2211 3333 85 121 son
2329 3327 268 130 Confre패rer
