2976 3688
103 241 98 69 que
255 242 216 65 pour.

104 315 338 75 nesement,

127 403 36 73 et
203 400 143 74 avait
406 403 46 68 de

108 499 121 73 qu'en
301 481 127 97 effet
494 479 34 74 Il

96 602 0 60 n
158 602 91 63 peu
323 585 51 71 au
408 577 148 76 dessous

92 690 44 61 en
200 669 147 78 meme
392 662 154 85 temps

71 764 161 72 ident
313 757 51 64 et

81 859 170 74 iolet
320 851 139 70 Etoit

92 963 73 80 ait
233 960 124 77 pour
401 948 176 90 lors.

93 1057 99 77 ssein
256 1055 34 73 de
327 1055 28 70 le
392 1051 120 71 tuer

77 1163 94 63 jour
228 1165 33 62 en
331 1166 137 63 avoir

71 1274 46 45 nt
185 1274 147 45 avoir
409 1274 86 45 out

85 1363 70 61 ore
220 1354 30 71 le
305 1354 105 73 nom

77 1460 94 70 que
241 1444 270 83 duneautre

81 1557 242 53 mmurier
392 1560 137 52 voisin

85 1645 64 69 vee
211 1637 46 68 la
302 1637 190 81 charge

138 1747 61 68 len
262 1743 176 68 avaite

84 1846 72 61 ces
233 1831 236 78 derniers

87 2029 243 77 Scavoir
384 2007 155 89 lecture

95 2138 82 64 dit
245 2116 168 78 quelle

83 2232 37 63 et
170 2228 1 60 a
251 2219 157 80 signe

113 2303 185 101 signes
365 2309 2 55 a
421 2299 66 73 la

120 2388 104 98 LJ.
256 2382 234 99 Rivery

92 2624 65 68 ent
226 2624 250 65 soixante

72 2808 252 86 apitaine
368 2798 55 78 En

74 2895 169 71 asur
288 2896 42 66 du
375 2892 123 69 havre

79 2993 24 73 ge
172 2989 34 78 de
248 2979 273 86 quarante

77 3087 34 58 ar
150 3070 69 87 luy
276 3062 94 93 fait
429 3056 34 82 de

97 3159 408 85 parentallie

1116 193 238 90 serviteur
1421 190 61 93 ni
1534 187 337 96 domestique
1940 185 86 95 des
2082 182 214 96 parties
2401 184 115 86 nous
2550 186 136 72 avoir

1120 289 377 94 represente
1559 274 254 102 lexploit
1877 275 382 92 dassignation
2338 285 1 59 a
2388 267 80 95 luy
2525 265 159 75 donne

1146 386 121 85 pour
1317 376 221 95 deposer
1602 388 2 66 a
1661 368 42 95 la
1741 367 207 83 requete
2005 363 49 87 du
2105 363 297 80 procureur
2455 353 33 75 du
2535 347 112 90 Roy

1143 473 29 69 de
1210 477 34 86 ce
1288 470 94 86 jour
1432 468 113 87 par
1595 448 290 96 Lalliquet
1942 452 231 81 huissier
2230 439 29 84 de
2289 448 30 76 ce
2355 434 198 92 siege.

1296 547 190 81 Depose
1561 534 69 92 sur
1679 534 58 91 les
1798 532 127 92 faits
1994 540 213 76 enonces
2250 545 33 57 en
2332 526 39 86 la
2407 524 309 85 remontrance

1140 638 36 82 en
1222 624 228 95 plainte
1523 623 159 96 dudit
1734 612 295 103 procureur
2069 609 42 85 du
2151 608 62 95 roy
2253 615 57 86 du
2355 600 295 91 jourd'hier

1138 723 102 80 dont
1290 715 215 88 lecture
1561 709 76 96 luy
1688 718 1 76 a
1754 704 73 74 ete
1879 700 127 99 faite
2064 703 94 84 par
2196 695 21 81 le
2282 692 212 91 Greffier
2532 689 161 71 comms

1134 817 75 75 que
1268 807 34 83 le
1347 804 264 88 jourdhier
1664 797 99 75 sur
1816 789 57 69 les
1956 784 118 85 trois
2151 778 166 86 heures
2394 772 27 84 de
2461 775 33 82 la
2547 784 130 70 pres

1161 894 121 85 midy
1344 887 265 94 arrivant
1658 884 55 66 du
1769 871 134 75 haut
1973 867 41 78 du
2058 864 81 92 cap
2215 858 28 94 le
2300 856 133 93 sieur
2490 854 217 88 Monches

1142 979 81 92 son
1283 973 326 98 capitaine
1674 960 88 101 luy
1814 956 59 87 dit
1935 974 77 77 que
2067 950 43 88 le
2151 948 211 84 nomme
2410 948 274 85 guillaume

1130 1079 95 74 Tan
1303 1071 113 73 leur
1485 1064 301 79 armurier
1850 1051 169 77 venoit
2072 1041 120 67 detre
2251 1043 83 61 tue
2403 1034 118 67 dans
2570 1032 53 66 la
2661 1040 48 57 rue

1126 1152 351 109 Espagnolle
1556 1167 64 80 que
1671 1143 206 80 setant
1950 1129 200 94 aussitot
2217 1118 335 106 transporte
2590 1128 105 86 pour

1137 1253 32 78 Le
1210 1256 93 69 voir
1379 1246 24 75 Il
1469 1244 42 80 le
1553 1241 164 82 trouva
1801 1235 220 77 couche
2059 1229 113 68 sur
2216 1245 85 50 une
2384 1222 265 82 paillasse

1146 1345 102 76 dans
1321 1346 90 75 une
1455 1329 281 89 chambre
1792 1330 49 76 de
1885 1315 311 88 Larmurier
2259 1333 36 54 ou
2357 1312 31 76 le
2438 1312 113 77 coup

1130 1436 114 83 etoit
1312 1436 177 82 arrive
1543 1428 85 83 que
1682 1420 208 70 setant
1958 1416 302 86 approche
2302 1407 46 64 de
2377 1410 78 81 luy
2509 1397 34 79 Il
2603 1399 84 84 luy

1131 1517 256 98 demanda
1471 1513 62 94 s'il
1598 1507 30 97 le
1671 1505 390 99 reconnoissoit
2132 1518 3 69 a
2192 1511 123 71 quoy
2373 1481 28 80 Il
2454 1476 220 98 repondit

1137 1618 74 89 que
1285 1632 81 74 ouy
1424 1607 39 86 et
1516 1605 89 95 luy
1643 1589 282 108 demanda
2000 1608 128 75 aussy
2182 1583 262 76 comment
2512 1569 30 79 le
2567 1569 115 98 coup

1121 1705 170 101 setait
1345 1699 112 99 fait
1518 1700 119 88 quil
1698 1688 89 80 luy
1843 1672 246 110 repondit
2151 1676 82 94 que
2288 1663 161 87 cetoit
2519 1664 60 75 un

1143 1790 339 87 malheur
1544 1786 120 86 fait
1727 1768 467 87 Innocemment
2267 1767 217 88 nayant
2536 1762 177 80 jamais

1131 1907 40 68 en
1237 1892 245 89 aucunne
1553 1875 208 97 dispute
1828 1871 120 76 avec
2008 1862 257 86 lhomme
2331 1861 89 84 quy
2468 1852 83 83 luy
2593 1842 114 82 avait

1122 1987 163 87 donne
1343 1982 36 91 le
1410 1981 170 83 coup,
1618 1971 142 94 qu'au
1810 1956 284 90 contraire
2165 1953 23 93 il
2231 1966 43 66 ne
2332 1947 82 94 luy
2465 1942 163 88 avait

1126 2075 192 93 Jamais
1390 2071 117 92 fait
1558 2075 78 81 que
1706 2053 38 93 du
1773 2046 179 101 bien.

1337 2163 87 94 Luy
1481 2161 54 83 Est
1597 2157 126 94 tout
1786 2174 21 72 ce
1844 2156 111 88 quil
2018 2160 2 75 a
2070 2161 67 69 dit
2213 2146 190 85 scavoir
2459 2133 210 88 Lecture

1141 2278 2 65 a
1185 2264 86 90 luy
1321 2258 142 89 faite
1525 2254 41 87 de
1615 2255 60 84 sa
1730 2246 316 91 deposition
2134 2252 2 68 a
2186 2235 53 81 dit
2301 2239 130 83 quelle
2500 2223 201 85 contient

1122 2350 162 74 verite
1346 2342 118 96 quil
1518 2343 3 87 y
1576 2337 227 86 persiste
1864 2337 34 65 et
1954 2342 2 64 a
2018 2319 181 96 signe
2255 2321 117 80 avec
2434 2317 162 79 nous

1105 2450 36 72 et
1186 2438 37 78 le
1282 2428 214 101 Greffier
1561 2420 207 82 commis
1868 2409 193 97 signes
2141 2418 2 67 a
2195 2400 37 85 la
2298 2386 316 93 minutte.

1132 2529 3 74 A
1200 2542 2 63 R
1313 2518 303 85 AAuvray,
1660 2498 217 93 Esteve,
1915 2508 42 59 et
2028 2484 3 90 L
2095 2481 3 82 J
2188 2475 365 98 Rivery

1119 2611 200 104 Greffier
1365 2610 332 94 Comms.

1301 2704 243 99 Jacques
1591 2696 278 106 Nicolas
1932 2702 327 78 Minvielle
2329 2693 107 93 age
2470 2681 65 86 de

1123 2799 155 91 vingt
1333 2790 213 96 quatre
1615 2791 73 66 ans
1779 2778 230 94 second
2085 2772 323 93 Lieutenant
2459 2764 92 87 sur
2589 2768 34 77 le

1129 2886 208 90 navire
1400 2882 30 93 le
1480 2882 128 90 frere
1652 2878 41 90 et
1751 2877 61 69 la
1876 2868 128 76 sur
2075 2863 61 87 du
2181 2862 167 88 havre
2412 2858 35 91 de
2472 2847 207 101 present

1128 2979 49 88 En
1240 2983 121 90 cette
1422 2972 135 83 rade
1627 2966 205 92 lequel
1897 2955 165 93 apres
2119 2953 251 95 serment
2414 2953 107 84 par
2564 2946 81 89 luy

1134 3078 114 83 fait
1333 3073 33 79 de
1415 3069 102 84 dire
1562 3058 173 74 verite
1809 3053 131 83 nous
1991 3052 149 82 avoir
2214 3042 214 81 declare
2484 3035 126 82 netre

1148 3169 214 79 parent
1440 3159 141 78 allie
1638 3134 274 93 serviteur
1977 3145 41 74 ni
2075 3130 373 91 domestique
2506 3117 75 97 des

1121 3253 211 93 parties
1429 3262 139 73 nous
1607 3242 138 73 avoir
1816 3231 358 103 represente
2230 3224 294 98 lexploit
