2528 3872
843 277 27 78 en
911 252 120 100 laditte
1073 230 57 97 Isle
1166 248 11 89 à
1197 262 27 69 la
1274 220 88 105 place
1404 217 35 105 du
1473 215 28 102 S.
1536 232 142 83 Taillevis
1744 213 49 86 de
1813 201 88 108 Perig

1304 361 93 106 miree
1429 362 49 115 aux
1526 343 77 127 Iles
1642 335 67 114 sour
1740 346 31 73 le
1811 336 58 100 ben
1963 325 30 85 de
2017 319 190 126 temoique

818 489 72 126 Elle
928 517 72 106 vous
1036 493 83 126 qu'il
1154 478 53 139 s'y
1243 477 103 136 rende
1393 504 92 107 pour
1531 497 13 109 y
1589 466 101 122 siucirre
1737 464 63 89 cette
1844 458 261 131 destination,
2144 451 208 105 ordonnant

828 639 27 66 et
892 632 189 118 entindent
1141 629 28 110 sa
1221 621 180 120 Majerté
1445 616 99 109 qu'en
1582 610 140 119 laditte
1774 603 172 106 qualité,
1998 600 26 66 Il
2062 597 43 63 ait
2151 596 2 61 –

828 798 2 54 a
885 755 174 118 Leoyane,
1076 787 80 93 enne
1209 744 60 133 sur
1295 769 41 98 les
1419 748 175 114 habitens
1695 758 63 102 que
1799 721 63 124 sur
1902 718 57 127 les
2000 712 98 121 Gins
2241 707 58 91 de

1663 862 58 58 proit
1775 860 18 56 et
1826 837 92 75 devoir
1965 836 86 65 avoir

811 927 176 106 Guerre,
1025 922 26 80 la
1118 915 89 85 même
1269 916 169 88 autorité
1476 898 96 98 qu'il
1618 907 110 75 aunont
1804 902 24 46 ne
1876 898 30 47 on
1948 894 51 56 dû
2048 873 87 77 avoir
2183 866 37 64 au

819 1057 106 122 Cap.
998 1066 134 102 Mande
1193 1042 31 111 sa
1286 1034 159 122 mujesté
1502 1055 37 55 au
1587 1012 259 114 Commandant
1895 998 155 125 Genral
2108 1005 52 75 des

810 1203 89 126 Isle
985 1194 62 115 sous
1095 1191 33 97 le
1183 1187 85 94 Vent
1314 1194 49 80 de
1384 1174 224 120 l'amerique
1673 1171 39 75 de
1732 1152 32 92 le
1812 1160 116 76 Faire
1980 1145 211 87 reconnoitre

825 1383 3 91 a
869 1376 47 119 cet
947 1360 97 130 effet
1111 1362 29 81 et
1189 1346 90 87 obeer
1319 1350 38 82 de
1379 1344 101 84 touts
1526 1347 75 98 ceuux
1639 1345 31 61 et
1717 1337 95 102 ausi
1847 1313 113 121 qu'il
2003 1286 281 138 appartiendre

819 1540 30 75 et
903 1515 38 99 de
973 1516 79 88 temir
1083 1505 30 91 la
1160 1518 90 98 main
1295 1512 13 76 à
1338 1484 193 101 l'éxécution
1593 1474 40 120 du
1678 1462 148 128 present
1876 1459 146 87 ordre.

1487 1602 168 59 ntainebleau

1188 1644 90 121 fait
1359 1662 5 92 a
1410 1639 191 121 Leeflle
1699 1617 30 99 le
1783 1617 56 77 10.
1877 1602 143 125 octobre
2056 1598 90 123 1771.
