2176 1408
269 116 134 64 Exbrait
467 130 37 36 du
555 123 147 49 Regetre
762 127 28 50 de
836 129 148 59 bapteme
1043 132 28 46 de
1145 136 111 57 reglise
1311 130 214 63 peroissiale
1573 138 33 54 de
1628 151 1 45 S
1693 145 65 54 Jean
1803 152 29 48 de
1854 154 169 49 Libourne

264 195 96 44 diviez
435 205 25 37 de
506 201 156 45 bordeaux

400 248 58 66 L'an
522 253 39 62 mil
604 245 78 70 sept
724 242 66 68 cent
838 242 180 71 soixante
1077 251 68 56 cinz
1184 244 19 63 et
1262 241 19 66 le
1330 241 147 70 trerieme
1534 260 31 49 de
1592 272 75 43 sevre
1753 272 20 44 je
1817 272 160 44 soussigne

264 309 37 54 cy
334 310 121 62 baptise
520 329 32 36 un
587 329 49 36 fils
683 330 28 42 de
758 327 177 48 Monsieur
1001 328 62 47 jule
1116 323 22 55 de
1164 315 115 65 taffard
1318 316 164 64 Caplaine
1539 326 48 47 des
1627 323 177 58 gressadiers
1832 327 144 51 Royaux

261 386 178 57 Chevalier
484 398 31 49 de
537 394 106 53 Lordre
693 387 111 70 Royal
840 387 26 71 et
920 401 172 57 militaire
1148 408 29 46 de
1219 413 34 44 S^t
1281 411 129 47 Louys
1456 396 20 62 et
1527 396 25 59 de
1598 406 96 45 dame
1760 391 86 55 Marie
1888 392 119 52 Tresi,

267 467 25 61 de
323 469 170 61 Cerisoire
547 485 63 40 son
660 480 119 52 epouse
850 463 197 70 habitents
1080 470 29 59 de
1152 464 63 67 cette
1281 464 108 64 ville,
1421 468 24 62 il
1472 463 141 67 restose
1656 479 30 48 de
1723 479 69 47 join
1841 458 148 65 precedint

253 544 17 53 le
314 548 75 58 neuf
428 549 115 59 heures
578 563 50 48 de
652 577 61 34 sos

777 574 30 48 on
842 583 65 36 luy
946 580 0 30 a
1011 568 113 51 donne
1162 576 40 36 Le
1240 565 74 45 nom
1365 559 27 44 de
1435 554 118 59 jean,
1591 552 57 60 son
1699 549 135 61 parrain
1881 542 1 49 a
1916 540 35 50 ete

256 630 35 64 S.
317 624 76 63 jean
435 623 143 78 baptisle
626 623 36 80 du
682 626 49 78 roy
772 632 214 72 Represente
1052 638 57 58 par
1164 646 80 54 jean
1302 637 143 54 jaudon
1517 632 51 44 que
1623 636 1 35 a
1662 625 102 45 signe
1831 625 34 44 se

265 719 180 53 marraine
502 715 95 59 dame
663 721 100 69 Marie
822 723 118 65 Marice
1025 720 31 71 de
1080 704 130 83 lartart
1280 717 193 67 represeilee
1544 713 57 48 par
1648 709 125 55 jeanne
1831 678 126 66 malletre

272 803 47 61 qui
365 803 7 48 a
398 802 139 48 declare
599 811 27 47 ne
662 807 150 58 scavoir
875 814 119 51 signes
1057 801 31 62 de
1131 803 20 59 ce
1194 789 214 72 interpillee
1462 800 52 52 pas
1582 800 70 56 moy
1689 785 208 69 Roogntoel
1939 781 65 49 cure

261 863 34 55 de
333 865 159 60 Libourne
554 887 134 43 jaudon

493 956 102 59 cequel
639 951 117 64 extrait
808 961 20 54 je
877 967 204 48 soustigne
1140 937 136 73 sertifie
1329 954 88 50 avoir
1469 931 46 68 ete
1547 930 66 70 lire
1653 926 95 64 mots
1774 925 4 56 a
1848 921 123 64 motrdue

251 1099 1 42 a
289 1091 177 59 Libourne
509 1116 21 41 le
589 1114 21 48 10

263 1170 155 79 Nou

677 1127 97 47 mars
824 1124 87 56 1780
964 1126 291 51 Parissinsque
1292 1118 141 56 Bicaire
1491 1115 24 45 de
1549 1113 164 42 Lebourne

477 1222 124 39 jean
655 1229 278 59 Baptise
989 1236 252 53 amoine
1310 1229 283 66 Conseiller
1657 1255 36 40 se
1765 1257 1 45 d

251 1037 123 44 susdit
418 1038 142 45 Regitre
621 1056 105 39 dans
773 1052 0 45 y
813 1049 105 46 avoir
976 1034 249 63 rendpoule
1270 1046 42 42 sy
1357 1028 182 60 disuisuie
1600 1030 39 61 en
1657 1027 68 64 foy
1756 1023 27 64 de
1808 1022 85 62 quoy
