2752 3568
87 274 213 93 3540..
337 281 75 93 15.

132 447 108 99 390.

176 581 61 71 30.

175 954 54 70 18.

52 1175 76 74 "..
147 1165 90 89 171.

56 1339 46 73 oye

71 1668 59 76 l.
159 1664 100 84 515.

43 1745 23 58 la

160 1808 103 73 300.

43 2070 69 75 loye

52 2290 43 82 ide

146 2177 105 100 150.

126 2347 135 69 132.

41 2514 58 64 rué

168 2426 47 95 67
260 2441 58 66 ..
350 2429 59 78 10.

129 2575 123 63 120.

127 2725 88 64 387

161 2886 72 73 66.

165 3028 73 71 30.

67 3081 240 104 6014..
364 3078 37 107 5.

56 3219 129 101 natorz
211 3213 157 92 elevies
422 3216 80 94 cinq

1057 332 85 77 sols,
1207 342 53 64 non
1308 336 160 73 compris
1532 334 38 75 les
1634 334 235 78 nourritures
1933 334 229 80 d'ouvriers,
2221 334 219 81 journitures
2488 346 54 70 des

1055 420 131 59 negres,
1232 404 220 75 domestiques
1493 412 26 60 et
1572 406 156 69 autres,
1770 424 52 46 des
1869 406 177 73 voitures,
2083 422 214 58 cannevas,
2349 408 104 72 toites
2505 409 0 69 &
2563 408 0 62 l

1045 473 69 75 tout
1164 482 75 69 quoi
1301 474 18 78 je
1374 473 155 80 certiffie
1603 473 159 76 sincere
1813 495 17 48 et
1904 473 188 79 véritable
2160 495 11 44 à
2256 478 177 75 Leogane
2501 495 28 48 ce

1048 555 110 89 Trente
1217 568 77 66 juin
1398 557 51 72 mil
1495 549 77 95 sept
1624 566 45 62 uen
1740 548 188 89 soixante
1999 545 110 93 trois.
2167 545 104 93 Signé
2329 543 285 94 Perrigny.

1047 766 205 89 Nous
1342 765 217 92 Ingénieur
1636 773 199 72 ordinaire
1906 763 32 74 du
1963 768 103 86 Roy,
2104 762 238 88 certiffions,
2406 763 115 85 qu'en
2553 772 71 70 verti

1050 865 50 72 des
1140 869 104 72 ordres
1309 865 37 65 de
1429 852 157 84 messieurs
1639 857 127 63 Bart
1825 861 26 48 et
1946 846 145 82 Lugny,
2132 838 157 81 Général
2342 850 19 66 et
2421 834 205 81 Intendant

1041 965 12 46 à
1103 943 115 66 Saint
1291 937 246 85 Domingue,
1603 951 86 56 nous
1751 939 80 63 nous
1892 925 155 79 sommes
2091 914 251 87 transportés
2404 916 12 63 à
2461 919 160 68 l'ancien

1027 1036 311 68 Gouvernement
1413 1012 168 82 Général
1658 1008 35 78 de
1745 1007 163 83 Leogane
1979 1018 34 61 ou
2062 999 156 75 résidoit
2272 999 95 71 alors
2427 999 189 75 Mons^e

1036 1111 35 62 De
1093 1104 229 83 Perrigny,
1366 1106 120 66 ancien
1559 1091 279 74 commandant
1917 1088 29 57 de
1985 1095 18 60 ce
2053 1081 200 81 quartier,
2320 1080 18 58 à
2394 1075 154 80 l'effes

1045 1187 251 71 d'examiner
1360 1187 26 63 et
1441 1174 189 78 constater
1705 1172 46 64 les
1816 1166 154 78 dépenses
2029 1173 53 65 que
2121 1167 46 61 cet
2217 1155 138 80 officier
2415 1166 163 62 pouvoit

1038 1260 103 72 avoir
1204 1254 97 78 faites
1364 1252 28 76 de
1444 1250 55 77 ses
1562 1257 124 67 deniers
1738 1264 28 50 en
1818 1248 44 68 cet
1909 1242 215 72 endroit;
2209 1239 124 66 nous
2390 1228 231 76 certiffions

1042 1339 106 72 qu'en
1200 1350 17 57 ce
1279 1336 65 66 tems
1417 1339 80 60 nous
1549 1328 228 75 délivramces
1818 1341 38 47 un
1918 1319 212 78 certifficat
2203 1321 59 64 des
2335 1312 197 76 dépenses
2578 1311 38 69 les

1029 1421 81 82 plus
1158 1415 165 83 vrgentes
1398 1406 107 88 faites
1560 1425 67 59 par
1722 1397 138 72 mond.
1917 1394 52 75 S^r
2060 1396 46 81 De
2138 1389 247 89 Perrigny,
2455 1409 58 63 que
2559 1385 26 73 le

1021 1494 209 85 certifficai
1289 1500 97 75 joint
1466 1511 14 40 à
1541 1484 108 74 l'état
1722 1480 165 77 général
1955 1484 120 73 ayant
2112 1472 51 88 été
2200 1470 113 84 perdû
2375 1479 108 62 dans
2538 1466 26 78 le

1024 1584 197 75 transpose
1291 1577 64 74 des
1415 1576 186 75 bureaux
1682 1569 37 67 de
1759 1563 361 78 l'intendance,
2186 1565 88 64 nous
2330 1573 37 58 ne
2422 1566 166 63 pouvons

1031 1669 75 68 nous
1146 1657 138 83 refuser
1358 1671 12 59 à
1433 1651 196 80 justiffier
1702 1654 36 64 de
1771 1649 24 65 la
1863 1643 231 84 légitimité
2150 1641 36 75 de
2219 1641 30 70 la
2299 1641 156 59 Somme
2518 1640 64 69 Lüe

1029 1758 73 62 par
1141 1758 42 56 sa
1247 1728 240 83 Majisté,
1532 1753 61 64 qui
1644 1728 21 81 se
1737 1720 160 72 montoit
1975 1744 15 65 à
2049 1715 67 82 six
2188 1714 100 84 mille
2361 1708 218 93 quatorze

1032 1824 102 76 livres
1192 1840 84 50 cinq
1333 1809 138 78 sols.

1172 1898 1 59 A
1309 1888 218 92 Leogane
1657 1877 28 85 le
1761 1876 101 93 seize
1912 1878 93 79 Juin
2109 1881 66 70 mil
2233 1865 99 92 sept
2390 1859 100 80 cent

1032 1979 221 90 soixante
1303 1974 148 93 sept.
1528 1966 127 95 signé
1786 1967 259 88 Lagneau
2123 1952 41 77 de
2209 1952 265 79 Larres.

1129 2071 141 81 Pour
1343 2089 85 67 copi
1507 2063 194 86 certiffiée
1773 2059 232 82 conforme
2083 2079 19 53 à
2149 2055 269 87 l'oreginal
2465 2058 56 79 que
2556 2052 44 76 est

1105 2150 99 80 entre
1269 2167 45 58 mes
1379 2166 117 61 mains
1580 2146 14 76 à
1659 2138 189 86 Vendôme
1933 2136 25 68 le
2031 2135 79 81 24.
2176 2135 116 78 mars
2376 2138 44 78 17

2152 2212 454 125 Perrigny

1889 2400 223 77 CAmr.

2206 2383 2 63 C
