2784 3536
576 345 36 73 lui
660 347 102 77 seroit
817 349 84 77 tenû
943 351 132 81 compte
1135 355 48 61 des
1231 343 259 84 réparations
1550 342 90 84 qu'il
1700 350 0 78 y
1742 342 139 83 feroit,
1929 363 18 49 ce
1989 342 84 77 dont

560 432 71 78 M.
659 432 112 76 Bart
839 430 54 69 lors
950 437 268 69 Gouverneur
1292 426 158 79 Général
1496 424 47 66 eût
1590 434 29 59 et
1665 433 0 73 a
1717 424 134 80 pleine
1909 424 242 76 connoissance

685 517 32 70 Le
758 514 56 76 S^r
886 512 44 78 De
959 513 220 82 Perrigny
1238 529 31 47 ne
1311 526 122 53 craine
1493 523 62 55 pas
1597 504 213 67 d'avancer,
1840 499 298 82 Monseigneur

558 594 108 85 qu'il
714 606 1 50 a
764 586 172 93 dépensé
962 585 94 82 plus
1105 586 30 76 de
1183 586 114 87 vingt
1353 573 86 69 mille
1487 574 94 81 livres
1631 573 42 65 du
1730 567 78 96 sien
1871 582 93 71 pour
2014 565 141 93 remêttre

550 672 114 71 touttes
700 668 118 79 choses
865 681 34 61 en
940 665 113 73 l'état
1122 670 54 70 que
1245 660 156 76 méritoit
1448 656 17 71 le
1496 656 65 73 lieu
1613 656 92 75 qu'il
1758 649 225 77 habitoit,
2031 658 80 63 dans
2138 656 16 68 la

544 752 180 79 confiance
802 754 103 70 qu'il
959 742 46 76 lui
1060 741 119 70 seroit
1244 736 97 77 tenû
1385 728 147 81 compte
1594 726 28 82 de
1656 732 39 73 ses
1740 720 252 83 déboursés.
2031 722 106 77 torsque

557 830 43 68 eût
648 826 64 74 fini
761 825 32 74 ses
830 825 177 70 travaux
1059 821 22 62 il
1112 819 55 71 eût
1220 819 59 57 lieu
1336 816 30 73 de
1407 811 264 77 s'apercevoir
1739 821 48 60 que
1819 803 22 68 le
1878 801 43 77 S^r
1964 799 185 75 Intendant

550 908 140 69 n'avoit
734 915 58 63 pas
831 897 122 78 dessein
1004 896 29 68 de
1067 901 25 71 le
1130 891 100 80 faire
1279 894 122 73 payer
1457 884 65 64 bien
1584 880 294 72 exactement;
1946 878 29 69 Il
2038 874 81 73 s'en

553 985 188 75 expliqua
811 984 66 69 par
920 986 90 60 écrie
1074 978 83 62 avec
1215 970 90 60 lui,
1342 969 23 60 et
1413 963 95 75 reçût
1567 967 56 58 une
1671 957 171 78 réponse
1896 952 50 71 treis
1978 952 105 71 claire
2126 962 1 55 a

545 1067 19 67 la
603 1061 84 69 date
750 1059 38 69 du
850 1056 32 75 5.
927 1049 160 76 Janvier
1156 1043 132 77 1763,
1339 1044 95 65 dont
1486 1053 101 61 copie
1662 1030 219 81 cy-joite,
1938 1043 60 56 par
2044 1023 101 79 laquel

558 1128 84 78 M^r
699 1127 37 65 De
775 1125 144 85 Clagny
975 1120 90 81 disoit
1129 1116 148 74 n'avoir
1329 1105 177 66 entendû
1552 1104 48 82 lui
1652 1108 89 68 faire
1787 1096 254 80 rembourser
2093 1111 42 60 que

549 1207 32 68 les
645 1201 158 83 dépenses
861 1215 55 63 qui
981 1194 164 78 seroient
1197 1197 121 75 jugées
1371 1184 265 81 nécéssaires.
1725 1180 25 72 Il
1809 1192 103 59 avoit
1953 1171 55 80 été
2043 1170 61 74 fait

551 1296 38 51 un
652 1284 85 70 devis
783 1292 67 60 par
914 1276 19 63 le
968 1265 48 76 S^r
1087 1263 174 84 Lagueau
1337 1261 163 78 Delaris
1545 1259 210 80 Ingenieur
1826 1247 54 81 du
1904 1253 65 78 Roy
2011 1259 41 61 de

542 1353 121 73 l'ordre
719 1360 32 52 de
797 1345 110 70 M^rs
958 1348 121 66 Bart
1119 1344 27 67 et
1203 1344 32 61 de
1281 1342 157 73 Clugny
1505 1337 53 73 dès
1609 1335 16 71 le
1681 1334 64 74 15.
1796 1331 167 79 Janvier
2025 1328 95 76 1762

548 1431 41 63 du
656 1439 160 59 mauvais
849 1423 80 68 état
997 1420 46 63 du
1096 1416 139 75 susdit
1284 1412 341 69 gouvernement,
1669 1412 26 54 et
1743 1411 65 60 des
1867 1402 262 76 réparations

553 1502 184 78 urgentes;
819 1516 74 53 mais
941 1502 23 51 il
1013 1497 30 67 ne
1101 1498 101 70 peut,
1251 1485 384 77 Monseigneur,
1689 1481 23 68 le
1767 1483 117 70 mettre
1916 1476 79 76 sous
2038 1478 62 69 vosl

554 1587 74 72 yeux
687 1588 178 68 parceque
931 1570 67 64 tous
1040 1570 38 74 les
1137 1572 153 74 papiers
1350 1557 92 83 qu'il
1496 1563 105 79 avoit
1654 1551 172 78 produits
1879 1565 13 59 à
1940 1544 208 76 l'intendance

533 1669 95 63 pour
685 1652 14 77 le
737 1646 196 88 reglement
996 1644 31 80 de
1079 1644 54 80 son
1173 1637 142 83 compte
1367 1639 30 70 de
1455 1633 207 79 dépense,
1713 1631 148 68 comme
1925 1622 89 75 ledit
2054 1621 101 86 compte

535 1733 35 73 les
629 1747 107 61 pieces
812 1745 40 49 au
890 1723 156 71 soutien
1100 1728 29 56 et
1167 1724 12 55 le
1211 1719 95 66 devis
1360 1716 40 65 de
1432 1722 256 69 l'ingénieur
1754 1721 62 54 ont
1865 1704 56 77 été
1970 1702 128 77 perdus

545 1811 75 71 dans
670 1807 18 71 le
744 1810 194 72 tranpose
999 1799 53 80 des
1112 1810 166 69 papiers
1333 1794 35 69 du
1430 1789 324 82 Gouvernement
1804 1794 24 55 et
1872 1783 35 81 de
1940 1779 205 85 l'jntendanr

540 1903 35 50 au
637 1883 60 81 Cap
787 1879 70 81 lors
902 1880 29 65 de
976 1874 179 80 l'arrivée
1217 1871 36 65 de
1315 1868 87 71 M.
1447 1870 18 66 le
1522 1860 162 77 Vicocute
1740 1864 36 70 de
1821 1854 219 78 Delsunce
2085 1853 47 81 que

537 1981 0 60 y
588 1965 73 70 fixa
730 1965 39 66 sa
820 1960 250 78 residence;
1138 1973 23 51 ce
1194 1956 57 76 qui
1302 1952 40 79 est
1404 1948 199 83 constaté
1647 1955 81 70 par
1783 1947 24 73 la
1863 1945 92 69 lettre
1999 1947 24 60 de
2056 1947 74 61 M.

525 2051 18 62 le
578 2039 203 81 Président
828 2043 33 63 de
909 2037 191 73 Bongars
1164 2029 223 76 Intendant
1451 2030 39 62 du
1543 2033 39 63 28
1640 2022 115 79 avril
1825 2024 114 75 1767,
1976 2023 23 74 et
2041 2016 66 73 par

530 2123 18 70 le
588 2119 210 80 certifficat
854 2126 35 69 au
916 2117 75 78 pied
1041 2114 30 66 de
1143 2127 64 57 mon
1251 2112 160 78 compte
1479 2107 29 61 de
1553 2103 171 85 dépenses
1763 2107 109 78 signé
1910 2102 30 70 de
1990 2107 92 58 M.

529 2201 172 83 Lagueau
773 2195 31 70 de
840 2197 92 67 laris
1004 2198 214 77 jngenieur
1296 2185 32 83 du
1356 2192 74 78 Roy
1490 2193 32 62 en
1557 2182 105 75 datte
1727 2189 50 62 du
1819 2176 56 87 16.
1910 2180 74 81 juin
2032 2170 104 76 1767.

542 2283 21 69 ce
619 2281 139 68 défaut
834 2280 37 60 de
932 2277 119 70 forme
1106 2276 130 65 parot
1302 2285 109 56 avoir
1476 2265 304 67 constamment
1826 2260 129 73 arrêté
1995 2258 78 66 tous

527 2354 166 85 Mess^rs
765 2353 43 76 les
862 2347 373 86 administrateurs
1275 2341 226 86 posterieurs
1561 2337 19 76 à
1628 2346 68 67 M.
1737 2338 38 72 De
1810 2333 166 87 Clugny,
2017 2338 44 72 qui
2090 2342 56 50 avec

523 2441 21 56 la
617 2439 163 69 meilleure
854 2432 163 66 volonté
1066 2431 30 57 du
1160 2431 134 66 monde,
1347 2433 21 57 et
1421 2431 125 63 ayant
1599 2426 238 61 eux-mêmes
1881 2420 129 65 pline

519 2514 253 84 connoissance
826 2509 39 86 de
894 2513 20 82 la
949 2504 130 87 justice
1133 2506 57 59 des
1250 2498 210 75 demandes
1520 2500 38 67 du
1588 2492 44 69 S^r
1686 2494 44 77 De
1766 2491 210 82 Perrigny,
2017 2483 94 74 n'ont

529 2601 53 68 pas
627 2593 58 68 crû
724 2592 117 79 devoir
903 2588 163 77 prendre
1110 2584 47 75 sur
1213 2597 64 55 eux
1346 2579 35 66 de
1426 2575 110 73 mettre
1587 2574 82 70 cette
1725 2569 145 84 affaire
1926 2583 1 64 a
1978 2566 93 76 fin,

525 2671 130 71 comme
708 2668 19 73 il
786 2666 137 78 conste
988 2673 66 74 par
1112 2660 167 86 diverses
1344 2657 120 71 lettres
1529 2655 83 79 dont
1665 2661 114 79 copies
1830 2648 199 85 cy-jointes
2062 2651 32 62 de

519 2741 122 71 M^rs
695 2746 61 70 De
811 2738 194 85 Kerdifien
1053 2738 176 86 tremais,
1284 2737 182 76 Duvernier
1545 2733 42 82 De
1611 2740 25 80 la
1708 2730 298 87 Mahautiere,

512 2841 61 60 De
602 2842 205 68 Bongars
866 2834 27 79 et
957 2822 283 89 Peyrac.

667 2909 38 87 Il
762 2909 127 89 paroit
958 2909 197 92 pourtant
1218 2930 70 71 par
1358 2910 25 65 la
1447 2907 88 80 lettre
1599 2912 25 73 de
1675 2907 242 92 l'ingénieur
1959 2915 47 64 du
2066 2907 54 73 20.

518 2999 127 100 octobre
705 2999 135 96 1768,
885 3001 90 96 dont
1020 3006 97 91 copie
1177 3003 232 94 cy-jomte,
1462 3006 60 77 que
1574 2997 23 96 la
1634 3012 99 74 piece
1791 2995 25 96 la
1858 2993 70 85 plus
1970 2993 153 99 necessoire

2615 1416 7 69 e

2613 1581 28 63 de

2608 1655 0 59 e

2601 1717 42 102 loy

2599 1815 54 57 au.

2604 1879 32 62 de

2593 1943 42 84 fai

2605 2110 33 48 v0

2588 2182 71 55 Certe

2590 2274 66 47 muel

2595 2338 26 61 de

2596 2417 37 85 de

2594 2573 58 74 Sol

2584 2663 52 60 Col

2579 2737 74 90 lége

2585 2813 48 75 pla

2569 2892 58 66 Re

2585 2954 56 71 20

2564 3042 92 75 Crou

2586 3115 50 73 des
