2336 3504
168 131 1 116 8
270 130 116 129 août
477 165 105 119 1775

183 299 0 113 J
264 293 25 109 le
337 298 57 80 10.
426 305 97 81 dudit

239 429 105 248 N.
393 457 72 182 9.

916 138 113 64 St
1087 138 460 89 Domingue

647 405 123 97 Le
807 401 54 107 S.
899 401 206 99 Taillevis
1173 408 32 91 de
1241 404 207 113 Perigny
1493 414 40 105 cy
1561 417 146 92 derent
1768 412 260 104 Lieutenant

719 548 32 94 de
800 548 140 89 Roi
989 570 2 62 a
1062 548 220 108 Léogane,
1326 578 59 76 qui
1450 569 0 57 a
1515 547 220 95 demandé
1786 570 44 62 au
1887 555 89 76 mois

708 685 154 93 d'avril
935 685 146 96 dernier
1141 689 30 93 le
1231 718 110 70 grade
1410 698 34 83 de
1471 695 310 95 Brigadier,
1815 689 193 94 sollicite

712 843 291 98 aujourdhui
1081 848 28 82 le
1173 837 134 103 brevet
1364 868 35 58 de
1449 835 198 98 Colonel
1725 835 14 96 à
1767 835 36 96 la
1874 843 120 84 suite
2065 855 49 67 de

700 999 41 85 tes
824 998 166 121 Corps
1073 996 117 123 qu'il
1239 1000 141 115 plaira
1455 1023 50 64 au
1571 998 158 116 Roi,
1787 999 75 81 son
1903 1001 191 82 intention

702 1160 111 78 etant
882 1168 37 64 de
981 1179 217 61 continer
1266 1160 13 80 à
1316 1158 143 87 servir
1526 1166 50 71 sa
1644 1154 261 93 Majesté;
1948 1154 106 66 il–

710 1312 196 110 demande
966 1335 121 89 encore
1170 1326 99 98 pour
1329 1312 257 92 Retraite
1654 1312 174 87 actuelle
1895 1320 46 62 de

700 1475 87 75 son
869 1473 162 86 servrce
1101 1495 0 64 a
1159 1487 35 66 S.
1240 1473 308 84 Domingue,
1588 1475 29 67 un
1681 1473 128 86 brevet
1884 1480 53 75 de

698 1625 411 97 Commandant
1181 1656 27 59 en
1281 1640 139 80 second
1486 1654 35 66 ou
1578 1654 42 61 de
1691 1619 286 101 Gouverneur

706 1783 318 99 honoraire.

889 1936 88 104 Cet
1044 1936 125 108 officier
1206 1942 29 77 ex
1279 1946 96 84 entré
1412 1937 74 89 dans
1522 1942 23 77 la
1596 1950 199 94 Compagnie
1853 1954 38 60 de
1956 1936 127 85 Cudete

1044 2062 0 41 a
1082 2039 268 92 Rochefort
1406 2052 500 76 cn......
1963 2026 125 87 1746.

923 2139 160 119 Enseigne
1140 2136 85 86 dans
1257 2149 27 73 les
1349 2142 118 112 Troups
1518 2155 26 97 de
1600 2129 26 94 St
1642 2129 177 117 Domngue
1860 2150 35 95 en
1926 2124 19 120 ..
1960 2123 134 121 1750.

903 2269 199 94 Decutenant
1160 2272 92 91 en.

906 2378 215 98 Capitaine
1176 2398 27 64 en
1244 2397 49 40 ..

1851 2260 86 70 ...
1966 2239 129 90 1753.

1888 2334 210 130 ..1756.

933 2509 111 91 Majer
1090 2524 26 56 de
1176 2491 151 111 Léogane
1380 2510 33 85 en
1466 2472 620 108 .........1759.

929 2618 97 91 Ch^r
1058 2626 27 72 de
1117 2622 33 73 S.
1181 2608 100 95 Louis
1329 2630 29 67 en
1381 2625 126 50 ...

1822 2588 95 90 ...
1934 2573 130 98 1763.

932 2713 100 90 Lieut^t
1064 2731 25 75 de
1138 2710 74 93 Roi
1253 2735 25 67 de
1334 2707 134 113 Léogane
1523 2716 216 83 ......
1771 2701 26 73 16
1837 2701 75 111 avril
1960 2700 117 112 1769.

921 2838 85 56 retiré
1046 2846 26 85 en
1105 2839 78 92 1771.
1222 2849 53 53 avec
1308 2849 39 51 une
1399 2835 125 94 pension
1576 2832 26 73 de
1629 2832 111 81 1500^lt

923 2937 23 62 et
982 2945 18 58 le
1053 2927 89 73 brevet
1196 2945 23 51 de
1267 2925 107 75 Liur^e
1403 2935 30 70 de
1475 2923 65 88 Roi
1587 2923 161 87 honoraire

778 3064 73 115 Le
898 3060 65 109 S.
1030 3058 54 111 de
1111 3052 248 146 Perrigny
1416 3080 176 106 observe
1669 3052 103 123 qu'il
1821 3067 144 108 auroit
2023 3063 73 97 pû
