2848 3680
85 243 241 50 maison

73 313 105 67 Cris
253 292 111 86 dans

77 408 26 53 re
169 398 116 68 quil
337 390 41 62 ne

128 483 34 65 et
198 466 27 91 le
253 464 123 89 sieur

93 558 135 71 edit

100 655 92 59 nel.
238 650 1 62 3

78 745 114 78 nent
251 748 33 70 ce

112 846 142 79 coup

71 950 26 82 il
149 941 261 95 jnocent

168 1108 221 104 Lecture

85 1223 124 70 celle

71 1298 133 94 signé
278 1296 103 79 avec

86 1402 0 51 a
151 1391 56 60 La

87 1472 3 68 7
157 1465 242 85 Rivery

82 1689 159 74 vingt
304 1675 150 81 quatre

90 1764 180 80 urant
336 1759 94 72 rue

71 1867 43 79 et
180 1863 111 74 par
338 1844 93 89 luy

93 1952 175 73 etaré
331 1938 120 79 netre

71 2037 194 90 plique
316 2028 77 77 des

124 2132 157 72 ploit

83 2233 156 75 poser
304 2230 3 61 a
362 2220 40 71 la

104 2329 136 83 Jour
303 2324 105 73 par

71 2431 25 72 ie
199 2420 102 79 sur
359 2416 85 75 les

89 2527 183 75 lainte
321 2519 40 80 du

136 2641 3 56 a
201 2608 76 91 été
312 2600 136 99 faite

73 2708 134 84 dalle
281 2707 64 73 du

91 2827 30 68 es
175 2804 45 83 de
268 2798 189 96 Lapres

80 2913 154 73 diner
309 2904 41 76 et

104 3019 27 57 le
194 2985 51 84 Il

73 3116 77 71 hés
221 3095 32 81 Le
301 3090 146 81 Sieur

87 3214 111 103 sieeue
255 3203 157 105 Tache

991 246 155 79 sortir
1215 243 38 70 en
1311 235 182 79 criant
1558 236 131 73 sans
1755 235 321 71 cependant
2142 235 119 58 quil
2338 235 113 41 par

979 329 258 89 Entendre
1302 337 34 69 ce
1383 315 108 91 quil
1550 311 171 81 disait
1781 306 170 82 etant
2023 315 46 68 un
2110 312 83 58 peu
2265 277 239 93 Eloigné

981 430 33 69 de
1048 433 84 82 luy
1196 414 272 93 quayant
1534 412 46 79 vu
1631 402 53 88 du
1729 391 170 95 monde
1957 394 175 82 courir
2197 372 112 76 chés
2357 368 143 80 ledit

992 517 136 81 sieur
1175 510 170 79 Tache
1410 493 51 85 Il
1519 493 4 77 y
1566 484 164 81 courut
1790 484 135 74 aussy
1979 475 44 69 et
2077 486 3 61 y
2128 463 215 77 trouva
2405 463 41 60 un

986 610 199 71 homme
1252 585 195 87 Etendu
1514 597 4 66 a
1584 574 130 87 terre
1775 575 93 80 quy
1912 554 158 85 avait
2132 554 110 75 recu
2305 558 43 57 un
2394 549 108 63 coup

981 702 189 73 danme
1248 705 3 64 a
1304 680 71 87 feu
1441 677 231 85 chargé
1731 669 4 58 a
1786 661 129 70 trois
1973 642 170 76 balles
2217 637 125 74 dans
2440 638 26 69 le

986 797 129 79 coté
1144 783 137 84 droit
1349 760 275 107 quayant
1686 754 83 72 été
1824 737 222 99 aporté
2104 747 81 76 une
2230 721 259 98 paillasse

987 909 42 64 on
1106 888 81 84 luy
1226 875 117 88 aida
1426 887 4 65 a
1502 855 160 97 mettre
1713 853 48 62 le
1812 840 68 67 dit
1944 825 218 82 homme
2234 814 122 84 dessus
2429 815 40 66 et

985 979 226 94 ensuite
1268 955 38 100 Il
1371 958 148 98 visita
1590 940 49 107 la
1692 938 171 92 playe
1932 913 168 85 dudit
2177 912 215 89 homme
2477 915 2 82 e

1019 1086 73 73 mit
1146 1077 45 93 le
1230 1059 239 93 premier
1537 1032 291 114 appareil
1908 1024 86 89 que
2051 1007 363 103 quelques–

1004 1171 312 79 personnes
1389 1146 95 82 luy
1536 1136 193 80 ayant
1794 1111 276 90 demandé
2112 1093 295 80 comment
2461 1104 36 53 ce

996 1264 103 79 coup
1184 1256 103 80 luy
1349 1235 144 85 Etoit
1556 1241 167 63 arrivé
1782 1229 45 66 et
1884 1207 52 82 si
1982 1202 44 79 le
2073 1202 124 83 sieur
2256 1194 191 80 Tache

1005 1358 212 95 Lavait
1272 1343 117 97 fait
1445 1334 185 93 exprés
1692 1315 36 76 Il
1784 1294 252 114 repondit
2103 1294 92 95 que
2246 1286 100 79 l'on
2428 1298 39 52 ne

1000 1455 200 79 devait
1267 1440 167 86 point
1504 1422 225 78 accuser
1790 1403 36 82 le
1888 1396 74 81 dit
2017 1390 178 89 Tache
2263 1396 75 73 que
2387 1379 138 80 cetoit

1015 1561 44 76 un
1115 1553 134 82 coup
1325 1513 447 107 malheureux
1839 1493 117 94 fait
2028 1460 478 116 Innocemment

1008 1660 35 75 de
1087 1646 60 89 sa
1195 1636 145 95 part
1408 1623 125 91 quil
1596 1627 40 55 ne
1681 1610 227 70 lavait
1960 1577 423 95 certainement
2418 1561 127 90 point

1010 1741 112 91 fait
1186 1725 207 98 exprés
1449 1720 178 81 etant
1683 1708 106 66 très
1834 1694 100 85 bien
2007 1675 275 91 Ensemble
2345 1669 231 90 quapres

1008 1849 92 85 que
1145 1841 105 81 luy
1300 1820 304 98 deposant
1660 1809 105 76 luy
1810 1800 78 65 eut
1972 1799 84 67 mis
2146 1777 28 87 le
2221 1775 238 85 premier

1015 1931 283 107 appareil
1374 1909 43 98 jl
1492 1903 46 107 le
1583 1895 199 107 Seigna
1846 1899 41 60 et
1942 1874 26 80 le
2016 1858 341 107 chirurgien
2409 1848 38 77 du

994 2042 125 91 Roy
1182 2026 174 81 etant
1412 2017 126 92 venu
1602 2008 95 65 voir
1761 1989 152 75 ledit
1973 1972 214 90 homme
2245 1958 25 86 il
2324 1957 43 78 se
2394 1953 190 79 retira,

1018 2130 193 102 ajoute
1280 2115 59 90 Le
1384 2098 297 114 deposant
1753 2102 85 77 que
1887 2073 102 94 lors
2029 2075 123 91 qu'il
2201 2056 139 92 entra
2429 2047 23 75 le

1025 2222 250 101 pistolet
1345 2217 113 91 quy
1507 2193 159 104 avait
1732 2190 178 87 party
1970 2175 121 75 etoit
2144 2154 171 96 Encore
2367 2150 122 80 dans

1023 2329 132 82 Letoc
1211 2318 54 86 du
1322 2310 149 90 sieur
1535 2294 241 80 Tache.

1215 2407 97 95 Luy
1359 2400 62 95 Est
1475 2396 121 94 tout
1644 2409 36 68 ce
1722 2395 132 85 qu'il
1909 2395 4 63 a
1961 2376 61 83 dit
2104 2363 216 91 scavoir
2363 2351 203 91 lecture

1027 2526 5 69 a
1075 2514 77 81 luy
1207 2502 156 90 faite
1448 2499 40 74 de
1550 2494 52 73 sa
1657 2462 316 105 deposition
2066 2456 4 81 a
2133 2452 81 85 dit
2284 2443 170 89 quelle

1015 2609 255 88 contient
1314 2594 171 81 verité
1539 2584 128 79 qu'il
1750 2584 4 71 y
1824 2555 236 91 persiste
2124 2545 45 77 et
2209 2551 3 62 a
2276 2528 176 90 signé
2481 2532 86 67 avec

1019 2709 132 70 nous
1222 2706 48 55 et
1334 2674 35 86 le
1421 2660 247 110 Greffier
1721 2633 252 94 commis
2098 2633 205 93 signés
2388 2633 4 51 a
2466 2604 38 80 la

1042 2788 216 85 minutte
1317 2749 368 104 Rafina,
1708 2743 217 83 Esteve,
1971 2734 49 91 et
2094 2736 39 82 L.
2169 2708 44 80 J.
2241 2706 249 88 Rivery

1016 2854 225 140 Greffier
1319 2847 344 101 commis.

1245 2960 95 89 Du
1391 2950 212 90 guinze
1676 2939 122 92 may
1870 2928 102 85 mil
2023 2917 149 96 sept
2225 2914 99 84 cent
2384 2892 205 89 soixant

1058 3060 61 91 six
1194 3052 119 91 trois
1390 3048 205 81 heures
1679 3025 41 85 de
1754 3023 260 86 relevée.

1263 3120 306 97 Manuel
1633 3110 237 103 Ravet
1943 3115 106 84 agé
2086 3098 52 74 de
2182 3090 154 86 vingt
2389 3079 222 95 cingant

1038 3215 427 124 arquebusier
1526 3210 42 104 de
1614 3210 78 99 son
1775 3203 179 101 metier
2022 3179 426 93 travaillant
2510 3179 47 56 et
