2144 2624
212 163 55 46 M.
316 166 44 59 de
398 166 181 78 Perrigne

172 399 54 51 M.
267 386 143 63 Dutillet

964 177 6 51 2

1059 180 179 79 Perrigny

1331 167 23 72 le
1411 172 58 61 28.
1533 167 179 84 decembre
1763 170 99 85 1775.

379 690 192 78 Recesez,
625 693 277 78 Monsieur,
972 723 80 45 avec
1105 709 23 60 le
1185 720 134 51 nouvel
1377 726 33 54 an
1484 710 39 68 les
1581 707 192 74 nouvelles

389 774 207 87 assurances
659 775 51 90 des
754 791 207 76 Sentimens
1024 806 51 62 que
1100 796 31 72 je
1163 804 69 58 vous
1282 806 32 42 ai
1364 798 113 50 voues
1540 790 19 58 et
1603 787 38 61 du
1704 789 44 81 vif
1798 781 101 90 desir

391 868 49 69 que
493 868 64 65 j'ai
621 876 54 71 que
728 868 81 79 vous
846 868 166 79 puissiez
1065 886 171 59 insperer
1306 868 43 53 les
1408 886 139 35 bonnes
1600 868 91 64 vues
1771 879 70 65 que

395 957 75 45 vous
524 957 80 59 avez
673 940 97 69 pour
839 938 96 76 notre
1010 940 257 74 malheureuse
1331 937 182 68 colonie.
1631 938 149 75 puisse
1828 938 81 63 cette

392 1026 113 57 annee
598 1036 52 37 par
706 1036 42 44 vos
818 1027 103 59 mains
977 1021 24 49 et
1052 1018 89 58 votre
1202 1016 103 66 noble
1370 1016 174 63 fermete
1623 1015 154 68 assurer
1829 1014 98 67 enfin

385 1101 16 68 le
438 1094 116 73 pivot
633 1091 53 66 sur
738 1090 116 71 lequel
907 1090 53 55 elle
1007 1104 27 60 ne
1092 1087 68 76 fait
1218 1102 53 59 que
1324 1086 163 70 tourner
1572 1086 89 68 saus
1698 1088 85 68 cesse
1814 1081 143 76 depuis

383 1176 67 53 bien
506 1172 45 59 des
595 1173 198 58 annees.
895 1180 17 44 a
964 1167 76 57 cette
1096 1164 204 60 condition
1366 1173 22 48 je
1441 1161 277 58 consentirois
1780 1170 128 50 encore

389 1248 25 56 de
445 1244 132 66 l'aller
638 1258 65 52 voir
773 1249 103 61 pour
937 1253 0 44 y
988 1240 159 51 chanter
1217 1255 52 42 vos
1325 1237 205 66 lonauges
1596 1243 84 57 avec
1740 1242 80 55 ceux
1881 1242 56 61 qui

385 1314 221 71 gouteroient
679 1319 15 59 le
726 1312 155 69 bonheur
955 1321 103 52 sans
1109 1307 145 63 savoir
1334 1302 93 68 d'ou
1464 1301 19 62 il
1544 1302 65 63 leur
1660 1315 173 52 vient.

388 1398 93 61 ainsi
540 1396 82 61 vous
675 1396 28 63 ne
735 1384 131 78 doutes
918 1396 120 62 pas,
1113 1382 212 63 monsieur,
1384 1375 33 72 de
1454 1373 22 72 la
1540 1373 218 76 Sinicerite
1816 1374 55 66 des

378 1476 107 61 voeux
543 1476 57 66 que
631 1481 22 58 je
707 1462 138 57 formes
905 1471 99 49 pour
1058 1455 83 54 tout
1196 1458 16 63 ce
1256 1463 61 69 qui
1371 1457 104 70 peut
1546 1449 110 78 faire
1728 1446 115 77 votre

378 1544 127 66 gloire,
559 1554 24 48 et
655 1550 16 44 le
704 1538 156 60 bonheur
937 1541 94 51 d'un
1083 1529 128 69 payr
1273 1533 69 63 que
1380 1524 216 68 j'aime.

534 1603 68 66 j'ai
663 1623 73 45 scu
802 1622 47 50 que
899 1615 78 57 vous
1024 1613 97 52 aviez
1168 1604 56 64 vu,
1306 1603 211 64 monsieur,
1579 1606 21 52 le
1646 1602 175 67 tableau
1877 1600 67 65 bien

367 1701 25 44 en
459 1688 140 62 abrege
670 1691 78 53 mais
791 1675 68 67 bien
916 1672 164 62 naturel
1143 1672 24 65 de
1225 1678 62 63 mon
1350 1670 178 68 malheur
1595 1674 29 68 de
1653 1674 24 63 la
1735 1680 72 56 nuit
1865 1675 43 62 du

362 1769 61 73 27.
458 1779 33 47 au
554 1765 71 54 28.
677 1759 129 75 aoust,
854 1758 27 67 et
928 1765 50 67 que
1035 1761 87 62 vous
1185 1768 2 61 y
1233 1759 81 69 avez
1372 1750 140 56 donne
1565 1747 64 72 des
1672 1746 235 71 plaintese

355 1849 224 67 auxquelles
631 1844 95 68 j'ai
777 1841 53 62 ete
900 1835 238 69 sensible.

561 1931 153 50 d'avois
778 1925 100 54 prie
982 1899 85 75 M^
1151 1898 22 74 le
1235 1898 127 74 Comte
1420 1903 64 65 De
1526 1895 195 77 Sedieres
1794 1906 37 61 de
1868 1896 27 74 le

353 2005 92 63 faire
508 2002 169 63 connoitre
748 2008 42 51 au
848 1996 224 63 Ministre,
1148 2005 83 50 mais
1289 2000 137 49 comme
1475 1994 24 55 il
1548 1995 1 44 a
1594 1985 51 59 ete
1694 1984 96 63 tress

375 2080 156 77 malade
591 2086 22 56 et
683 2082 168 72 n'apu
899 2075 17 57 le
975 2079 71 60 voir
1132 2083 27 65 je
1197 2071 152 76 prends
1418 2067 23 77 le
1478 2065 147 77 parti
1683 2067 39 58 de
1781 2062 23 56 le
1840 2061 56 63 li

356 2163 205 77 adresser,
622 2174 172 66 quoique
894 2167 72 61 mon
1022 2158 260 74 procureur
1376 2158 34 57 me
1487 2146 145 69 mande
1687 2144 123 80 qu'il

180 2352 212 86 Monsieur
492 2360 95 76 De
628 2357 30 78 la
728 2358 213 83 Coste.
