3232 3688
241 3649 0 0 1

958 233 184 84 devant
1184 233 42 86 En
1285 233 215 84 qualité
1553 233 42 86 de
1666 248 197 71 garcon
1957 247 120 70 chés
2159 233 49 75 le
2255 233 167 75 sieur

953 326 169 79 Tache
1225 325 39 82 En
1303 319 97 87 cette
1458 317 98 86 ville
1620 340 78 59 rue
1775 316 363 95 Espagnolle
2209 308 221 84 Lequel

965 426 167 88 aprés
1210 413 252 91 serment
1527 428 113 77 par
1686 414 93 89 luy
1851 405 106 96 fait
2023 403 40 85 de
2115 403 94 72 dire
2260 399 200 76 verité

966 534 117 61 nous
1152 508 146 86 avoir
1361 504 216 79 declaré
1628 501 140 84 netre
1837 503 221 75 parent
2111 493 139 78 allié
2349 508 110 59 mais

960 614 196 79 garcon
1219 598 406 86 travaillant
1689 604 145 71 pour
1893 586 49 86 le
1996 585 145 89 sieur
2206 585 151 71 Tache
2435 597 37 61 et
2513 596 1 62 a

956 716 68 82 ses
1108 712 141 89 gages
1326 701 134 79 nous
1511 695 148 80 avoir
1736 681 365 101 representé
2174 669 285 97 lexstoit

967 784 463 113 Dassignation
1527 785 4 86 a
1589 783 87 95 luy
1735 775 179 95 donné
1951 764 163 104 pour
2166 762 239 103 deposer
2481 783 1 54 a

938 901 40 83 la
1025 901 248 85 requete
1351 887 63 75 du
1474 884 316 84 procureur
1848 873 53 77 du
1948 883 76 72 roy
2095 868 33 75 de
2152 883 32 66 ce
2244 867 118 76 jour
2417 875 80 65 par

966 988 61 81 S^t
1075 983 230 88 amand
1381 970 236 91 huissier
1699 965 35 79 de
1771 974 34 71 ce
1861 965 197 84 siege.

1219 1089 206 85 Depose
1507 1074 104 82 sur
1674 1073 65 86 les
1815 1070 141 92 faits
2019 1065 226 90 enoncés
2333 1076 40 61 en
2429 1071 46 63 la

962 1189 444 80 remontrance
1468 1199 37 64 en
1561 1171 246 91 plainte
1880 1170 54 75 du
1980 1171 321 70 procureur
2351 1158 60 73 du
2450 1157 72 78 roy

956 1292 65 60 du
1067 1291 161 61 treize
1293 1281 40 71 de
1374 1292 33 60 ce
1458 1269 112 76 mois
1659 1265 138 75 dont
1864 1264 213 71 lecture
2149 1262 86 67 luy
2292 1270 1 48 a
2339 1255 91 68 été

960 1381 139 96 faite
1170 1382 130 78 par
1357 1364 40 93 le
1461 1352 235 104 Greffier
1752 1349 242 88 Commis
2068 1363 90 69 que
2210 1338 45 76 le
2300 1327 142 90 treize
2478 1327 24 85 de

955 1475 35 75 ce
1037 1486 104 66 mois
1219 1463 98 81 vers
1376 1452 65 82 les
1508 1450 66 88 dix
1659 1433 410 101 aonzeheures
2143 1428 46 87 du
2251 1432 145 78 matin
2464 1441 39 62 un

953 1569 304 76 Monsieur
1330 1555 126 88 quil
1518 1551 51 81 ne
1624 1544 215 82 connoit
1913 1543 114 77 pas
2114 1538 118 73 vint
2291 1543 0 54 a
2344 1536 111 70 ly

949 1664 323 84 Deposant
1349 1637 283 98 pendant
1703 1637 126 89 quil
1886 1625 383 93 travailloit
2313 1643 2 50 –

941 1752 333 82 dattention
1353 1757 3 66 a
1429 1736 79 73 son
1582 1731 198 86 Etably
1843 1742 32 66 et
1924 1726 91 85 luy
2076 1716 256 89 demanda
2412 1708 85 75 sil

954 1858 257 86 pouvait
1282 1831 88 101 luy
1422 1827 215 95 recoller
1704 1837 57 74 un
1848 1840 264 79 morceau
2186 1817 43 81 de
2275 1805 154 102 laffit

961 1954 94 87 dun
1122 1937 262 96 pistolet
1457 1935 109 94 quy
1626 1930 114 92 etoit
1801 1921 156 97 fendu
2039 1938 86 73 que
2165 1926 93 79 luy
2298 1916 219 84 deposant

951 2054 93 93 luy
1120 2055 195 85 ayant
1384 2033 246 103 repondu
1716 2036 82 85 que
1870 2033 91 85 ouy
2039 2018 141 89 ledit
2260 2026 244 67 Monsieur

947 2150 155 100 Laissa
1181 2152 52 66 la
1285 2134 169 89 paire
1524 2127 47 102 de
1600 2122 258 98 pistolet
1919 2116 125 98 dans
2125 2118 36 81 un
2228 2112 98 84 coin
2400 2115 111 84 quil

938 2265 81 74 luy
1099 2240 227 99 jndiqua
1414 2225 79 98 sur
1567 2223 86 87 son
1723 2218 214 104 Etably
2014 2221 138 93 sans
2236 2207 77 107 luy
2359 2206 92 91 dire

936 2348 81 89 sils
1085 2339 214 93 étoient
1368 2329 263 100 chargés
1701 2338 43 77 ou
1807 2338 93 72 non
2005 2336 93 83 que
2154 2322 213 88 lheure
2429 2315 30 89 de

936 2449 145 85 diner
1162 2432 171 87 etant
1402 2434 132 88 venu
1603 2426 34 87 jl
1714 2427 331 84 semirent
2109 2438 1 64 a
2186 2419 150 87 table
2426 2419 33 76 le

957 2530 120 106 sieur
1132 2532 201 102 Tache
1401 2542 31 61 et
1477 2520 137 106 luy,
1667 2516 92 112 que
1811 2511 298 113 pendant
2184 2514 130 102 quis

937 2646 264 89 dinoient
1273 2636 36 93 le
1362 2634 206 93 garçon
1655 2635 97 74 dun
1820 2619 485 85 chaudronnier
2373 2622 97 77 quy

942 2752 260 77 demeure
1291 2744 73 79 vis
1408 2759 2 56 a
1466 2738 61 80 vis
1589 2730 182 80 dudit
1839 2723 136 80 sieur
2031 2722 165 80 Tache
2281 2715 210 76 vint–

938 2863 163 77 prier
1171 2860 41 62 ce
1261 2845 217 79 dernier
1553 2840 34 85 de
1638 2836 98 91 luy
1813 2829 331 95 permettre
2213 2824 41 81 da
2298 2819 196 86 comoder

947 2995 2 47 a
1000 2995 90 32 von
1178 2995 145 37 croi,
1500 2949 101 85 orde
1672 2944 101 88 quy
1844 2942 131 83 etoit
2052 2936 125 87 gate
2264 2945 93 70 que
2400 2929 111 69 ledit

942 3041 121 88 sieur
1121 3036 196 85 Tache
1397 3043 94 84 luy
1544 3041 209 82 ayant
1825 3028 242 87 permis
2133 3024 222 75 ledit–

942 3167 199 65 garcon
1212 3142 100 88 fut
1391 3138 333 87 travailler
1803 3147 309 77 qu'ayant
2166 3135 106 87 fini
2344 3128 112 86 leur

944 3234 140 97 diné
1145 3225 219 106 lesieur
1428 3225 195 91 Tache
1702 3242 36 66 et
1810 3225 87 99 Luy
1976 3241 65 86 se
2113 3233 252 94 leverent
