3872 3040
2002 303 35 65 du
2085 285 56 93 1^er
2178 285 74 96 7^bre
2282 285 106 96 1772.

1994 467 117 80 A^on
2143 442 255 130 d'information

2175 828 66 132 CeM

2862 344 256 91 Cherait
3194 367 41 69 des
3270 374 166 73 minutte
3477 371 28 76 du
3533 364 117 83 greffe

2838 447 184 86 criminel
3078 447 35 83 du
3130 449 100 88 siege
3273 444 132 89 royal
3449 451 15 82 de
3514 439 33 62 S^t
3572 438 112 56 Louis.

2503 559 320 107 Addition
2931 568 412 100 d'Information
3449 562 102 90 feite

2428 685 66 65 par
2547 679 85 69 nous
2677 675 1 57 M
2795 667 85 72 Jean
2939 663 215 85 Rraptiste
3211 655 228 84 DEcopin,
3461 646 203 68 lieutenant

2406 753 89 61 civil
2552 756 18 54 et
2598 750 198 59 Crminel
2865 749 25 72 de
2911 752 20 73 la
2975 739 136 83 partie
3149 737 37 83 du
3202 738 66 81 sud
3312 743 25 71 de
3370 730 42 65 S^t
3440 730 221 72 Domingue

2408 828 4 67 A
2457 824 30 69 la
2548 818 179 77 Requete
2779 820 33 68 de
2854 818 86 69 jean
3014 815 210 64 Thomy,
3254 809 268 63 demandeur
3585 799 33 53 Et

2402 884 398 80 Complaignant,
2832 881 177 75 habitant
3072 880 269 77 demeurant
3388 878 38 70 au
3458 878 166 61 quartier

2409 967 55 78 les
2493 958 180 86 anglois,
2718 963 20 78 le
2772 962 222 75 procureur
3063 949 120 83 fiscal
3241 943 132 72 joint.
3402 940 144 64 contre

2418 1041 222 77 Mathien
2720 1031 249 74 janson,
3006 1024 188 78 habitant
3247 1026 35 75 du
3307 1020 95 79 port
3439 1015 188 59 Cavaillon

2422 1107 226 71 deffendeur
2714 1109 21 52 Et
2787 1106 178 61 acuse,
3003 1114 1 38 a
3046 1097 174 66 laquelle
3282 1088 294 73 jnfformation

2424 1192 109 67 avons
2563 1180 183 70 procede
2810 1180 93 61 ainnsi
2954 1180 87 66 qu'il
3099 1164 189 60 Ensuit.

2847 1249 101 88 Du
2985 1253 179 84 premier
3216 1250 211 87 septembre
3498 1261 54 66 mil
3584 1257 80 68 sept

2843 1326 83 82 cent
2976 1334 47 74 dix
3091 1320 105 83 neuf,
3235 1325 36 56 au
3328 1315 174 74 matin.

2491 1425 227 89 francoise
2786 1422 125 82 Roy,
2940 1440 102 57 veuve
3078 1404 199 86 Guerard,
3309 1406 208 72 habitante

2459 1516 349 77 ameuranteau
2837 1501 181 74 quartier
3079 1497 198 73 d'aquin,
3300 1481 182 84 paroisse
3537 1476 108 54 dudit

2440 1590 97 73 lieu,
2563 1584 75 77 agee
2681 1580 176 80 d'Environ
2927 1567 209 77 quarante
3211 1559 88 76 ans,
3335 1548 176 78 laquelle
3554 1550 108 69 apres

2435 1654 159 70 serment
2672 1645 78 71 par
2784 1641 63 69 Elle
2890 1634 84 74 fait
3016 1631 34 73 de
3078 1638 68 57 dire
3194 1626 130 67 verite
3388 1626 27 60 Et
3454 1621 138 59 qu'elle

2433 1742 70 51 nous
2535 1716 86 72 adit
2687 1708 94 85 n'etre
2828 1701 179 75 parente
3084 1698 156 73 alliee,
3294 1683 178 80 servante
3548 1683 36 46 ni

2411 1793 243 84 Domestique
2715 1791 39 85 des
2781 1781 172 82 partis
2992 1781 25 61 Et
3051 1781 85 80 nous
3168 1781 3 77 a
3227 1759 234 97 represente
3490 1752 180 87 l'exploit

2425 1857 283 85 d'assignation
2809 1859 2 70 a
2853 1861 60 54 Elle
2961 1856 152 50 donnee
3177 1855 71 58 par
3305 1841 170 67 Grauge
3522 1829 169 82 huissier,

2432 1944 21 52 le
2489 1936 184 55 trentieme
2739 1932 30 52 du
2826 1935 74 51 mois
2946 1926 150 56 d'aoust
3152 1921 161 63 dernier
3369 1914 103 66 pour
3508 1908 160 70 deposen

2419 2017 3 51 a
2444 2010 28 60 la
2507 1992 152 90 requete
2720 1996 109 74 dudit
2876 1983 97 81 jean
3034 1978 183 91 Thomy,
3247 1984 33 80 le
3316 1986 252 72 procureur

2430 2074 119 65 fescal
2630 2063 152 66 joint.

2582 2142 261 84 Depose
2924 2131 67 83 sur
3054 2126 31 87 les
3107 2141 78 67 faits
3230 2140 232 63 mentionnes
3512 2126 39 56 En
3606 2123 33 54 la

2427 2245 167 74 plainte
2668 2242 28 57 Et
2729 2229 193 74 nouvelle
2975 2214 163 82 requete
3207 2205 105 78 dudit
3361 2211 63 56 jean
3480 2198 170 65 Thomy,

2421 2323 205 63 dequelles
2683 2314 67 60 luy
2821 2302 122 63 avons
2974 2295 87 67 fait
3128 2283 205 74 lecture,
3370 2289 72 59 que
3519 2276 37 58 le

2419 2397 199 55 dimanche
2704 2370 221 74 trentieme
3003 2371 34 60 de
3088 2365 145 61 juillet
3294 2357 221 63 dernier,
3531 2345 139 62 Ennviron

2405 2467 87 76 cinq
2549 2448 131 87 heurs
2723 2451 39 66 du
2795 2438 131 69 soir,
2952 2434 130 69 Etant
3139 2434 2 57 a
3180 2424 28 69 la
3260 2422 146 80 porte
3475 2420 33 74 de
3543 2407 37 62 sa

2425 2533 283 70 Maison,
2747 2526 64 74 Elle
2857 2521 51 88 vit
2978 2513 148 92 passer
3203 2510 39 79 les
3282 2506 184 76 nommes
3501 2497 142 89 Thomy

2415 2621 21 65 Et
2478 2610 188 74 Gillet,
2699 2609 154 68 venant
2925 2611 44 57 du
3025 2598 88 71 cote
3150 2602 30 61 de
3203 2606 20 58 la
3280 2598 150 68 Riviere
3473 2601 193 58 dornante
