1914 2731
319 190 0 93 E
355 182 185 106 dénomiation

973 203 309 101 Exltait
1345 218 36 86 au
1438 247 155 66 minuttes
1651 251 29 63 du

785 507 193 80 Par
1056 490 342 105 Sentence
1446 533 30 66 ou
1510 525 30 77 27
1589 530 65 73 8^bre
1674 535 73 70 1719

762 598 105 62 rendüe
917 611 48 51 par
1001 596 240 70 Contumace:
1278 600 206 71 Mathieu
1517 606 141 68 Janson
1699 621 0 53 a

756 687 39 48 été
823 681 170 56 condamne
1032 693 0 45 a
1072 685 51 54 être
1166 687 131 54 pendu,
1312 693 20 49 en
1380 689 47 54 300
1482 692 20 52 de
1526 691 165 56 dommage

751 751 71 59 ꝑ^,
841 761 21 51 en
896 756 62 59 tous
1002 747 36 70 les
1067 754 106 66 dépens
1212 762 16 57 et
1273 752 21 65 le
1328 754 131 71 surplus
1517 766 22 62 de
1582 758 38 71 ses
1648 758 77 69 biens

763 838 110 48 acquis
927 834 17 53 et
986 828 168 62 confisqué
1192 838 25 53 au
1268 837 164 58 Domaine
1478 841 21 55 de
1541 835 109 63 la–

750 898 213 76 Compagnie
1010 902 147 71 Royale
1198 914 26 49 de
1261 905 37 58 S^t
1344 908 224 76 Domingue,
1594 910 47 68 sur
1667 912 38 69 les

752 978 82 58 quels
873 980 135 61 seroient
1060 988 65 54 pris
1190 983 82 62 300^lt
1298 984 226 65 d'Amende.

763 1054 26 59 Le
829 1051 107 69 quatre
972 1055 153 73 decembre
1175 1061 152 66 suivant,
1348 1063 61 60 cette
1444 1060 275 73 condamnation

744 1136 0 48 a
784 1133 42 51 été
860 1129 150 69 executt́e
1066 1134 55 64 par
1160 1130 152 73 Effigie.

558 1230 105 123 Par
728 1234 299 126 s'Examen
1076 1294 45 69 que
1153 1299 112 69 nerent
1289 1294 35 71 fit
1348 1305 19 59 ce
1390 1300 19 70 la
1441 1298 130 75 pleente
1611 1324 10 48 et
1645 1310 45 66 des

565 1371 181 67 procedures
798 1375 44 59 qui
868 1380 45 62 ont
949 1373 105 69 suivi;
1082 1376 40 62 les
1168 1381 129 60 preuves
1357 1397 34 50 sur
1428 1383 178 70 lesquelles
1661 1392 30 53 la

545 1444 136 60 sentence
727 1456 0 46 a
768 1457 41 47 été
842 1450 97 58 rendüe
966 1457 59 53 nous
1048 1453 180 63 paroissent
1267 1460 276 65 concluantes.
1569 1469 31 57 Il
1632 1468 35 60 est

549 1527 123 55 prouve
724 1524 43 61 que
809 1518 110 61 Janson
960 1530 82 61 avoit
1078 1532 73 59 tiré
1187 1536 26 54 un
1254 1532 92 68 Coup
1396 1532 30 70 de
1448 1533 139 71 Pistolet
1637 1552 17 49 à

537 1588 147 71 Thomy,
712 1596 69 62 mais
839 1602 19 54 le
902 1596 127 68 Pistolet
1076 1600 103 68 n'étoit
1222 1612 128 61 chargé
1383 1621 45 51 que
1456 1611 26 59 de
1515 1621 78 48 petit

530 1662 124 74 Rlomb
694 1673 24 63 et
760 1666 118 76 Thomy
913 1676 18 65 ne
972 1671 50 73 fus
1058 1671 107 78 blesse
1207 1695 44 50 que
1298 1684 225 71 legerement.
1554 1682 87 69 Tous

537 1741 35 66 les
604 1739 117 68 crimes
776 1755 46 52 qui
869 1748 20 59 se
920 1752 204 68 commettent
1165 1755 214 67 doivent-ils
1429 1758 50 68 être
1525 1778 97 52 punis

534 1825 68 54 avec
636 1825 63 58 cette
737 1825 121 59 riqueur
900 1831 50 57 qui
997 1832 152 60 presume
1186 1835 143 64 toujours
1385 1842 24 59 la
1455 1840 80 61 plus
1570 1852 142 51 mauvaise

527 1890 208 68 intention.
783 1895 31 59 si
844 1896 32 68 cet
915 1902 106 54 accuse
1050 1907 42 59 eut
1125 1911 46 49 été
1204 1911 156 62 entendu,
1380 1917 15 53 il
1424 1913 42 62 eut
1504 1916 156 65 sans–

530 1966 80 59 doute
645 1964 123 78 allegué
803 1970 23 73 en
872 1974 23 71 sa
935 1971 118 75 faveur
1088 1977 39 71 des
1156 1982 261 70 Circonstances
1467 1985 45 73 qui
1541 1987 122 73 eussent

526 2044 335 67 considírablement
907 2048 115 69 attenue
1068 2052 45 64 son
1158 2061 130 63 crime.

562 2107 298 82 Circonstance
892 2120 343 78 rémarquable.
1272 2124 126 82 Thomy
1438 2144 57 62 étoit
1546 2147 23 59 en
1632 2141 0 63 –

511 2196 184 63 Commerce
743 2192 193 68 d'acultere
988 2203 64 59 avec
1089 2199 25 64 la
1160 2201 107 68 femme
1310 2212 26 60 de
1377 2208 174 69 Janson:
1589 2210 45 63 Ce

537 2330 68 59 Réné
622 2331 63 63 Puyen
714 2335 145 60 convaincüe
891 2341 18 48 de
933 2341 102 50 mauvais
1054 2342 132 62 commerce,
1202 2350 99 57 decordre
1324 2351 15 58 et
1362 2348 115 61 scandate
1509 2353 111 60 publie,

513 2393 132 58 condamnée
676 2389 41 67 par
745 2392 104 64 sentence
876 2407 19 47 du
922 2407 14 51 30
972 2397 42 65 may
1035 2397 42 65 1722
1112 2400 11 60 à
1139 2400 38 59 être
1203 2411 102 57 envoyée
1330 2409 20 61 en
1376 2406 91 68 france
1503 2413 52 63 pour
1576 2419 2 54 y
1598 2410 42 61 être

512 2459 53 51 rasée
595 2460 13 50 et
630 2450 100 62 enfermée
770 2451 9 61 à
800 2452 162 62 perpeuité.
