2304 3592
446 369 99 93 Son
616 378 48 76 mil
701 362 86 89 sept
831 353 74 92 tent
961 350 206 89 sorxante
1236 348 141 89 quinze
1452 335 28 94 E^t

417 449 97 74 reuf
558 435 126 82 heures
719 447 30 66 du
819 425 90 85 malit

1529 308 17 89 le
1584 321 164 92 premies
1794 302 86 95 jous
1926 315 32 79 de
1995 291 79 108 Sept

423 525 87 60 nous
546 521 110 63 pierre
715 505 36 69 le
781 494 81 76 gont
911 489 136 74 notaire
1107 484 36 68 du
1174 485 58 67 roy
1275 479 30 73 En
1353 477 31 75 la
1432 474 293 78 Seréchaussée
1791 483 30 52 de
1892 457 52 74 S^t
1970 453 108 85 Louis

406 589 134 70 partie
575 564 135 84 qusud
756 562 29 81 de
826 558 46 73 S^t
900 556 185 74 domingue
1138 548 179 80 &sidant
1352 553 65 66 aux
1484 540 96 80 cayes
1622 529 76 88 fond
1741 533 26 70 de
1816 522 108 72 l'iste
1960 529 14 66 à
2011 520 101 77 vache

411 641 81 72 sous
525 631 148 75 signé,
700 627 33 71 et
772 631 27 69 En
832 616 171 87 présente
1055 614 51 73 des
1145 613 148 81 témoins
1333 618 31 67 cy
1399 617 115 69 aprés
1561 609 164 53 nommés
1765 596 98 82 aussy
1909 589 68 81 sous
2006 584 121 85 signés

408 718 16 67 à
462 699 38 82 la
543 685 211 98 requisition
798 687 39 70 du
861 688 106 67 Sieul
1034 675 140 95 Denise
1206 672 209 90 Fredureau
1475 664 57 89 De
1556 654 251 96 Milledoüin
1881 667 221 77 procureur

413 783 128 63 gerant
589 763 26 77 le
673 750 259 92 habitations
969 754 31 56 de
1037 746 201 73 Monsieur
1293 745 36 69 De
1361 738 176 69 Perrigny
1576 730 189 81 chevalier
1797 744 30 54 de
1865 722 47 76 S^t
1933 720 109 68 Louis,
2058 734 98 61 ancien

414 831 213 91 Lieutenant
661 837 37 79 de
740 833 61 59 roy
837 814 18 78 à
902 808 168 84 Leogane
1133 803 21 72 et
1205 800 190 80 habitant
1434 788 27 85 En
1492 794 73 86 cette
1617 797 132 77 plaine
1792 789 42 76 du
1863 772 101 94 fond,
1987 769 37 90 dé
2033 768 134 92 present

404 919 27 61 en
478 903 171 79 france,
677 896 83 79 nous
800 876 178 94 sommes
1010 874 23 89 la
1066 869 77 79 près
1185 860 219 92 transporté
1452 859 63 69 sur
1570 869 33 72 la
1657 856 262 78 principalle
1966 858 52 63 des
2047 844 95 74 dittes

409 976 259 69 habitations
702 965 140 76 staie
888 954 29 74 en
944 955 78 76 cette
1062 936 121 91 plaine
1230 933 34 83 du
1299 926 70 88 fond
1429 923 182 86 paroisse
1652 932 34 63 de
1733 904 184 91 torlect,
1944 914 16 67 à
1993 898 146 79 l'effet

397 1030 304 89 conformement
743 1029 21 76 à
799 1024 33 69 la
861 1019 90 72 ditte
998 1002 224 89 requisition
1286 1003 31 59 de
1366 986 189 76 constater
1599 983 70 82 par
1723 988 121 65 procez
1882 963 149 79 verbal,
2045 972 111 65 après

402 1100 105 81 visitte
539 1097 27 72 et
604 1085 230 88 vérification
860 1088 50 75 des
943 1081 147 70 lieux,
1121 1063 46 88 les
1192 1049 270 102 degradations
1502 1042 222 73 survenues
1758 1037 60 79 sur
1854 1032 125 80 laditte
2009 1031 160 68 habitation

401 1163 61 80 par
505 1155 209 80 l'ouragan
763 1141 122 86 arrivé
917 1147 34 72 en
988 1141 74 76 cette
1094 1139 150 74 partie
1293 1119 32 63 de
1357 1116 27 64 la
1428 1110 149 77 colonie
1635 1103 83 64 dans
1753 1100 18 70 la
1823 1106 72 66 nuit
1941 1103 36 61 du
2029 1089 107 75 Vingt

405 1227 84 90 sept
523 1228 42 75 au
609 1216 111 92 vingt
751 1206 86 93 huit
869 1209 36 76 du
963 1213 79 68 mois
1075 1183 159 98 passé,
1253 1184 29 79 et
1315 1171 184 80 constater
1551 1159 127 73 l'Etat
1713 1160 108 73 artuil
1854 1153 84 82 dans
1968 1146 150 78 lequ'el

401 1312 72 73 rns
499 1298 29 83 se
559 1286 170 78 trouveta
768 1290 47 74 quo
848 1281 4 57 y
884 1279 72 58 nous
975 1274 97 63 avais
1104 1250 152 92 procédé
1287 1245 30 65 en
1349 1228 238 83 commentant
1633 1221 62 82 par
1750 1215 137 83 laditte
1915 1209 222 82 principalle

403 1376 208 88 habitation
650 1353 98 92 ainsy
787 1347 71 89 qu'il
896 1342 78 62 suit

413 1442 289 80 premierement
741 1414 106 78 avoirs
867 1405 139 79 trouvé
1050 1401 40 75 la
1141 1396 119 84 maison
1304 1366 253 100 principalle
1607 1362 29 84 de
1662 1357 114 89 faitée
1839 1355 33 63 en
1912 1342 93 74 Entie
2078 1347 30 67 Et

408 1514 141 73 environ
601 1520 35 54 au
673 1500 98 64 tiers
824 1469 280 82 recouverte,
1136 1464 88 77 trois
1272 1450 185 75 madriers
1484 1444 35 61 du
1574 1428 190 80 plancher
1823 1426 30 62 de
1891 1417 34 63 la
1965 1417 173 61 chambre

407 1576 162 79 servant
610 1563 102 79 autre
740 1552 67 83 fois
836 1550 33 68 de
910 1538 151 72 eubinet
1096 1532 16 75 à
1142 1528 67 79 M.
1221 1528 33 78 de
1329 1505 157 77 errigny
1515 1496 134 79 enlevés
1679 1497 27 62 et
1736 1486 195 83 déplaces,
1963 1470 31 67 le
2020 1470 115 65 cabine

411 1645 161 75 servant
603 1644 38 66 de
685 1612 206 92 gardirobe
945 1602 179 80 defoncé
1171 1600 28 59 et
1234 1589 58 74 ses
1322 1580 126 83 portés
1490 1569 28 75 de
1559 1560 161 80 Verêtres
1769 1558 161 67 Brisées,
1949 1548 90 73 ainsy
2072 1540 54 74 que

403 1703 32 84 La
475 1691 160 89 cloison,
656 1689 33 83 et
716 1684 46 94 les
791 1673 123 90 portes
943 1676 24 68 et
1016 1654 178 94 fenêtres
1237 1668 31 61 de
1323 1640 40 97 la
1410 1625 217 108 gardirobe
1678 1622 29 71 de
1744 1618 77 89 M^d
1858 1619 30 77 de
1938 1608 197 89 Perrigny

406 1843 85 73 plus
517 1834 112 70 avons
653 1820 129 82 trouvé
808 1805 43 80 les
881 1797 161 87 fénêtres
1075 1781 40 76 du
1174 1782 140 81 cabiret
1360 1759 74 92 nord
1469 1754 31 88 au
1519 1744 111 96 desour
1661 1746 30 67 de
1730 1751 28 59 la
1801 1738 94 79 fatte
1936 1726 145 76 Brisées
2116 1729 27 64 et

408 1774 210 77 Egalement
649 1760 184 75 prisées.

404 1913 42 68 les
471 1899 138 76 plombs
635 1902 22 59 de
688 1879 114 78 toutes
833 1879 42 65 les
918 1852 180 85 Lusarded
1137 1860 29 69 de
1203 1843 30 88 la
1283 1843 132 83 maison
1458 1828 131 67 Enlevés
1621 1815 30 78 et
1683 1804 93 85 jettés
1811 1801 129 85 partie
1987 1809 74 59 dans
2090 1807 19 57 le

401 1965 105 85 petit
535 1951 125 93 jardin
696 1943 26 82 et
758 1957 104 71 partie
906 1933 37 85 de
1011 1929 29 85 la
1087 1922 179 85 Savant,
1289 1919 107 74 ainsy
1423 1898 53 72 que
1539 1891 36 67 se
1600 1885 76 73 vent
1707 1879 57 79 qui
1795 1881 90 71 Etoit
1917 1869 157 80 audessus
2106 1878 35 49 de

409 2041 27 75 la
475 2035 92 89 porte
600 2035 26 68 et
659 2029 40 60 des
731 2003 151 97 lenêtres
914 2014 34 65 de
988 2008 27 71 la
1038 1983 93 92 Salle
1169 1979 43 80 du
1241 1976 80 74 côté
1367 1978 36 76 du
1447 1962 8 94 p
1601 1946 95 99 ardin
1747 1947 59 82 que
1837 1947 82 82 nous
1947 1929 89 74 avons
2064 1915 112 88 trouvé

412 2113 99 60 Brisé
543 2109 21 58 et
591 2103 59 57 par
707 2086 178 63 morteaux

410 2155 86 67 plus
530 2156 102 62 avons
659 2140 133 74 trouvé
831 2140 19 63 le
894 2125 223 80 poullailles
1173 2118 21 57 et
1215 2110 26 68 le
1283 2103 201 69 colombier
1530 2095 261 70 entierement
1832 2092 220 67 renverrés–

422 2217 81 74 plus
548 2209 37 71 la
625 2207 145 75 cuisine
827 2192 205 76 défaitée,
1050 2191 23 72 et
1110 2204 41 60 au
1176 2184 111 78 quart
1318 2187 28 49 on
1400 2169 152 65 Environ
1611 2158 197 71 decouverte
1890 2170 1 43 –

410 2292 108 74 plus.
551 2277 30 79 La
621 2284 63 70 case
723 2268 158 68 servant
923 2264 16 68 à
974 2261 29 82 la
1057 2251 145 90 négresse
1233 2234 186 96 christine
1464 2236 38 67 au
1531 2228 77 76 deux
1666 2221 102 74 fiers
1806 2210 250 80 renversée–

410 2372 88 77 plus
546 2364 43 68 le
648 2347 139 81 moulin
829 2346 100 83 àjean
987 2337 38 64 au
1061 2329 90 84 trois
1187 2319 128 81 quarts
1356 2314 225 87 déouvert.
1608 2314 1 64 –

409 2455 87 64 plus
538 2438 29 71 la
603 2433 165 77 Sucrerie
830 2427 29 79 et
894 2407 56 97 Les
978 2397 237 102 fourneaux
1257 2392 223 84 totalement
1518 2384 221 89 découverts
1771 2400 1 62 –

413 2518 95 81 plus
538 2514 30 68 la
618 2506 181 86 purgerie
841 2498 24 76 es
907 2502 116 80 brut,
1052 2487 97 90 dans
1197 2468 194 100 laquelle
1443 2469 113 71 avons
1587 2456 141 78 trouvé
1781 2463 26 67 La
1885 2456 193 84 quantité
2131 2459 26 72 de

420 2582 190 80 soixante
649 2589 76 64 cing
770 2574 194 74 tiariques
1011 2581 36 52 de
1104 2556 118 74 sucrt
1274 2557 96 64 Brut
1416 2538 57 68 non
1514 2538 216 80 liviafe,
1755 2526 90 75 dont
1882 2528 127 76 partie
2096 2528 28 64 se

410 2660 116 55 trouve
576 2640 142 71 réduité
736 2650 35 63 au
822 2636 136 74 quart,
976 2630 25 74 et
1029 2625 19 73 le
1099 2620 162 73 sedplus
1292 2622 39 65 au
1360 2614 104 66 tiers,
1477 2609 35 64 ou
1558 2608 12 60 à
1612 2596 172 78 moitié,
1815 2600 236 64 paraissant
2082 2596 81 62 avoit

409 2725 46 69 eté
502 2709 113 86 fondu
655 2711 71 71 par
760 2701 27 78 la
833 2694 139 82 pluie,
1004 2682 146 92 laditte
1195 2672 181 94 purgerie
1422 2675 34 59 au
1490 2664 94 81 trois
1620 2656 136 87 quarts
1786 2648 259 80 découverte,
2081 2657 56 58 une

411 2785 121 68 ferme
576 2767 138 79 entiere
758 2767 34 77 du
827 2752 75 89 colé
942 2763 45 76 du
1034 2757 61 77 nord
1149 2755 39 75 au
1234 2732 173 97 pignolit
1444 2728 102 89 ayant
1584 2725 60 69 été
1672 2723 140 76 enlevée
1873 2723 24 76 et
1934 2713 103 77 jettée
2098 2717 73 76 dans

408 2859 36 68 la
485 2856 87 65 cour
619 2849 30 56 de
683 2840 30 65 la
746 2832 90 87 ditte
869 2827 247 90 purgerie,
1140 2817 21 90 le
1210 2816 155 77 Lierplus
1402 2816 27 66 de
1472 2806 130 80 laditte
1639 2796 175 90 pargerie
1863 2798 85 81 aussy
1998 2787 27 80 En
2068 2786 73 77 plus

415 2917 122 88 grande
581 2909 129 87 partie
760 2899 228 88 découverté,
1016 2897 92 82 ainsy
1135 2904 51 65 que
1242 2885 133 86 l'Etuve

419 2975 74 85 plus
542 2973 29 80 Le
607 2978 80 78 Bacg
723 2976 15 62 à
762 2969 126 82 Sipp,
911 2970 54 69 que
1000 2957 82 78 ledit
1105 2955 87 80 sieur
1234 2934 203 101 requerant
1492 2931 81 82 nous
1608 2927 3 79 a
1641 2924 152 85 déclaré
1841 2919 68 88 etre
1964 2922 28 71 au
2041 2909 95 84 trois

419 3053 116 81 quarts
561 3054 83 76 plein
690 3034 70 87 hors
795 3044 23 68 de
866 3030 251 89 l'evenement,
1144 3018 63 90 Etre
1241 3004 257 99 présentement
1534 2996 98 82 pliies
1670 2995 85 92 ainsy
1787 2991 52 85 que
1878 2989 51 87 son
1981 2993 104 80 Basiien

421 3129 20 69 le
462 3126 80 75 tout
581 3125 30 65 en
649 3112 271 82 fermentation
960 3107 24 68 et
1013 3099 77 64 hors
1125 3095 24 67 de
1194 3086 88 75 Vente

416 3190 83 78 plus
530 3190 31 72 la
598 3184 88 79 forge
728 3168 207 76 totalement
989 3153 196 86 découverte

409 3259 82 77 plus
517 3259 87 73 trois
639 3256 87 59 caces
760 3244 19 66 à
806 3237 210 90 Bagasses,
1043 3241 80 58 dont
1158 3225 85 71 celle
1273 3219 145 70 dunord
1464 3218 15 68 à
1510 3216 145 104 mertié
1700 3221 123 95 pleine
1876 3230 23 61 de
1922 3209 198 101 charbage
