3808 3072
356 1340 51 86 10.

806 321 220 100 Depose
1118 320 57 86 sur
1231 334 36 89 les
1295 328 114 89 faits
1472 336 234 87 mentionnés
1741 341 36 65 En
1805 347 29 64 la

693 418 128 70 plainte
895 418 114 73 dudit
1054 427 79 58 jean
1207 423 158 66 Thomy
1435 423 24 64 de
1494 419 184 70 laquelle
1751 427 75 64 luy

690 499 121 69 avons
849 495 93 76 fait
1008 491 207 80 lecture.
1265 508 93 63 qu'il
1440 507 43 58 n'a
1560 489 159 75 aune
1795 501 0 52 –

671 571 320 76 connoissance
1071 581 32 65 de
1151 575 96 70 cette
1301 573 229 77 affaire.
1578 588 70 62 qui
1690 575 49 56 Est
1776 574 91 56 tout

664 659 22 57 ce
713 656 95 60 qu'il
875 667 0 49 a
911 661 49 55 dit
1019 651 189 64 savoir.

848 735 144 69 secture
1059 734 2 65 a
1111 726 68 77 lui
1230 726 97 82 faite
1383 741 29 49 de
1440 725 34 85 sa
1520 735 295 75 déposition

686 811 1 57 a
717 801 59 70 dit
832 803 105 55 jelle
1004 808 177 65 contenir
1254 802 198 67 verité,
1492 821 1 49 y
1534 814 1 57 a
1591 803 220 69 persiste
1888 802 32 60 Et

679 892 0 72 a
720 886 176 79 signé.
955 901 100 66 ainsi
1102 880 142 87 signés
1279 896 0 51 a
1314 893 24 62 la
1414 883 206 70 minutte
1697 882 47 69 P.
1779 882 141 68 Petit,

665 970 233 74 DEcopin.
924 970 37 76 Et
998 970 333 77 Caramajor.
1368 969 228 77 Greffier.

1102 1086 88 66 Du
1231 1086 207 66 dixieme
1509 1095 89 57 jour
1659 1078 182 74 d'aoust

1100 1169 64 88 mil
1199 1158 92 91 sept
1333 1158 84 98 cent
1481 1160 70 95 dix
1629 1160 141 75 teuf,
1812 1152 35 65 au

1093 1230 190 59 matin.

719 1297 174 104 Damis
975 1308 190 94 jacques
1255 1292 204 102 Pelerin
1557 1314 197 73 Labitant
1828 1308 32 76 du

660 1413 191 78 quartier
890 1407 26 84 Et
962 1399 177 90 paroisse
1198 1397 33 89 du
1258 1396 91 76 fond
1402 1396 33 68 de
1500 1397 112 77 l'Isle
1684 1399 0 61 a
1723 1390 184 76 vache,

662 1498 0 41 y
713 1491 321 75 dmeurant,
1079 1474 77 78 agé
1208 1474 180 70 d'Environ
1477 1472 135 92 vingt
1670 1474 84 88 cinq
1805 1487 39 78 an

639 1561 140 84 lequel
858 1558 116 87 aprés
1010 1560 213 86 serment
1284 1559 91 75 par
1424 1559 67 89 luy
1545 1565 104 73 fait
1703 1571 25 48 de
1764 1569 79 58 dire

653 1653 122 48 verité
836 1637 24 81 Et
903 1645 103 59 qu'il
1067 1638 92 70 nous
1194 1654 0 49 a
1231 1644 49 55 dit
1364 1638 99 89 n'Etre
1504 1646 207 76 parent,
1742 1644 127 69 allié

636 1720 199 70 serviteur
891 1722 30 64 ni
972 1718 284 71 Domestique
1333 1740 51 53 des
1424 1722 173 71 parties
1653 1727 20 58 Et
1704 1740 86 51 nous
1831 1731 0 56 a

642 1793 253 92 Representé
967 1794 208 91 l'eExploit
1233 1793 338 92 d'assignation
1695 1809 0 61 a
1773 1797 64 78 luy

652 1871 138 82 donnée
864 1889 87 66 par
1020 1873 172 83 Graugé
1279 1878 178 65 huissier
1538 1882 29 68 le
1600 1880 260 73 quatrieure

647 1969 26 44 de
704 1966 26 52 ce
798 1962 125 70 mois,
965 1973 99 55 pour
1137 1971 193 55 deposer
1392 1965 0 57 a
1434 1966 26 54 la
1507 1964 172 73 requête
1747 1971 36 64 de

640 2051 88 63 jean
838 2036 210 81 Thomy,
1101 2036 29 81 le
1176 2039 239 71 procureur
1479 2036 152 85 fiscal
1735 2044 134 62 pint.

764 2124 231 93 Dépose
1089 2126 62 89 sur
1190 2138 28 80 le
1259 2133 101 85 faits
1414 2148 278 70 mentionné
1746 2148 40 58 En
1820 2154 27 56 la

625 2228 183 72 plainte
883 2227 129 77 dudit
1053 2228 111 69 jean
1257 2226 176 74 Thomy
1504 2242 33 49 de
1570 2228 209 70 laquelle

611 2313 67 79 luy
739 2314 122 70 avons
899 2310 84 81 fait
1060 2314 211 71 lecture,
1315 2309 55 77 que
1431 2309 17 58 le
1481 2309 261 68 dmanche

620 2378 127 84 trente
830 2384 159 75 juillet
1053 2385 164 81 dernier
1300 2397 121 70 Etant
1497 2405 2 56 a
1533 2394 45 75 S^t
1600 2394 134 84 Louis
1774 2398 86 80 avec

620 2465 22 67 le
691 2476 148 57 nommé
915 2483 238 59 janson,
1179 2495 86 50 dans
1316 2486 40 59 la
1432 2476 249 75 chambre
1762 2481 42 70 du

609 2560 99 73 sieur
752 2556 224 77 Giraud,
1037 2561 120 68 jceluy
1224 2563 48 75 dit
1332 2566 179 67 janson
1611 2573 52 61 dit
1709 2583 0 46 a
1754 2579 63 65 luy

614 2648 278 77 deposant,
949 2655 72 63 que
1077 2649 109 66 ledit
1258 2654 176 69 Thomy
1531 2660 222 61 mourroit
1798 2657 38 70 de

2408 358 24 81 sa
2487 368 97 68 main
2681 360 25 87 ou
2772 366 55 81 que
2882 365 97 76 ledit
3040 361 134 86 Themy
3247 368 30 73 le
3338 366 164 80 tueroit
3563 368 30 77 ou

2414 449 193 87 quelque
2688 454 168 72 discour
2912 471 0 50 a
2962 450 94 91 peu
3105 452 106 90 prés
3255 452 286 78 semblable

2422 543 89 68 mais
2546 541 24 56 de
2600 540 30 57 la
2695 539 125 83 même
2891 537 190 85 force.
3128 541 84 80 qui
3259 536 54 68 Est
3360 534 83 74 tout
3485 541 18 76 ce
3526 533 90 71 qu'il

2416 634 0 37 a
2449 617 53 56 dit
2572 612 187 67 savoir.
2807 622 0 49 S

2540 679 198 95 Lecture
2812 706 0 62 a
2885 682 51 106 luy
3003 682 102 108 faite
3164 709 30 81 de
3230 699 37 91 sa
3304 694 286 96 déposition

2406 785 0 55 a
2447 768 48 91 dit
2534 783 101 67 jcelle
2689 768 176 87 contenir
2925 775 142 81 verité,
3100 772 1 82 y
3153 784 1 86 a
3201 776 182 90 persisté
3443 789 1 82 E
3483 793 1 78 a
3510 778 149 92 signé.

2409 863 92 78 ainsi
2532 857 141 85 signés
2704 874 0 52 a
2734 855 25 68 la
2814 855 179 85 minutte
3073 857 221 81 Pelerin.
3337 866 277 81 DEcopin.

2393 935 24 65 Et
2452 935 304 87 Casamajou,
2803 933 226 87 Greffier.

2822 1041 175 140 Dudit
3043 1078 89 97 jour
3206 1095 126 80 après
3379 1082 145 70 mide.

2425 1195 156 74 Jacques
2654 1198 146 67 joseph
2878 1192 249 73 Melchior
3200 1194 219 70 L'aurent
3476 1191 161 69 habitant

2392 1286 29 64 du
2462 1268 191 85 quartier
2712 1275 30 67 du
2778 1277 107 57 port
2933 1264 203 68 Cavaillon
3255 1266 191 85 paroisse
3493 1262 101 68 saint

2392 1348 140 75 Louis,
2586 1363 0 62 y
2646 1348 314 80 demeurant,
3003 1348 71 80 agé
3117 1348 195 68 d'Environ
3398 1348 108 60 vingt
3544 1348 76 54 huit

2398 1427 104 62 ans,
2556 1417 128 86 lequel
2751 1416 103 87 aprés
2891 1419 182 65 serment
3134 1416 73 73 par
3249 1419 56 73 luy
3358 1418 86 61 fait
3516 1416 44 55 de

2397 1504 67 70 dire
2526 1506 135 69 verité
2717 1506 22 70 Et
2779 1508 101 68 q'il
2942 1511 73 54 nous
3049 1516 0 44 a
3082 1495 45 70 dit
3195 1491 90 82 n'Etre
3346 1501 180 67 parent,
3549 1504 100 67 allié,

2374 1583 189 62 serviteur
2618 1584 32 65 ni
2694 1577 291 73 Domestiques
3040 1573 41 71 des
3106 1573 179 68 parties
3329 1573 22 63 et
3390 1574 88 59 qu'il
3532 1576 88 58 nous

2401 1652 0 58 a
2441 1655 252 74 representé
2756 1653 212 77 l'Exploit
3031 1643 299 84 d'assignation
3433 1654 0 60 a
3508 1640 51 76 luy

2403 1730 136 92 donnée
2601 1728 84 81 par
2742 1728 181 91 Grangé
2981 1726 180 91 huissier
3230 1727 20 85 le
3282 1722 257 77 quatrieme

2392 1823 33 59 de
2441 1823 22 61 ce
2507 1826 115 68 mois,
2677 1819 99 77 pour
2831 1819 176 77 déposer
3072 1821 0 46 a
3116 1816 22 58 la
3182 1820 159 57 requête
3407 1814 33 76 de
3489 1814 88 64 jean

2376 1897 217 86 Thomy,
2639 1892 31 87 le
2706 1892 220 84 procureur
2992 1888 140 60 fiscal
3235 1877 141 62 joint.

2545 1982 220 91 Dépose
2841 1988 52 65 sur
2931 1993 33 72 les
2995 1995 85 70 faits
3130 1995 245 65 mentionnés
3419 1984 33 64 En
3490 1971 27 76 la

2389 2077 162 65 plainte
2622 2069 81 78 dedit
2751 2068 109 80 Jean
2946 2076 146 63 Thomy
3168 2092 27 47 de
3217 2077 189 67 laquelle
3487 2078 65 59 luy

2389 2161 98 62 avos
2539 2148 82 70 fait
2688 2150 201 69 lecture,
2956 2146 67 69 que
3080 2153 20 49 le
3131 2155 232 52 diimanche
3420 2150 175 60 trentieme

2368 2227 134 66 juillet
2557 2225 203 68 dernier,
2797 2228 55 59 luy
2898 2225 235 64 deposant
3184 2225 101 57 Etant
3327 2225 28 58 En
3382 2225 19 60 la
3460 2234 149 58 Maison

2370 2311 27 64 du
2424 2298 87 77 sieur
2565 2300 233 77 Rossignol
2885 2305 55 54 son
3004 2307 201 60 Cousin,
3237 2306 34 52 le
3308 2304 184 73 nommé

2374 2402 144 53 janson
2595 2394 0 51 y
2656 2389 93 59 vint
2836 2389 0 49 a
2898 2375 159 79 cheval
3139 2375 84 70 avec
3278 2383 58 60 son
3411 2393 192 62 negre,

2364 2467 145 84 lequel
2580 2474 127 79 aprés
2754 2472 229 69 plusieurs
3036 2467 193 82 Discours
3271 2466 49 81 dit
3378 2477 115 61 qu'il

2370 2558 120 50 alloit
2545 2548 191 70 chercher
2816 2546 90 62 ledit
2971 2546 150 68 Thomy
3211 2554 101 65 pour
3357 2546 50 73 luy
3462 2546 115 71 faire

2378 2628 139 67 mettre
2610 2629 38 77 le
2705 2618 227 78 pistolet
2986 2618 0 69 a
3022 2631 29 56 la
3123 2618 208 71 main;
3385 2620 172 73 Declare

2977 2703 4 86 2
