2944 3672
123 236 55 61 Le
222 238 167 61 sieur

87 323 27 56 Je
183 308 226 75 Lequel

91 399 91 70 dire
240 394 197 75 verité

83 493 137 71 allié
309 499 132 66 mais

80 593 33 65 un
179 584 156 73 Tache
412 584 42 64 et
500 589 1 59 a

149 671 295 82 Lexploit

84 758 305 99 odeposer
469 769 1 74 a

71 881 30 64 de
123 885 31 71 ce
217 873 125 76 jour
392 873 90 68 par

87 1068 200 80 oncés,
320 1085 36 63 en
417 1063 50 78 la

75 1172 207 67 ocireur
338 1166 60 67 du
442 1159 76 77 roy

131 1257 89 75 luy
281 1266 0 61 a
331 1257 89 68 été

99 1360 49 54 ue
205 1337 44 75 le
301 1334 139 76 treize
482 1332 22 74 de

127 1423 50 88 du
237 1429 155 80 matin
464 1434 38 72 un

87 1537 128 73 vint
277 1542 1 54 a
334 1539 111 77 luy

93 1629 157 69 illoit

73 1713 249 87 demanda
410 1707 91 87 sil

82 1842 16 58 iu
173 1823 43 79 de
263 1809 162 102 Laffin

80 1942 32 54 ie
159 1930 99 78 luy
297 1922 233 85 deposant

101 2031 73 69 dit
226 2025 280 70 Monsieur

114 2133 41 71 un
224 2126 94 73 coim
394 2116 128 82 quil

71 2250 80 62 pus
237 2206 81 107 luy
361 2205 103 102 dire

94 2323 281 86 ilheure
442 2321 30 81 de

109 2442 0 63 a
184 2427 156 80 table
431 2429 38 71 le

110 2538 0 61 +
186 2531 129 74 quin

103 2636 201 67 onner
376 2630 100 67 quy

83 2734 114 66 ache
280 2723 134 71 vint

83 2837 73 69 tre
225 2828 41 71 da
314 2815 200 80 comoder

69 2928 125 88 raté
273 2944 96 70 que
412 2917 118 87 ledit

140 3029 163 75 ledit

120 3149 0 66 +
175 3133 110 85 fine
352 3133 116 80 leur

117 3239 39 83 Le
202 3237 187 84 verens

1099 239 145 69 Table
1312 236 41 73 et
1404 234 133 75 ledit
1587 234 145 75 sieur
1794 234 174 76 Tache
2030 235 81 74 fut
2173 234 47 72 du
2271 238 122 67 coté
2437 235 36 55 ou
2512 234 133 51 ledit

1107 327 211 85 garçon
1379 321 45 78 de
1464 314 501 92 chaudronnier
2029 318 132 79 dont
2237 303 37 84 Il
2350 315 37 65 ne
2439 299 168 85 scait

1113 441 100 69 pas
1286 421 46 78 le
1379 422 83 78 nom
1566 406 370 92 travaillait
2013 414 46 74 et
2100 399 83 85 luy
2237 389 325 95 deposant

1098 521 88 96 fut
1254 534 3 58 a
1311 511 59 85 la
1424 505 229 80 cuisine
1707 495 244 96 allemer
2005 485 67 105 sa
2117 489 138 97 pipé
2317 496 88 78 que
2436 469 223 96 pendant

1107 614 119 84 quil
1286 598 301 97 allumait
1664 588 222 88 sadite
1951 581 158 90 pipe
2174 572 40 86 Il
2273 561 302 87 Entendit

1115 699 46 87 un
1231 692 118 99 coup
1439 679 184 104 darme
1685 689 218 85 partir
1958 664 133 86 dans
2160 649 46 98 la
2268 640 313 99 Boutique

1105 790 113 86 quil
1276 784 167 77 courut
1499 774 210 84 aussitot
1779 768 112 76 dans
1973 753 186 88 ladite
2216 750 257 77 boutique
2538 731 57 76 Et

1106 885 65 74 vit
1238 884 32 76 le
1313 880 135 74 sieur
1508 869 215 80 Tache
1773 877 94 67 quy
1923 855 168 78 crisit
2147 858 36 67 et
2238 850 43 72 se
2324 833 318 87 desesperoit

1096 979 36 67 en
1189 964 189 82 disant
1447 972 79 70 que
1583 958 42 77 Je
1671 951 100 81 suis
1819 943 417 80 malheureux
2305 944 30 66 et
2382 930 29 74 le
2464 926 171 81 garçon

1093 1073 47 75 du
1198 1060 412 77 chaudronnier
1669 1060 101 64 quiy
1829 1036 157 83 crioit
2062 1044 123 66 aussy
2244 1025 124 79 quil
2420 1015 113 73 Etoit

1088 1162 144 77 blessé
1286 1149 124 94 qu'il
1485 1145 86 93 fut
1639 1137 170 83 audit
1870 1141 188 72 garçon
2139 1137 105 69 quy
2299 1113 144 88 Etoit
2491 1111 124 74 pres

1103 1270 3 64 a
1177 1252 213 82 Tomber
1467 1246 2 67 a
1535 1239 121 80 terre
1733 1234 93 76 luy
1881 1226 127 74 aida
2079 1236 2 53 a
2147 1220 42 69 se
2227 1213 245 75 coucher
2527 1198 88 76 sur

1117 1355 65 79 une
1242 1339 279 98 paillasse
1594 1338 109 84 quy
1763 1328 96 86 fut
1926 1315 284 91 apportée
2302 1305 3 68 a
2352 1303 53 68 cet
2465 1293 135 95 Effet

1100 1452 97 81 que
1242 1446 124 84 dans
1440 1444 46 71 le
1528 1439 144 72 meme
1746 1423 244 78 moment
2058 1412 63 77 les
2162 1405 96 75 cris
2316 1414 73 67 que
2453 1393 188 85 faisait

1114 1550 133 75 ledit
1301 1541 159 73 sieur
1509 1530 179 67 Tache
1763 1521 196 73 dehors
2019 1502 195 84 ayants
2304 1494 174 76 attiré

1106 1642 309 73 beaucoup
1511 1628 44 73 de
1605 1615 220 81 monde
1893 1616 43 75 en
1986 1617 68 60 la
2098 1597 284 81 boutique
2444 1596 138 72 pour

1115 1734 97 84 voir
1275 1732 71 88 la
1403 1723 290 92 personne
1762 1712 243 78 blessée,
2043 1701 269 94 quelques
2384 1697 288 84 personnes

1114 1828 124 91 luy
1304 1818 421 92 demanderent
1799 1805 311 81 comment
2160 1800 45 69 le
2261 1799 122 83 coup
2470 1787 166 79 setoit

1116 1944 118 76 fait
1311 1931 118 86 quil
1501 1921 77 78 dit
1667 1928 77 69 que
1799 1908 157 71 cetoit
2029 1903 48 73 un
2167 1895 271 80 malheur
2511 1889 106 82 quy

1100 2036 134 83 etoit
1288 2031 173 82 arrivé
1534 2026 95 80 que
1670 2014 108 75 luy
1840 2008 185 84 ayant
2088 2003 137 68 ausy
2288 1981 73 82 été
2398 1970 229 92 demandé

1107 2137 90 81 sil
1253 2133 165 82 avait
1476 2131 46 75 eu
1579 2115 286 88 quelques
1950 2099 321 80 Descussion
2367 2088 119 82 avec
2545 2080 27 80 le

1122 2241 148 83 sieur
1319 2225 260 88 Tache,
1616 2216 132 89 qu'il
1825 2202 340 90 Repondit
2239 2200 100 75 que
2397 2195 117 65 non

1104 2360 46 71 qu
1206 2352 64 75 au
1315 2332 296 86 contraire
1683 2330 35 65 Il
1779 2310 243 80 navait
2095 2300 251 82 jamais
2403 2299 95 68 recu

1108 2484 77 63 que
1274 2456 67 81 des
1404 2441 153 86 biens
1647 2427 140 85 faits
1883 2423 46 65 de
1969 2416 92 76 luy
2124 2401 127 79 quil
2324 2384 157 86 Etoit

1114 2572 265 77 jnnocent
1430 2557 54 66 du
1540 2535 338 91 malheur
1945 2533 103 71 quy
2100 2507 136 81 etoit
2287 2493 203 78 arrivé
2554 2492 47 69 et

1120 2680 140 73 quil
1331 2662 64 78 ny
1439 2651 167 76 avait
1677 2640 237 76 aucune
1969 2625 155 75 faute
2186 2629 3 55 a
2234 2617 85 71 luy
2374 2603 69 71 En

1115 2760 347 103 jmpuser.

1292 2859 107 86 Luy
1456 2860 52 83 est
1572 2854 105 82 tout
1736 2871 32 56 ce
1821 2846 117 85 quil
2015 2854 2 62 a
2070 2835 105 84 dit.
2228 2829 275 83 scavoir

1101 2977 234 79 Lecture
1423 2984 2 53 a
1477 2964 95 79 luy
1628 2949 156 90 faite
1853 2945 51 76 de
1962 2939 64 85 sa
2083 2933 348 91 déposition
2539 2927 1 70 a
2588 2915 62 85 dit

1113 3090 171 70 quelle
1352 3057 255 85 contient
1694 3046 171 85 verité
1941 3038 140 81 qu'il
2121 3038 2 75 y
2211 3021 290 77 persiste
2559 3009 44 78 et
2643 3017 2 68 a

1114 3168 180 113 signé
1354 3174 139 79 avec
1546 3160 155 73 nous
1754 3154 35 66 et
1857 3143 30 93 le
1970 3128 227 109 greffier
2243 3109 266 105 commis
