3808 3040
662 322 27 56 du
747 324 174 72 nommé
979 320 148 75 Contois
1164 320 26 73 Et
1222 325 147 70 comme
1438 320 106 73 ledit
1607 331 179 60 janson

658 403 171 93 passoit
913 399 54 82 son
1024 403 236 87 chapeau
1332 393 249 76 Rabbatiu
1646 393 59 95 sur
1737 393 33 95 les
1809 403 92 84 yeux

657 494 89 69 adit
806 477 132 89 Gillet
1011 479 57 66 lui
1112 477 81 81 dit:
1236 476 19 94 tu
1311 476 124 91 passe
1510 476 118 91 Bien
1678 484 243 82 fierement,

669 555 1 70 a
721 574 101 58 quoy
878 557 100 73 ledit
1041 561 145 67 janson
1256 568 29 51 ne
1349 557 226 76 repondit
1639 562 127 61 mot,
1818 559 93 76 mais

651 632 108 89 Etant
816 628 82 87 par
955 628 23 77 le
1035 633 153 86 traver
1235 645 26 61 de
1301 645 26 72 la
1380 626 179 91 Croupe
1632 628 33 61 du
1718 629 158 61 cheval

662 722 34 53 de
769 710 140 74 Thomy
975 716 57 74 qui
1077 707 157 71 suivoit
1301 707 118 76 ledit
1479 703 141 78 Gillet
1692 700 35 76 jl
1793 703 68 65 tira

662 805 34 59 un
756 787 211 76 pistolet
1027 794 35 71 de
1105 787 150 70 poche
1337 782 34 74 En
1415 785 145 58 disant
1619 773 107 65 audit
1758 772 139 73 Thomy

662 890 30 49 de
746 873 133 66 mettre
943 870 43 59 le
1041 859 240 73 pistolet
1345 871 1 52 a
1392 865 24 58 la
1481 871 94 50 main
1668 859 29 53 Et
1752 851 39 64 En

671 959 121 52 même
858 952 97 66 temy
1031 949 64 56 luy
1166 944 126 57 Lacha
1373 939 30 57 le
1469 937 83 70 Coup
1642 936 93 61 dont
1801 930 97 61 ledit

653 1031 161 90 Thomy
895 1026 39 66 Est
1003 1022 262 91 Blessé.
1321 1019 77 78 Qui
1448 1023 58 56 Est
1556 1013 90 62 tout
1702 1008 28 88 ce
1766 1019 102 53 qu'il

668 1112 93 67 adit
806 1111 192 72 savoir.

839 1194 231 93 Lecture
1153 1215 1 61 a
1201 1192 58 93 luy
1313 1195 105 81 faite
1466 1196 29 69 de
1529 1198 35 87 sa
1613 1192 271 90 déposition

664 1302 0 51 a
700 1298 46 64 dit
808 1291 97 67 jcelle
967 1285 185 62 contenir
1224 1284 165 65 verité,
1440 1298 0 48 y
1517 1298 0 44 a
1574 1278 303 70 persisté,

661 1380 0 38 a
707 1369 161 50 déclaré
937 1362 28 57 ne
1006 1356 143 63 savoir
1204 1356 111 64 Ecrire
1403 1369 27 51 ni
1485 1376 157 44 signer
1720 1371 37 42 de
1799 1351 18 60 ce

645 1445 145 77 Enquis
830 1438 195 66 suivant
1088 1435 415 79 l'ordonnance,
1530 1434 36 79 Et
1606 1430 115 81 aprés
1760 1442 93 63 qu'il

648 1541 2 56 a
712 1532 161 75 Requis
924 1520 191 77 salaires
1172 1519 77 80 luy
1307 1515 119 82 avons
1466 1514 137 83 tapé
1655 1509 30 65 la
1737 1508 149 71 somme

640 1626 27 77 de
697 1618 83 84 six
853 1609 202 71 livres.
1117 1604 126 91 signés
1286 1605 1 60 a
1323 1606 20 63 la
1392 1601 177 71 minutte
1637 1596 208 89 DEcopin

633 1673 36 92 Et
715 1667 302 111 Caramajou,
1059 1672 235 89 Greffier.

1061 1780 239 152 Dudit
1330 1835 87 86 jour
1490 1820 129 103 après
1671 1827 148 94 medy.

646 1970 276 76 Bumber
1000 1965 169 75 Cobert
1252 1967 63 66 dit
1370 1962 186 71 Coutois
1662 1968 209 64 habitant

644 2060 39 85 du
723 2058 197 93 quartier
971 2058 34 92 Et
1037 2053 209 96 paroisse
1318 2059 171 87 d'aquin
1560 2064 0 53 y
1606 2045 268 62 demeurant

651 2143 79 77 agé
797 2141 198 69 d'Environ
1105 2143 223 69 quarante
1400 2147 277 55 deuxans,
1702 2124 157 73 lequil

645 2220 118 81 aprés
810 2220 182 85 serment
1063 2234 76 62 par
1186 2221 65 82 luy
1316 2222 94 70 fait
1457 2233 41 48 de
1545 2229 77 52 dire
1680 2224 159 61 verité

632 2313 31 71 Et
711 2322 86 50 qu'il
858 2307 91 67 nous
979 2315 0 50 a
1010 2310 54 66 dit
1119 2301 97 87 n'Etre
1265 2300 195 75 parent,
1496 2301 110 87 allié,
1636 2298 201 70 serviteur

638 2399 26 51 ni
708 2381 260 74 Domestique
1024 2386 45 69 des
1115 2383 142 69 parties
1292 2387 31 63 Et
1363 2404 76 49 nous
1470 2404 0 44 a
1520 2394 279 63 representé

603 2459 261 99 s'exploit
938 2459 300 97 d'assignation
1345 2469 0 55 a
1372 2467 60 67 luy
1479 2459 153 99 donné
1706 2475 100 61 par

634 2551 191 64 Graugé
910 2545 231 58 huifier,
1171 2545 25 52 le
1246 2545 85 64 trois
1376 2549 30 50 du
1462 2545 230 74 Courant,
1738 2552 100 62 pour

645 2620 170 83 deposer
884 2619 13 47 à
934 2615 19 62 la
997 2618 171 68 requête
1229 2627 26 65 de
1317 2632 82 59 jean
1492 2619 159 93 Thomy
1738 2625 52 63 le

2424 369 225 48 procuireur
2715 369 135 45 jesese
2920 369 149 40 jouit.

2599 414 234 101 Depose
2922 432 62 76 sur
3052 428 41 86 les
3128 417 96 96 faits
3279 442 240 71 mentionnés
3560 430 35 68 En
3622 443 21 56 la

2433 505 162 65 plainte
2706 506 87 73 udit
2818 510 86 65 jean
2965 508 132 72 Thomy
3153 526 30 51 de
3214 514 172 68 laquelle
3447 513 51 66 luy
3543 523 117 60 avons

2426 578 94 75 fust
2565 575 183 80 lecture,
2782 597 55 54 que
2876 582 23 64 le
2965 579 244 83 dimanche
3298 589 178 71 trentieme
3537 589 35 72 du

2427 651 81 76 mois
2552 662 29 66 de
2632 653 153 77 juillet
2836 653 210 83 derier,
3080 656 165 81 sortant
3301 662 29 60 de
3364 663 24 60 la
3466 680 148 46 maison

2424 729 35 69 du
2517 741 181 63 nommé
2750 729 187 85 flatron
3024 731 29 83 jl
3117 732 210 82 remontra
3408 738 29 62 le
3484 745 157 62 nommé

2423 806 148 73 janson
2664 813 0 52 a
2724 804 312 79 l'extrémité
3091 809 27 58 de
3146 807 22 63 la
3217 800 137 67 place
3430 800 132 70 dudit

2406 886 179 84 Glatron
2686 906 60 54 qui
2805 886 84 86 Etoit
2936 892 101 77 pied
3091 905 0 49 a
3127 886 89 65 terre
3288 886 95 81 avec
3425 886 59 76 son
3520 901 113 71 négre

2410 965 153 92 lequel
2640 968 55 72 luy
2751 965 223 86 demanda
3085 964 70 96 s'il
3210 984 28 76 ne
3280 960 174 102 scavoit
3489 973 125 71 point

2416 1072 28 40 ou
2523 1050 117 62 Etoit
2708 1050 213 83 Thomy,
2966 1058 67 72 que
3078 1062 56 71 luy
3190 1056 252 77 déposant
3515 1051 62 68 luy

2397 1142 246 85 Repondit
2714 1156 100 58 qu'il
2878 1148 77 57 n'en
3014 1136 170 73 scavoit
3237 1136 159 81 Rien;
3419 1129 229 88 qu'aussitos

2407 1227 98 81 ledit
2554 1236 152 64 janson
2791 1219 232 64 Remonta
3114 1230 0 49 a
3175 1225 152 78 Cheval
3419 1219 24 86 Et
3486 1229 109 67 prit

2376 1313 54 82 son
2487 1312 187 62 chemn
2772 1308 129 76 devers
2947 1310 192 76 aquin;
3185 1303 71 82 que
3307 1305 48 79 luy
3401 1311 215 66 deposant

2388 1396 347 80 poursuivant
2805 1392 67 67 son
2926 1389 187 78 chemin
3201 1400 115 65 pour
3355 1387 33 54 se
3441 1386 128 55 rendre

2386 1478 103 72 Chez
2550 1477 49 70 luy
2693 1482 96 61 Etant
2862 1469 85 64 par
2994 1471 22 63 le
3078 1468 170 70 travers
3284 1465 28 63 de
3342 1462 23 52 la
3406 1457 154 63 falmie

2404 1567 21 58 de
2472 1543 29 84 la
2562 1541 346 102 Compagnie,
2961 1554 36 72 jl
3059 1540 179 76 Entendit
3286 1552 35 59 un
3376 1542 75 94 coup
3624 1548 27 71 de

2394 1638 97 78 feu,
2537 1642 109 77 qu'un
2721 1640 86 79 peu
2864 1634 109 74 plus
3019 1637 143 75 avant
3231 1632 29 69 jl
3334 1631 201 62 renontra

2383 1717 44 76 les
2465 1730 192 63 nommés
2695 1715 143 78 Gillet
2898 1720 27 62 Et
2969 1712 202 78 Thomy,
3226 1721 28 55 jl
3308 1710 170 75 Entendit
3522 1712 120 69 Gillet

2393 1817 69 50 qui
2502 1803 52 56 dit
2617 1811 0 48 a
2686 1800 178 80 Thomy;
2898 1801 58 77 Est
3019 1803 29 76 ta
3111 1800 155 80 Blesse
3346 1813 81 67 mon
3484 1800 149 81 freré.

2395 1903 61 47 que
2481 1891 102 53 ledit
2665 1884 157 66 Thomy
2888 1886 244 73 repondit
3218 1897 66 59 que
3350 1893 117 67 oui;
3513 1890 66 70 que

2387 1970 101 70 ledit
2537 1966 136 74 Gillet
2759 1964 255 73 adressant
3084 1964 40 55 la
3214 1964 141 70 parole
3435 1982 0 44 a
3495 1967 75 65 lui

2398 2060 253 73 Déposant
2723 2055 52 70 lui
2836 2055 52 48 dit
2955 2055 149 66 ainsi:
3150 2059 78 56 vous
3269 2055 108 59 serés
3413 2058 139 56 témoin

2382 2150 147 50 comme
2605 2149 96 50 quoy
2785 2138 164 54 janson
3033 2143 101 49 vient
3206 2160 29 32 de
3265 2144 159 48 donner
3487 2157 34 35 un

2369 2224 81 80 coup
2536 2224 46 84 de
2634 2224 218 64 pistalet
2926 2224 0 54 a
2978 2224 195 61 Thomy.
3242 2241 0 67 a
3288 2241 97 67 quoy
3454 2226 63 63 luy

2382 2308 222 75 deposant
2684 2308 259 75 Repliqua
3054 2310 84 61 qu'il
3202 2307 153 54 n'avoit
3397 2313 59 45 rien
3514 2317 42 49 vû

2383 2401 56 54 que
2480 2397 25 60 la
2555 2390 165 67 femme
2784 2390 1 47 a
2831 2387 62 60 luy
2958 2381 263 65 deposant
3285 2378 90 58 luy
3425 2386 1 52 a
3468 2375 104 64 dit.

2368 2487 60 48 que
2463 2469 25 60 le
2529 2469 70 64 soir
2659 2471 135 60 même
2865 2464 110 72 ledit
3024 2462 187 67 janson
3295 2460 96 62 Etoit
3462 2466 90 60 venu

2354 2563 101 66 chez
2510 2555 90 76 luy,
2646 2562 95 67 mais
2786 2565 69 64 que
2902 2553 62 52 luy
3027 2551 250 67 deposant
3355 2554 31 63 ne
3412 2551 151 68 l'avoit

2359 2634 125 83 point
2550 2646 53 57 vû
2656 2636 106 93 Etant
2826 2660 107 69 pour
2999 2641 99 89 lors
3144 2649 113 73 chez
3309 2641 33 75 la
3408 2641 192 78 Guerard.
