3808 3008
630 418 60 77 fait
727 417 65 73 étoit
845 416 11 69 à
893 417 17 70 la
957 416 226 75 connoissance
1230 417 22 62 de
1289 421 54 58 tous
1406 409 39 70 les
1497 408 183 71 habitans
1744 412 92 67 du–

632 511 181 63 quartier.
852 501 117 70 Janson
1008 511 44 58 ent
1100 499 98 69 voulu
1237 495 118 71 oublier
1398 499 20 65 la
1472 492 132 71 réalité
1646 497 60 64 d'un
1750 489 127 71 affront

628 600 91 55 aussi
761 586 171 68 sensible,
965 601 66 51 mais
1087 584 129 66 l'amour
1258 587 162 63 propre,
1438 584 58 63 qui
1543 580 157 58 maitrise
1757 576 28 62 si
1841 583 1 55 –

622 670 297 68 imperieurement
966 667 148 66 certaines
1181 667 118 64 ames,
1325 662 51 73 luy
1407 659 211 71 rappelloit
1664 658 144 73 sans–

616 752 74 60 cesse
727 761 14 51 ce
787 752 143 60 souvenir
967 748 102 65 amer,
1091 746 19 58 il
1156 748 74 64 n'est
1281 751 69 56 done
1387 746 83 60 point
1516 742 226 65 etonnant,
1765 746 88 54 qu'il

621 835 25 59 en
687 837 41 52 ait
769 830 98 65 voulu
917 824 63 68 tirer
1030 822 227 72 vengeance.
1288 818 67 64 Elle
1391 820 51 72 luy
1468 826 71 63 etoit
1585 815 186 74 défendüe,
1805 824 63 56 mais

617 909 16 57 il
676 914 75 56 avoit
799 909 107 66 devant
944 900 42 77 ses
1024 906 75 68 yeux
1147 911 32 55 ces
1211 898 166 75 Exemples
1435 897 156 77 frapans
1655 901 21 66 de
1714 912 53 46 nos

621 987 140 65 premiers
832 982 120 67 Colons
1027 990 45 56 qui
1112 981 115 58 étoient
1273 979 225 68 accoutames
1563 988 15 54 à
1623 974 25 73 se
1694 974 95 68 faire

618 1067 46 66 eux
725 1069 101 57 mêmes
887 1073 132 61 raison,
1044 1061 163 70 quandils
1267 1065 26 69 se
1328 1067 168 67 croyoient
1541 1059 208 74 offenses.
1780 1059 60 63 Cet

614 1143 156 66 exemple
818 1144 66 64 étoit
936 1144 228 67 dangereux,
1197 1152 67 49 mais
1311 1148 19 53 il
1368 1146 0 55 a
1425 1151 33 59 pu
1534 1149 77 62 être
1666 1163 144 53 excusé

643 1221 109 74 dans
815 1241 26 51 un
883 1221 125 75 homme
1050 1222 68 61 dont
1170 1219 277 74 l'imagination
1504 1226 84 63 étoit
1640 1229 183 64 vivement

614 1296 156 71 affectée
817 1313 15 58 de
869 1297 36 73 son
947 1297 239 70 deshonneur.
1212 1301 32 69 Un
1290 1298 245 70 malheureux
1587 1305 130 68 Colon
1764 1316 52 55 qui

618 1380 142 66 n'auroit
811 1388 91 61 point
943 1381 147 59 cherche
1135 1380 41 69 les
1232 1383 197 68 occasions
1505 1378 26 66 de
1571 1378 107 72 laver
1738 1378 36 74 sa

608 1457 97 65 honte
748 1458 81 59 dans
889 1469 16 61 le
948 1462 82 73 jang
1067 1458 28 77 de
1132 1458 49 75 son
1230 1460 103 75 rival
1387 1468 119 59 auroit
1554 1471 54 68 été
1652 1467 108 72 force
1814 1472 27 54 de

608 1530 31 74 se
686 1530 92 74 banir
830 1540 26 64 de
902 1533 26 71 la
989 1534 124 70 société
1154 1540 16 64 et
1211 1536 31 68 de
1283 1541 144 63 deserter
1473 1534 26 70 la
1571 1535 222 69 Colonie.

683 1626 50 61 Le
761 1616 83 71 délit
877 1619 128 77 existe,
1027 1631 17 59 il
1077 1624 33 61 est
1160 1625 122 72 vray;
1315 1634 83 60 mais
1454 1633 22 64 il
1520 1620 83 73 faut
1648 1620 161 81 obserrer

608 1702 48 66 que
694 1694 120 73 Janson
857 1699 43 65 n'a
944 1706 59 68 tiré
1052 1698 38 72 son
1139 1703 86 73 Coup
1285 1703 27 65 de
1355 1700 168 75 Pistolet
1577 1705 174 73 qu'après

607 1773 82 57 avoir
744 1775 38 68 dit
826 1786 16 48 à
886 1775 143 79 Thomy
1072 1779 61 74 d'en
1182 1778 87 78 faire
1313 1779 186 77 autant;
1538 1783 164 75 desqu'il
1746 1793 0 60 a

620 1860 151 63 prevenu
825 1861 39 64 son
908 1862 215 61 adversaire
1186 1867 19 58 il
1249 1864 127 65 n'avoit
1425 1869 83 64 donc
1561 1867 108 69 point
1713 1871 92 62 envie

617 1935 23 56 de
682 1941 238 71 L'assasiner,
951 1935 143 82 Gillet,
1131 1938 140 81 Témoin
1312 1950 51 70 qui
1389 1951 133 74 dépose
1576 1947 35 63 de
1658 1951 84 61 Visu

616 2015 121 65 atteste
793 2021 21 63 ce
864 2018 106 72 fait.

603 2085 88 68 C'est
723 2091 94 75 aussi
856 2097 25 69 de
914 2106 70 53 cette
1034 2115 134 57 maniere
1218 2113 48 67 que
1316 2098 42 78 l'a
1414 2116 100 67 pense
1563 2109 152 80 Thomy
1753 2109 54 76 lui

618 2174 121 70 même,
762 2184 28 65 en
833 2180 22 65 se
883 2181 163 73 désistant
1093 2189 28 57 de
1148 2187 28 66 la
1244 2191 141 72 plainte
1434 2209 26 56 et
1494 2209 31 59 de
1559 2209 71 63 tout
1680 2209 21 63 ce
1745 2209 56 63 qui

603 2250 61 72 s'en
705 2257 77 62 étoit
826 2259 175 67 ensuivi.
1019 2264 64 78 Cet
1126 2277 88 66 Acte
1257 2290 48 59 qui
1343 2280 54 68 fut
1455 2291 119 63 passé
1613 2286 22 72 le
1679 2286 27 75 17
1750 2295 78 56 mars

597 2331 92 68 1728.
720 2334 34 65 est
802 2342 23 71 la
869 2348 131 69 preuve
1043 2350 25 73 la
1120 2359 91 71 plus
1259 2364 203 82 complette
1517 2376 95 73 qu'il
1651 2381 115 72 n'a–

592 2415 136 63 jamais
782 2428 147 68 régarde
988 2435 125 75 Janson
1161 2450 121 69 comme
1330 2453 207 81 assassin,
1572 2470 104 73 parce
1705 2474 53 67 que

603 2489 62 74 s'il
715 2495 79 64 l'eut
837 2507 142 68 reconnu
1032 2526 77 67 pour
1143 2519 50 70 tel
1233 2523 28 81 il
1295 2539 49 69 eut
1379 2540 120 75 réjette
1554 2555 79 60 avec

2090 210 1 87 a
2140 203 23 97 Et
2182 203 192 107 dénomiation

2843 231 332 117 Exicast
3229 269 37 84 au
3321 307 131 56 minert
3542 306 3 62 1

2374 433 249 90 Indignation
2676 451 46 75 les
2767 464 275 84 propositions
3105 474 291 92 d'arrangement
3449 510 58 61 qui
3540 504 79 76 luy

2382 524 121 77 étoient
2556 527 166 69 faites.

2472 614 29 50 Le
2548 614 237 79 malheureux
2849 631 126 69 Janson
3014 650 3 56 a
3057 645 98 65 payé
3185 657 31 54 du
3241 652 55 65 des
3317 656 163 75 honneur
3529 683 70 54 une

2362 683 201 72 demarche
2606 700 284 75 imprudente;
2912 719 30 56 il
2980 724 3 58 a
3022 723 60 63 été
3125 722 129 77 fletre
3292 734 66 72 d'un
3406 741 185 78 Oprobre

2360 764 148 66 Cuel.
2549 770 90 78 s'il
2689 785 25 69 se
2754 788 51 69 fut
2845 796 192 80 defendu,
3077 806 53 64 s'il
3159 813 46 58 eut
3239 816 132 75 allégue
3416 834 155 67 qu'il–

2369 859 83 49 avoit
2497 858 50 67 été
2582 866 183 66 provoqué
2800 873 31 56 au
2861 878 179 74 Combat,
3061 894 27 52 il
3123 890 36 58 est
3202 907 18 55 à
3264 900 165 73 presumer
3468 912 84 65 qu'il

2358 932 24 56 en
2410 937 44 58 eut
2488 940 45 63 été
2560 944 98 66 quille
2711 960 81 58 pour
2831 960 29 64 de
2888 957 144 74 simples
3092 971 196 77 commages
3341 985 25 70 et
3403 1000 202 68 interets,

2358 1021 27 53 ou
2410 1015 73 61 pour
2522 1022 50 58 une
2616 1029 101 62 peine
2760 1032 233 74 infiniment
3060 1051 210 63 moindre.

2387 1100 29 56 La
2461 1091 223 85 Contumace
2726 1111 4 64 a
2778 1115 49 60 été
2851 1123 231 68 executée.
3113 1130 128 88 Est-il
3283 1141 105 82 juste,
3413 1159 177 79 aujourchuy

2348 1170 118 71 qu'une
2504 1174 145 77 famille
2702 1184 160 82 honnête
2911 1197 55 72 soit
3014 1206 83 68 sous
3146 1210 24 61 le
3213 1217 101 77 Coup
3375 1223 132 74 d'un–

2323 1250 186 74 Jugement
2557 1270 42 56 qui
2642 1268 28 59 la
2721 1272 224 75 deshonnore
2997 1284 163 74 suivant
3207 1302 48 63 nos
3296 1302 253 76 prejuges.

2296 1332 71 55 nous
2385 1333 230 79 estimonsqu'il
2648 1345 4 67 y
2685 1356 3 56 a
2733 1345 62 68 lieu
2838 1351 156 75 d'obtenir
3032 1371 46 60 des
3133 1365 118 79 lettres
3323 1387 112 65 de–

2324 1408 328 98 rehabilitation,
2679 1431 51 70 qui
2770 1435 159 70 mettront
2968 1448 75 79 cette
3075 1447 161 83 famille
3280 1467 21 61 à
3345 1458 143 92 l'abri

2326 1487 39 82 du
2402 1501 309 83 Réproche.

2491 1572 135 92 Vallide

3119 1642 162 99 Monor
