3808 3040
701 331 62 46 qui
811 312 51 71 Est
917 312 78 61 tout
1049 316 25 74 ce
1099 314 91 69 qu'il
1271 322 2 65 a
1315 324 52 60 dit
1420 321 157 70 savoir.

745 385 300 85 Lecture
1112 406 0 66 a
1159 409 60 75 luy
1265 387 94 90 faite
1412 398 27 86 de
1466 403 40 82 sa
1532 400 247 86 déposition
1879 405 0 66 a

691 478 42 81 dit
786 486 82 58 pelle
927 480 176 68 contenir
1168 482 129 65 verité
1362 481 0 66 y
1421 483 0 59 a
1474 483 224 84 persisté,
1721 487 0 82 a
1750 485 159 84 signé,

681 564 25 55 Et
753 564 112 72 aprés
917 566 92 64 qu'il
1086 578 0 44 a
1143 580 133 58 requis
1322 562 170 64 salaire
1564 570 56 66 luy
1682 579 108 54 avoit

697 638 96 84 taxé
841 638 24 64 la
895 638 138 67 somme
1087 642 24 58 de
1171 638 84 88 cinq
1316 636 132 83 atire.
1508 658 96 66 ainsi
1652 643 144 81 signés
1820 658 12 49 à
1856 645 24 61 la

695 711 159 75 minutte
962 711 227 81 humbert
1246 722 193 64 Cobert,
1479 713 176 84 DEcopin
1744 715 59 72 Et

659 791 267 107 Casainajor
998 789 202 90 Greffier.

1094 933 198 125 Dudit
1334 954 78 101 jour
1478 934 114 121 aprés
1616 950 163 101 mioy.

684 1084 255 79 Nicolas
1041 1080 184 80 Gillet
1299 1075 203 73 Labitant
1560 1083 250 58 demeuran

663 1182 43 74 au
739 1177 179 73 quartier
975 1170 31 79 Et
1034 1165 189 86 paroisse
1281 1169 215 75 d'aquin,
1529 1164 66 73 agé
1635 1153 184 64 d'Envion

649 1251 102 64 trente
815 1251 91 46 huit
954 1261 59 49 ans
1078 1258 139 63 lequel
1297 1254 112 70 aprés
1457 1248 198 74 serment
1714 1247 75 73 par
1816 1248 53 59 luy

648 1313 85 73 fait
804 1321 25 47 de
854 1318 65 55 dire
969 1323 130 56 verité
1145 1319 20 53 Et
1210 1328 85 54 qu'il
1360 1337 86 47 nous
1476 1327 0 49 a
1511 1322 55 60 dit
1626 1324 100 72 nEtre
1766 1326 141 65 parent

666 1403 141 57 allié,
848 1390 47 61 ser
921 1391 120 54 viteur
1109 1393 21 62 ne
1176 1390 287 74 Douestique
1530 1399 42 66 des
1609 1395 161 67 partis
1833 1393 31 59 Et

658 1486 76 62 vous
777 1486 0 64 a
837 1476 249 74 reprerenté
1140 1469 227 79 l'exploit
1421 1467 309 77 d'assignation
1816 1476 0 46 a

642 1549 71 84 Luy
748 1565 148 69 donnée
960 1565 83 56 par
1119 1548 171 86 granger
1361 1550 194 86 huissier
1614 1550 23 52 le
1673 1550 176 62 troisieme

657 1614 30 71 du
742 1626 180 61 courant
992 1622 85 68 pour
1147 1635 180 55 deposer
1397 1623 1 69 a
1437 1628 20 67 la
1512 1629 166 68 requête
1762 1637 35 62 de

634 1710 84 60 jean
791 1711 203 74 Thomy,
1036 1709 26 76 le
1109 1709 246 69 procureur
1443 1709 146 70 fiscal
1683 1710 152 65 joinnt,

778 1817 303 93 Depose
1187 1817 54 71 sur
1293 1822 48 88 les
1372 1829 108 87 faits
1540 1834 287 76 mentionnés

637 1907 34 70 En
704 1907 45 74 la
811 1906 185 74 plainte
1063 1911 129 78 dudit
1241 1913 92 64 jean
1416 1911 169 67 Thomy
1646 1921 29 46 de
1696 1919 180 75 laquelle

639 1991 70 66 luy
763 2003 119 60 avons
931 1987 81 78 fait
1072 1988 244 81 Lecture,
1353 2003 60 61 que
1445 2003 23 50 le
1521 2000 244 69 dimanche

638 2060 214 80 trentieme
911 2069 28 72 de
988 2073 158 64 juillet
1201 2069 170 69 dernier
1436 2073 241 70 Revenant
1759 2070 44 69 du

636 2149 151 88 Bourg
849 2149 157 66 d'aquin
1075 2152 25 52 En
1162 2151 289 90 compagnie
1508 2153 131 59 dudit
1696 2153 163 89 Thomy

629 2224 113 57 Etant
811 2231 83 51 par
955 2225 30 58 le
1059 2226 160 59 travers
1254 2241 30 44 de
1328 2227 295 60 l'habitation
1736 2237 30 53 du

635 2305 174 65 nommé
865 2303 192 92 coutois,
1101 2305 62 90 luy
1219 2307 230 89 deposant
1548 2308 261 66 marchant

623 2395 141 55 quenze
830 2397 87 54 pas
966 2402 33 43 ou
1053 2396 186 57 serviron
1363 2403 162 55 devant
1578 2404 134 60 ledit
1751 2404 125 63 Thomy

615 2472 29 59 jl
715 2472 256 58 apperent
1042 2473 114 55 venir
1222 2485 34 47 de
1317 2468 87 68 loin
1502 2477 43 59 un
1621 2470 214 70 cavalier

608 2560 26 69 Le
692 2553 244 95 chapeau
1026 2553 179 95 Enfonce
1289 2553 77 82 sur
1430 2555 52 93 les
1539 2575 110 73 yeux
1764 2558 39 63 Et

606 2627 83 97 Lers
734 2645 112 83 qu'il
921 2634 69 88 fut
1054 2638 153 110 auprés
1256 2658 33 93 de
1332 2645 70 106 luy
1460 2662 39 64 jl
1542 2648 280 76 dereconus

2436 333 103 97 pour
2594 331 55 81 Etre
2725 331 199 84 jaison,
2965 337 103 90 alois
3109 335 62 97 luy
3219 334 234 101 déposant
3521 356 28 66 se

2419 432 226 67 Retrna
2741 435 39 65 En
2833 444 153 59 arriere
3063 442 48 58 dit
3169 457 0 45 a
3236 440 178 70 Thomy:
3448 451 34 60 vo
3525 448 29 65 la

2375 539 8 60 6

2421 510 235 87 janson,
2690 510 31 87 Et
2762 511 85 69 dans
2883 520 24 55 ce
2979 520 217 82 monrus,
3238 522 24 80 jl
3328 517 186 83 Entendit
3556 524 42 62 que

2403 601 157 74 janson
2635 602 50 66 dit
2741 599 0 85 a
2809 599 193 85 thomy;
3052 603 193 81 Gueux,
3283 598 243 52 pisteleta
3557 598 18 52 la

2407 680 209 74 main.
2653 680 27 75 Et
2733 683 96 74 dains
2867 680 225 80 l'justant
3159 684 120 77 même
3342 689 97 76 ledit
3479 702 130 49 janson

2407 754 176 78 tinanson
2658 754 82 93 coup
2809 760 31 87 de
2903 756 232 91 pistolet
3198 765 226 79 depoche
3487 762 75 66 sur

2399 844 107 62 ledit
2557 841 168 67 Thomy
2781 853 22 49 Et
2848 839 34 63 le
2955 834 174 80 Blessa
3218 845 40 68 au
3331 833 89 79 coté
3453 831 164 71 guche,

2393 917 31 88 Et
2449 917 68 73 sur
2566 916 19 65 le
2653 913 174 90 champ
2907 913 131 67 donna
3131 922 38 76 des
3200 918 99 80 deux
3367 927 0 40 a
3429 906 93 71 son

2394 994 158 68 Cheval
2626 991 30 61 Et
2705 996 232 66 disparut
3012 991 173 73 fairant
3269 998 153 64 Route
3491 1008 30 50 du
3570 999 79 58 coté

2412 1073 28 66 de
2492 1070 98 80 Chez
2665 1084 28 58 la
2762 1069 213 71 Guerard.
3032 1085 75 56 que
3153 1077 52 74 luy
3256 1082 270 69 déposant

2390 1146 233 84 Conduirit
2686 1147 113 69 ledit
2855 1154 151 80 Thomy
3075 1143 38 89 En
3145 1143 37 88 sa
3264 1167 233 63 maison,
3528 1155 44 54 ou

2402 1224 119 66 Etant
2592 1224 146 79 arrivé
2808 1224 38 79 jl
2900 1232 130 70 'envoy
3073 1241 0 53 a
3159 1236 217 63 chercher
3457 1228 64 70 le

2404 1310 200 68 nommé
2680 1312 29 60 Le
2745 1312 117 62 Clere
2950 1314 259 84 Chusurgien
3297 1334 70 66 qui
3408 1315 153 85 paura

2409 1391 108 79 ledit
2581 1391 209 86 Thomy:
2848 1391 93 82 Qui
2981 1392 47 58 est
3091 1391 88 72 tout
3242 1391 24 79 ce
3295 1400 87 58 qu'il
3457 1401 105 53 adit

2382 1459 213 80 savoir.

2566 1540 248 88 Lecture
2892 1567 0 58 a
2942 1559 49 84 luy
3055 1544 121 97 faite
3232 1561 29 79 de
3289 1547 36 94 sa
3367 1552 227 89 depoution

2407 1634 0 67 a
2450 1633 48 85 dit
2547 1633 103 68 jelle
2717 1633 194 65 contenir
2978 1638 152 82 verité,
3184 1641 0 79 y
3245 1638 0 80 a
3306 1639 249 65 peristé,
3591 1639 0 52 a

2390 1704 131 87 signé
2580 1706 24 67 Et
2670 1712 125 79 aprés
2831 1708 107 73 qu'il
3003 1727 0 50 a
3075 1727 137 66 requis
3266 1707 196 74 salaire
3540 1710 65 69 luy

2409 1808 112 44 avons
2565 1778 124 76 tagé
2778 1779 34 76 la
2862 1782 163 75 somme
3081 1797 50 60 de
3221 1789 95 59 huit
3400 1775 163 79 livre.

2403 1867 105 85 aisi
2567 1857 131 86 signes
2737 1868 0 59 a
2770 1859 26 68 la
2869 1865 217 75 minutte
3183 1869 185 85 Gillet.
3425 1866 179 94 DEcopin

2380 1957 31 64 Et
2462 1955 296 93 Caronnajor
2840 1954 239 85 Greffier.

2797 2082 125 104 Du
2983 2102 210 90 heutierre
3286 2116 116 75 aoust
3456 2122 93 64 une

2803 2198 82 82 sept
2918 2200 70 69 cent
3050 2196 259 82 dixneub,
3337 2201 36 51 au
3429 2188 208 72 malin.

2433 2317 169 86 Edme
2703 2307 316 95 Rossignol
3126 2300 181 84 habitant
3364 2315 33 71 du
3428 2317 162 66 quartier

2373 2403 36 87 S^t
2428 2403 158 85 George,
2629 2417 0 54 y
2683 2396 293 89 conneurant,
3017 2386 196 93 paroisse
3285 2386 197 82 d'aquin,
3522 2388 74 76 age

2377 2474 176 74 d'Environ
2627 2467 215 78 quarante
2905 2466 60 67 six
3013 2469 129 59 ans,
3194 2460 124 76 lequel
3408 2464 151 66 apres

2380 2535 181 70 serment
2630 2551 86 51 par
2776 2541 45 58 lui
2866 2528 85 74 fait
3001 2526 41 71 de
3101 2525 76 68 dire
3231 2524 121 73 verité
3417 2529 25 61 Et
3482 2532 85 61 qu'il

2399 2616 70 63 nous
2500 2616 0 46 a
2544 2598 57 82 bit
2657 2595 88 92 n'Etre
2796 2595 188 92 parent,
3022 2594 145 89 allié,
3198 2599 226 73 serviteur
3500 2606 25 53 ni

2332 2761 113 59 Deuvee

2921 2693 8 82 2
