2816 3544
49 362 51 74 ly
138 344 139 93 seroit,
328 364 13 50 ce
392 347 89 71 donc

65 446 0 65 a
115 431 134 80 pleine
310 433 261 76 connoissance

42 512 167 67 avancer,
243 508 322 84 Monseigneur

37 572 38 79 du
132 569 75 92 sien
270 593 100 64 pour
427 571 157 90 remettre

51 659 64 68 n'il
169 651 224 78 habitoie,
447 664 96 60 dans
575 654 16 72 la

61 728 41 80 ses
144 726 260 87 de패bourse패s.
451 727 148 83 lorsqu'il

38 824 38 52 sir
141 824 48 52 que
221 801 22 75 le
286 799 43 77 S^r
377 799 210 77 Intendant

54 880 234 70 actement;
359 880 29 65 Il
454 880 96 63 s'en

78 955 167 77 reponse
303 953 54 72 tres
388 950 119 65 claire
555 966 1 49 a

67 1039 222 79 cy-jointe,
348 1051 70 52 par
467 1033 135 74 laquelle

59 1114 90 71 faire
198 1102 262 85 rembourser
520 1099 53 81 que

132 1179 24 83 Il
216 1201 102 53 avoit
367 1175 60 84 e패te패
469 1175 72 83 fait

54 1269 114 52 enieur
237 1261 54 57 du
316 1260 69 63 Roy
434 1258 45 69 de

98 1334 59 85 15.
208 1333 179 81 Janvier
455 1327 105 80 1762

81 1417 23 63 et
162 1405 57 77 des
283 1399 270 87 re패paration

106 1486 22 71 le
184 1482 120 68 mettre
339 1482 84 70 sous
469 1482 73 67 vorl

69 1551 171 85 produits
300 1559 13 69 a
357 1545 239 79 l'intendante

136 1648 143 58 comme
349 1622 102 82 ledit
491 1620 105 85 compt

48 1724 58 70 eur
169 1728 66 53 ont
285 1707 60 80 e패te패
400 1705 164 80 perdue

37 1791 135 74 rement
225 1790 26 62 et
299 1785 32 75 de
372 1775 216 91 l'jntendan

40 1869 62 71 eute
162 1865 35 74 de
229 1859 251 75 Belsunce
529 1855 58 80 qui

67 1972 77 56 par
202 1957 27 67 la
286 1953 103 69 lettre
436 1950 28 66 de
497 1950 91 65 M.

59 2031 107 68 avril
243 2028 127 75 1767,
406 2037 26 58 et
479 2026 75 73 par

47 2110 95 84 cuses
180 2098 113 97 signe패
338 2098 34 72 de
424 2109 107 63 M.

51 2191 31 73 tte
151 2194 52 55 du
242 2183 25 93 16
341 2185 80 79 juin
469 2159 115 107 1763.

70 2271 137 63 mment
256 2260 137 68 arre팩te패
437 2257 83 66 tous

52 2352 72 61 M.
159 2342 41 73 De
236 2340 179 91 Clugny,
464 2338 51 79 qui
545 2329 55 67 avec

50 2433 221 61 ux-me팩mea
317 2421 139 71 pluine

114 2495 49 78 De
193 2492 227 93 Perrigny,
464 2486 102 75 n'ont

60 2575 37 73 te
149 2571 155 88 affaire
363 2588 2 57 a
416 2565 102 85 fin,

90 2677 120 82 copies
263 2652 208 100 cp-jointes
524 2653 34 74 de

43 2751 25 68 la
138 2738 325 89 Mahautiere,

42 2926 21 86 le
109 2921 252 89 l'inge패neur
415 2923 50 57 du
530 2912 57 76 20.

76 3026 89 61 piece
227 3002 26 75 la
292 2998 78 87 plus
414 2990 166 86 necessoin

1066 325 36 80 est
1143 316 161 89 unloise패
1351 317 108 86 qu'il
1511 339 102 62 avoit
1666 320 65 83 fait
1809 322 149 82 desdits
1993 334 225 70 ouvrages,
2260 327 136 81 d'ordre
2438 329 30 79 de
2537 322 86 87 m^rs

1044 414 106 62 Bart
1196 407 31 65 et
1279 411 30 65 de
1367 409 171 75 Clugny
1602 411 18 59 le
1684 406 48 80 1^er
1779 405 229 81 septembre
2049 408 124 78 1762,
2220 419 35 54 au
2308 421 70 56 nom
2455 414 41 62 de

1040 486 122 75 l'entre
1188 488 154 75 preneur
1412 500 34 54 de
1474 500 142 55 nomme패
1671 496 32 56 au
1757 480 94 77 devis
1910 482 122 55 comme
2081 492 33 45 au
2163 476 98 76 toise패
2311 476 93 75 pour
2475 474 27 79 la
2546 473 115 80 forme

1050 573 113 65 requere
1233 583 11 45 a
1289 568 31 57 la
1375 562 189 70 chambre
1608 564 47 65 des
1710 557 194 70 comptes,
1974 559 72 53 mais
2101 554 82 56 donc
2233 564 16 46 le
2315 563 86 47 recu팩
2457 543 167 67 n'existe

1048 657 77 67 pas,
1179 654 108 64 parce
1310 634 106 86 qu'a
1476 631 133 84 de패fant
1675 631 34 73 de
1762 625 208 79 payement
2025 635 56 60 par
2136 616 20 63 le
2180 618 76 71 Roy
2298 614 20 61 le
2360 615 32 60 S^r
2422 608 45 72 De
2491 606 200 83 Perrigny

1051 736 2 63 a
1103 733 88 65 paye
1252 708 346 84 poste패rieurement
1660 701 77 72 tous
1776 717 41 51 les
1872 698 169 75 ouvriers
2086 686 271 83 particuliers
2396 689 24 75 et
2471 677 225 84 fournisseur

1052 804 24 62 de
1094 797 46 69 ses
1196 796 158 68 deniers,
1399 784 82 60 dont
1526 780 19 64 il
1603 790 1 54 a
1661 773 119 71 touttes
1826 771 34 74 les
1902 767 215 78 quittances
2184 767 28 61 en
2259 758 114 74 bonne
2414 755 146 72 forme,
2595 759 28 59 et

1047 891 49 61 qui
1135 889 54 55 ont
1233 865 54 71 e패te패
1343 858 149 87 re패dige패es
1523 871 78 70 par
1663 855 95 61 ordre
1820 847 95 74 dans
1960 843 19 63 le
2024 834 158 87 compte
2240 834 47 75 des
2345 826 169 85 de패penses
2554 830 105 75 seules

1048 966 122 68 juge패es
1223 943 229 86 ne패ce패ssaires,
1498 938 86 65 dont
1631 939 96 77 copie
1775 923 215 92 cy-jointe,
2026 918 90 87 aussi
2164 915 76 87 vise패
2289 913 26 63 de
2339 909 252 87 l'inge패nieur
2647 901 19 69 le

1046 1022 51 84 16.
1131 1024 69 78 Juin
1259 1017 118 83 1767;
1440 1011 82 71 celles
1567 1006 241 86 d'agre패ment
1867 1011 122 71 ayant
2030 994 50 75 e패te패
2127 996 233 77 supprime패es
2401 1003 31 45 en
2473 982 112 76 entier
2631 990 26 52 et

1048 1099 128 77 perdu팯s
1229 1100 101 63 pour
1381 1093 20 65 le
1442 1080 155 81 compte
1656 1076 41 74 du
1732 1076 249 73 supliant.

1210 1167 98 71 Tout
1358 1174 13 70 ce
1397 1176 58 68 que
1516 1160 19 66 le
1568 1156 52 73 S^r
1675 1154 47 77 De
1749 1151 216 81 Perrigny
2027 1154 80 69 peut
2163 1161 80 57 vous
2282 1140 194 80 observer

1049 1247 410 82 Monseigneur,
1537 1236 82 83 c'est
1669 1247 58 69 que
1789 1225 174 85 lorsqu'il
2001 1222 36 83 est
2087 1221 100 64 entre패
2242 1223 31 63 au
2328 1212 335 81 Gouvernement

1049 1346 31 51 de
1141 1327 196 80 Leogane,
1388 1323 87 72 tout
1515 1320 81 72 e패toit
1670 1311 99 72 dans
1813 1308 20 78 le
1877 1302 87 78 plus
2014 1298 100 72 triste
2152 1293 105 80 e패tat,
2284 1295 25 70 et
2359 1302 59 68 que
2468 1282 197 88 lorsqu'il

1043 1427 33 59 en
1112 1407 40 82 est
1194 1402 120 72 sorti,
1382 1401 53 69 M^r
1488 1394 46 71 De
1589 1390 153 92 Clugny
1790 1393 58 80 qui
1890 1395 40 58 en
1991 1377 46 67 fit
2091 1374 28 77 la
2154 1370 103 93 visite
2318 1367 278 88 lui-me팩me,
2627 1363 74 88 ainsy

1048 1492 46 63 que
1131 1493 161 60 venoient
1348 1475 36 74 de
1417 1474 28 67 la
1506 1470 95 73 faire
1683 1472 101 65 M.
1827 1471 16 54 le
1896 1457 105 69 Comte
2088 1455 51 70 De
2187 1454 239 68 Langeron
2479 1451 223 54 comandant

1050 1567 44 65 des
1132 1559 133 78 troupes
1315 1561 28 60 et
1408 1556 70 64 M.
1538 1543 39 75 De
1622 1535 205 83 Kerdisien
1877 1531 158 76 temais
2100 1519 289 79 Commissaire
2450 1519 168 69 Ge패ne패ral

1047 1646 24 63 et
1120 1630 276 80 ordonnateur
1489 1634 43 61 au
1590 1622 132 77 Cap,
1793 1620 24 63 le
1848 1608 239 71 trouverent
2147 1598 232 80 suffisant
2422 1610 108 60 pour
2585 1608 1 48 y

1040 1712 93 81 loger
1197 1707 140 86 presque
1389 1707 68 65 tout
1515 1711 38 51 un
1605 1688 237 79 Re패giment,
1882 1681 152 83 officiers
2069 1686 20 71 et
2134 1668 183 82 soldats,
2351 1658 314 86 conforme패ment

1043 1807 61 54 aux
1155 1787 92 69 ordres
1288 1784 35 66 de
1378 1786 79 60 M^r
1494 1775 20 66 le
1561 1767 159 71 Vicomte
1780 1763 34 66 de
1861 1756 208 69 Belsunce
2125 1758 176 56 annonce패s
2349 1742 90 62 dans
2488 1737 23 61 la
2550 1736 100 59 lettre

1046 1864 31 69 de
1125 1867 75 65 M.
1254 1856 40 72 De
1335 1849 147 96 Clugny
1537 1857 38 54 eu
1611 1837 101 70 datte
1777 1838 43 63 du
1900 1833 66 92 22.
1994 1823 115 101 Juile
2213 1819 157 98 1763,
2440 1812 90 97 sans
2592 1821 2 65 y

1033 1950 79 76 faire
1174 1937 32 73 de
1262 1929 224 86 de패pense.

1170 2003 241 71 Pourquoi
1471 1988 22 76 le
1533 1986 45 69 S^r
1625 1984 45 63 De
1706 1982 210 85 Perrigny
1971 1982 19 69 a
2032 1980 198 78 l'honiea
2322 1980 31 60 de
2408 1980 167 66 recourir
2642 1983 19 61 a

1049 2098 79 63 vous
1170 2069 348 92 Monseigneur,
1593 2076 104 69 pour
1773 2074 84 70 qui,
1907 2057 53 77 vu팩
2010 2049 123 73 l'etat
2208 2047 33 72 de
2292 2045 154 92 de패pense
2503 2056 181 76 cy-joint

1031 2161 147 76 certiffu
1245 2172 76 59 par
1393 2157 65 68 M.
1513 2147 180 82 Lagneau
1771 2140 37 71 de
1858 2140 93 71 Paris
2002 2142 24 52 et
2088 2126 185 86 l'expose패
2311 2126 42 81 au
2398 2120 173 86 pre패sent

1042 2256 199 65 me패moire,
1297 2242 84 75 vous
1436 2243 85 81 ayez
1569 2226 34 71 la
1664 2220 129 79 bonte패
1842 2218 35 93 de
1906 2214 179 95 supli패er
2148 2223 90 77 par
2299 2205 28 92 la
2389 2197 236 90 ple패nitede

1038 2323 33 66 de
1111 2325 80 67 votre
1235 2317 199 77 puissance
1495 2318 27 66 et
1563 2307 95 61 votre
1709 2303 152 79 equite패,
1917 2315 16 43 a
1984 2308 17 54 ce
2056 2294 59 75 qui
2171 2292 105 76 peut
2343 2285 121 72 rester
2535 2285 43 69 de

1046 2404 224 66 de패fectueux
1372 2394 100 69 dans
1524 2389 33 68 la
1613 2386 125 74 forme
1802 2393 30 51 et
1904 2375 47 70 lui
2008 2368 170 70 allouer
2245 2370 85 71 par
2395 2371 69 49 une
2513 2355 182 66 ordonance

1046 2483 15 71 a
1099 2478 148 71 prendre
1307 2468 66 80 sur
1441 2468 31 59 la
1516 2464 107 78 caisse
1673 2463 38 80 de
1743 2457 101 84 Saint
1906 2457 280 76 Domingue
2255 2450 30 68 la
2365 2443 204 79 modique

1045 2556 145 71 somme
1255 2549 49 67 de
1357 2544 73 82 six
1502 2537 103 78 mille
1670 2533 223 89 quatorze
1939 2527 128 83 livres
2143 2524 14 75 a
2209 2538 93 67 quoi
2354 2521 20 62 il
2450 2512 98 84 s'est
2582 2506 104 87 re패duit

1035 2633 241 86 consentant
1331 2626 124 79 perdre
1517 2617 275 80 tout-a-fait
1848 2611 25 61 le
1899 2606 90 75 reste
2046 2621 58 63 qui
2157 2604 46 68 lui
2255 2597 54 80 est
2371 2602 93 66 bien

1032 2717 267 74 le패gitimement
1366 2703 50 69 du팩
1472 2701 126 81 depuis
1655 2695 149 81 1763;
1926 2682 118 79 sauf
2102 2681 0 59 a
2155 2678 194 73 ordonner
2408 2691 23 54 ce
2484 2667 100 78 qu'il
2625 2666 64 77 vous

1037 2795 119 72 plaira
1214 2802 105 66 pour
1394 2786 19 67 le
1465 2781 144 75 compte
1657 2772 248 71 particulier
1981 2767 176 80 cy-joint
2222 2775 39 51 au
2332 2756 182 67 montant
2572 2756 51 56 de

1023 2864 105 75 Deux
1204 2851 93 80 mille
1351 2870 71 61 cinq
1471 2868 69 54 cens
1585 2844 182 79 soixante
1805 2842 59 69 dix
1913 2840 98 71 livres
2060 2836 64 77 dix
2162 2832 81 81 sols,
2281 2828 93 74 dont
2428 2831 19 75 le
2479 2824 36 84 s^r
2587 2822 42 76 De

1036 2967 211 48 Perrigay
1301 2967 27 44 ne
1371 2967 82 35 peus
1502 2967 160 39 provue
1732 2963 30 26 de
1797 2925 100 63 recu팩,
1961 2927 81 58 mais
2081 2921 101 71 qu'il
2231 2915 161 73 certiffie
2436 2911 61 65 e팩tre
2536 2912 81 58 vrai
2656 2919 1 52 e

2037 1933 86 75 MIE

1024 3032 80 45 croit
1160 3007 59 79 e팩tre
1268 3007 120 83 fonde패
1438 3020 18 50 a
1501 3002 12 75 le
1546 2999 262 76 demander;
1875 3007 24 60 et
1971 3002 24 57 ne
2034 2987 126 84 cessera
2221 2990 18 74 le
2267 2980 176 87 supliant
2499 2983 35 76 de
2567 2979 92 76 faire

1036 3093 48 72 des
1133 3095 114 77 voeux
1310 3096 93 67 pour
1478 3078 93 81 votre
1621 3073 118 72 sante패
1797 3078 27 87 et
1875 3063 261 100 prospe패rite패

2215 3081 393 93 Perrigny
