3232 3664
164 1599 48 71 C0.

1545 170 193 104 Extrait
1776 165 63 99 des
1902 170 228 87 minuttes
2169 151 40 91 du
2265 150 140 100 Greffe
2447 146 37 84 du

1554 282 139 78 siege
1742 264 198 85 Roÿal
2002 255 42 78 du
2087 254 159 84 Cap.

1015 388 359 107 Rapporté
1424 401 93 82 par
1583 403 94 72 moy
1734 383 298 85 chirurgien
2097 364 48 75 du
2187 360 132 92 Roy
2378 364 47 72 au
2468 360 86 82 cap

1021 507 80 72 que
1147 494 239 67 Letreize
1442 471 283 90 maymil
1793 466 123 72 sept
1974 458 118 69 cent
2149 438 309 76 soixante

1020 583 56 72 six
1158 577 78 78 jay
1286 570 78 73 été
1420 557 205 76 mandé
1686 550 120 76 dans
1878 540 40 74 la
1957 539 73 71 rue
2102 510 369 97 Espagnolle

1033 680 119 56 pour
1213 655 131 72 faire
1422 645 317 70 louversure
1811 639 32 64 de
1875 615 73 78 feu
1997 631 153 62 Mr
2219 600 135 77 Tan
2469 591 41 82 de

1032 762 74 71 son
1164 749 175 75 vivant
1417 728 271 80 armurier
1761 728 84 66 qui
1922 723 4 58 a
1968 709 69 74 été
2100 703 129 69 blessé
2281 693 85 70 d'un
2415 684 112 74 coup

1024 848 197 80 darme
1289 845 4 60 a
1343 828 69 80 feu
1492 814 263 82 laquelle
1824 799 152 86 plaie
2053 801 56 67 est
2160 780 194 84 scituée
2424 781 3 54 a
2481 767 48 67 la

1019 937 181 76 partie
1289 921 241 79 moyenne
1590 909 37 66 et
1677 888 300 83 lateralle
2045 883 41 60 de
2126 883 62 72 la
2235 865 273 86 poitrine

1025 1049 60 60 au
1140 1030 111 68 coté
1300 1016 175 76 droit,
1529 1012 186 71 aprés
1778 993 98 68 une
1944 979 197 75 Exacte
2205 951 346 86 recherche

1029 1123 96 93 Jay
1191 1114 202 72 trouvé
1441 1117 86 73 que
1613 1088 62 72 la
1722 1075 138 86 balle
1940 1083 4 76 a
2023 1076 170 81 percé
2253 1053 56 67 Le
2364 1044 207 85 Rainq

1038 1219 128 79 droit
1234 1216 32 65 et
1303 1203 69 83 la
1421 1202 185 75 partie
1680 1189 260 68 charnue
2008 1168 45 69 du
2131 1136 461 103 Diaphragne

1031 1320 71 70 elle
1171 1320 16 70 à
1232 1308 77 74 été
1384 1297 53 82 se
1475 1285 198 87 perdre
1741 1274 138 77 dans
1967 1259 34 71 le
2046 1259 180 80 corps
2279 1240 80 63 des
2404 1219 203 91 vertebres

1037 1419 48 65 du
1145 1412 78 65 dos
1292 1401 113 67 dont
1464 1385 49 72 la
1574 1374 176 76 moëlle
1834 1374 4 60 a
1887 1359 74 72 été
2031 1357 177 65 lasée
2273 1340 116 67 avec
2467 1324 35 71 un

1027 1481 484 119 Epanchement
1575 1475 45 78 de
1686 1470 141 83 sang
1912 1455 103 80 quy
2073 1447 4 58 a
2151 1430 81 81 été
2280 1420 107 87 fait
2454 1409 43 73 de

1025 1597 324 81 louverture
1416 1581 40 80 de
1499 1572 51 80 la
1606 1576 141 62 veine
1818 1575 5 51 a
1888 1544 195 86 Zigos,
2121 1514 365 85 Louversure

1035 1691 223 91 desquels
1350 1673 281 80 vaisseaux
1729 1674 4 53 a
1819 1646 161 78 donné
2039 1625 90 83 lieu
2211 1635 4 58 a
2274 1620 50 74 un
2389 1594 164 91 grand

1033 1798 427 97 Epancement
1523 1764 132 83 dans
1726 1754 59 73 la
1827 1732 232 95 poitrine
2140 1719 72 74 dou
2302 1701 58 73 se
2416 1684 115 89 sont

1034 1904 269 81 ensuivis
1363 1880 130 76 tous
1552 1865 75 76 les
1677 1847 269 79 accidens
2011 1829 103 71 quy
2168 1827 96 64 ont
2346 1795 134 82 fait

1062 2008 143 70 perir
1292 1982 41 73 le
1373 1974 165 69 blessé
1605 1966 41 65 en
1687 1956 134 73 sorte
1893 1935 127 80 qu'on
2092 1918 147 79 peut
2308 1907 101 75 dire
2468 1900 75 72 que

1037 2092 52 83 la
1136 2083 185 89 playe
1387 2060 24 82 à
1438 2053 77 88 été
1581 2040 154 86 faite
1815 2036 127 78 par
2002 2026 50 76 un
2125 2011 133 77 armie
2332 2017 4 60 a
2382 1989 70 83 feu
2538 1980 31 75 et

1061 2194 5 60 j
1106 2185 77 66 été
1238 2195 61 47 la
1359 2166 136 67 seule
1564 2164 42 54 et
1666 2148 194 63 unique
1934 2123 169 69 cause
2156 2106 54 70 de
2269 2097 58 70 sa
2391 2080 115 79 mort

1067 2280 111 86 fait
1246 2290 57 64 au
1359 2271 111 73 cap
1566 2247 147 80 ledit
1790 2228 130 87 jour
1988 2222 40 69 et
2076 2218 47 69 an
2200 2210 95 74 que
2336 2180 155 86 dessus

1057 2376 165 95 signé
1285 2363 18 82 à
1342 2357 36 87 la
1447 2335 227 101 minutte
1750 2300 596 107 Maisonneure.

1890 2430 44 175 La
1997 2412 181 192 Roque

531 2436 392 107 collationne
