2667 2621
207 605 100 108 Une
350 602 151 111 place
570 612 42 63 de
673 599 143 75 cadet
879 599 110 75 dans
1029 598 31 75 la
1107 598 378 107 Compaigniee
1564 598 39 85 En
1642 593 270 105 depotalile

207 723 46 78 de
295 727 53 91 Re
427 744 31 74 je
499 739 125 79 piens
668 717 36 74 la
748 717 190 73 liberte
1010 721 285 95 denvoyert
1353 734 0 55 a
1397 716 102 89 votre
1557 716 259 97 grendeur
1846 720 116 91 saletre

207 843 45 72 Et
304 829 108 85 celle
478 832 59 77 du
576 822 51 77 S^r
675 822 22 77 la
759 822 112 90 Cotte
926 819 112 90 chef
1086 825 42 73 du
1176 818 189 88 bureau
1441 827 35 68 de
1510 825 29 82 la
1601 843 168 62 marine

199 969 65 93 cy
297 968 34 87 ce
365 963 200 75 dernier
616 958 40 100 et
699 958 130 97 jeuge
895 963 2 91 a
933 960 189 93 propos
1175 951 30 69 de
1258 950 45 84 me
1341 950 120 81 faire
1514 954 228 93 reponne
1793 965 39 60 ou
1892 965 1 69 a

217 1106 57 71 ma
320 1077 94 100 fille
468 1096 84 77 quy
599 1070 93 100 luy
732 1078 3 71 a
812 1069 208 91 Equerit
1078 1061 199 102 depuis
1328 1057 118 94 ples
1489 1066 38 71 de
1585 1052 53 82 six
1687 1063 16 66 ce
1753 1071 178 60 menes

192 1224 246 81 jenaure
505 1220 86 79 pas
637 1215 99 83 pres
775 1195 38 75 la
854 1192 195 76 liberte
1111 1184 460 106 d'inportunert
1626 1182 181 96 putetre

200 1336 128 83 votre
424 1329 322 87 grendeur.

190 1440 54 92 Ce
347 1432 294 105 Monsieur
706 1435 279 98 jeustifice
1067 1437 106 77 bien
1245 1438 25 104 le
1313 1440 256 99 proverbe
1635 1450 90 91 quy
1775 1460 81 80 dit
1888 1461 80 77 qu'il

213 1567 82 84 vot
382 1560 129 82 mieux
591 1552 245 96 sadresert
882 1565 1 61 a
937 1550 89 83 dieu
1085 1549 117 96 cases
1248 1554 117 89 seins

222 1664 150 105 jause
465 1675 47 87 me
566 1663 238 104 flatert
895 1668 454 111 Monseigneur
1442 1694 102 89 que
1646 1679 137 88 votre
1833 1683 137 94 bonte

246 1837 149 80 aura
496 1831 174 93 Egart
746 1831 1 66 a
803 1831 59 66 un
957 1834 150 65 vieus
1169 1835 296 92 millitere
1547 1850 110 77 quy
1720 1859 1 49 a
1823 1846 72 76 ete

2151 590 182 90 Bleie
2437 599 30 77 et
2540 607 0 68 6

2200 718 131 87 sous
2385 729 125 73 vaus

2201 845 171 88 jecere
2445 843 123 73 tout

2211 975 45 69 de
2324 946 128 94 Votre
2533 967 36 88 gu

2479 1324 1 66 3

2076 2315 283 77 Libourne
2436 2329 22 57 ce

2062 2402 43 70 6.
2148 2401 265 78 novembre
2445 2405 105 79 1780
