2336 3520
232 135 51 89 h.
349 127 50 92 de
471 126 51 93 L.
567 127 3 88 C

277 238 43 89 Lu
388 228 132 91 ecrire
583 246 2 63 a
653 231 62 75 M.
757 228 28 62 de
841 228 159 73 vaivre

1468 229 3 41 M
1610 228 39 38 De
1692 228 216 35 Musieur

1654 294 1 73 M
1788 279 159 84 dutelle

1437 479 604 185 Monseigneur

836 700 608 134 Monseigneur
1571 731 82 104 De
1735 705 317 133 Sartine

838 858 245 95 Secretaire
1151 855 205 89 d'Etat
1411 873 136 81 ayant
1607 852 22 91 le
1675 852 342 97 departement

868 950 29 75 de
954 951 29 76 la
1058 954 195 79 Marine
1334 964 29 58 et
1443 954 69 80 des
1593 954 349 83 Colonies.

947 1179 582 127 Monseigneur

599 1474 39 91 Le
685 1464 58 94 S^r
798 1458 79 138 De
921 1458 220 139 Taillevis
1215 1480 49 103 De
1310 1488 258 118 Pierrigny,
1642 1500 220 94 Lieutenane
1907 1515 31 98 du
1964 1505 78 110 Roy

489 1577 199 77 honoraire
755 1583 34 72 de
831 1585 118 78 Saint
1003 1585 256 80 Domingue,
1320 1596 1 59 a
1387 1589 217 74 l'honneur
1674 1596 35 72 de
1740 1605 80 69 vous
1857 1601 174 78 exposer
2089 1623 51 54 que

482 1654 173 76 pendant
714 1658 103 79 qu'il
877 1659 0 73 a
936 1660 239 73 commande
1227 1679 34 63 au
1319 1668 175 77 quartier
1563 1670 39 68 de
1665 1674 174 79 Leogane
1892 1695 82 56 avec
2027 1687 29 69 la

483 1743 100 71 grade
648 1745 30 62 de
758 1746 130 71 major,
938 1752 110 66 ayant
1103 1748 56 55 lors
1217 1753 102 64 pour
1389 1752 70 66 tous
1508 1756 316 68 appointemens
1869 1763 20 51 et
1944 1758 205 63 traitemens

483 1819 244 85 quelconques
794 1823 103 87 regles
946 1830 73 72 par
1086 1822 286 72 l'ordonnance
1439 1826 36 79 du
1500 1827 67 89 RRoy
1609 1830 122 86 1759,
1780 1830 85 78 trois
1914 1832 91 64 mille
2054 1832 91 84 livres

476 1902 122 68 argent
657 1898 33 66 de
721 1898 22 63 la
790 1906 161 70 colonie,
999 1902 22 65 il
1073 1903 112 77 desira
1265 1904 160 61 habiter
1495 1912 26 70 la
1596 1915 128 68 maison
1762 1928 138 58 occupee
1954 1916 208 72 cy-devaite

471 1991 55 61 par
581 1987 10 58 le
657 1980 252 74 Gouverneur
981 1980 153 76 General
1205 1984 28 73 de
1265 1986 28 68 la
1348 1986 142 74 colonie
1550 2002 28 56 en
1633 1984 27 70 la
1698 1984 77 79 ville
1835 1984 33 77 de
1912 1997 164 62 Leogane
2175 2004 0 49 u

480 2074 99 56 avant
628 2077 49 56 que
732 2057 33 64 sa
825 2057 159 76 residence
1033 2070 49 53 eut
1126 2062 50 61 ete
1219 2061 203 78 transferee
1499 2072 38 69 au
1581 2063 76 71 Port
1712 2078 38 65 au
1805 2074 203 63 prince.

590 2131 92 63 M.
737 2136 69 66 De
868 2135 159 82 Clugny
1084 2145 97 63 Nuis
1254 2139 63 77 lors
1374 2142 221 83 Intendant
1663 2164 0 59 y
1709 2148 221 71 consentit,
1970 2168 34 59 en
2061 2168 63 58 par

459 2212 12 56 le
506 2211 41 59 S^r
610 2211 30 74 De
669 2211 226 86 Perrigny,
953 2213 343 86 dedommageant
1372 2217 278 79 annuellement
1703 2223 23 69 la
1784 2229 99 74 caisse
1924 2222 34 75 du
1993 2222 70 77 Roy

471 2295 107 58 d'une
649 2295 137 58 somme
852 2297 31 57 de
969 2297 142 69 Deux
1187 2297 102 67 mille
1345 2300 81 70 cinq
1466 2315 66 51 cens
1578 2300 117 71 livres,
1761 2319 20 53 ce
1837 2315 56 59 qui
1944 2321 0 41 a
1979 2301 102 71 reduit

466 2378 44 72 ses
564 2375 263 77 apointemens
909 2375 11 60 a
975 2375 27 67 la
1051 2375 159 65 Somme
1259 2375 33 68 de
1357 2376 88 79 Cinq
1494 2393 71 57 cens
1631 2377 115 76 livres
1800 2393 93 63 par
1954 2393 87 45 an.

2161 2295 22 96 au

604 2450 30 74 Le
677 2450 48 80 S^r
768 2450 55 78 De
847 2450 231 90 Perrigny
1133 2455 122 73 trouva
1340 2459 12 83 le
1395 2464 322 78 gouvernement
1790 2463 98 65 dans
1942 2455 19 89 le
1991 2454 105 88 plus
2140 2454 48 86 dui

467 2531 153 68 mauvais
672 2528 74 76 etat
804 2530 211 74 possible,
1062 2546 106 55 pour
1226 2540 15 58 ce
1299 2533 53 69 qui
1415 2535 164 73 regarde
1642 2539 26 66 la
1731 2538 222 65 couverture

458 2603 136 69 partie
682 2621 94 54 meme
839 2604 93 73 d'un
1005 2604 193 73 batiment
1266 2608 156 69 essentiel
1490 2615 26 58 en
1558 2609 146 69 ruine,
1751 2611 105 73 ainsy
1907 2628 52 54 que
1996 2610 37 69 les
2142 2623 47 52 vou

455 2684 109 85 hayes
633 2687 17 67 et
702 2684 236 85 entourages
1013 2684 166 75 dertines
1248 2702 18 55 a
1300 2684 87 74 clore
1461 2684 41 67 les
1559 2684 219 77 Savannes
1841 2698 23 71 et
1904 2684 138 83 jardin
2088 2702 46 64 de

462 2770 45 61 qui
546 2774 22 57 en
619 2757 286 78 dependoient.
1056 2761 28 76 Il
1151 2759 45 76 se
1246 2765 107 67 retira
1431 2782 73 57 vers
1560 2759 17 65 le
1616 2759 51 82 S^r
1734 2760 263 83 Intendant,
2036 2767 107 74 ete

447 2849 24 77 il
517 2847 52 84 fut
622 2858 186 65 convenu
860 2845 180 64 entr'eux
1104 2844 273 82 verbalement
1453 2866 58 57 que
1598 2853 238 72 moyennant
1918 2841 186 84 deux

458 2927 76 67 mille
594 2947 76 58 cinq
713 2935 59 61 cens
816 2929 92 76 livres
967 2931 152 70 deloier
1195 2933 102 70 qu'il
1346 2938 173 71 payeroit
1579 2952 38 56 au
1649 2935 114 72 Roy,
1822 2937 260 76 c'est-a-dire

441 3025 55 75 aux
551 3009 199 86 personnes
826 3013 42 76 qui
929 3009 42 74 lui
1033 3007 172 74 seroient
1260 3012 186 99 indiqnees
1494 3024 69 79 par
1625 3018 55 75 M.
1735 3013 48 86 De
1831 3016 172 99 Clugny,
2045 3021 14 80 il
