2912 3680
165 1667 83 39 100

1597 169 191 93 Extrait
1834 174 61 84 des
1986 167 244 98 minuttes
2329 172 46 106 du
2429 180 145 98 Greffe

1602 281 39 80 du
1700 273 155 87 siege
1904 272 155 86 royal
2119 265 51 83 du
2218 267 105 74 Cap

1273 389 1 78 A
1386 379 364 93 Monsieur
1829 390 348 74 Monsieur
2243 379 35 74 le
2330 355 269 83 Senechal

1298 494 48 80 du
1389 509 93 75 cap

1184 585 105 94 Vous
1364 582 287 92 Remontre
1726 589 37 83 le
1810 587 286 83 procureur
2163 569 37 87 du
2254 572 113 85 Roy
2421 568 154 83 audit

1065 691 124 81 siege
1270 691 85 79 que
1414 686 57 75 la
1537 678 150 82 visite
1753 684 51 71 du
1864 671 234 75 cadavre
2180 683 51 58 du
2301 658 79 72 feu
2451 660 135 65 Rene

1071 777 228 75 Robert
1369 775 346 77 Guillaume
1778 756 104 85 Tan
1988 756 161 78 natif
2225 748 44 83 de
2320 748 56 77 la
2421 740 110 76 ville

1061 877 323 85 dargentan
1468 887 38 60 en
1573 850 374 90 Normandie
2033 838 292 85 armurier
2405 822 153 79 abord

1071 991 49 70 du
1181 980 229 75 Navire
1488 964 28 76 le
1564 959 113 83 frere
1739 973 31 49 et
1825 951 50 78 La
1936 942 142 78 sur
2145 939 49 68 du
2255 924 183 79 havre
2488 918 42 69 de

1061 1085 147 77 grace
1281 1068 183 85 ayant
1537 1056 72 71 ete
1682 1046 158 88 faite
1919 1052 103 72 par
2082 1031 65 82 les
2188 1014 378 92 chirurgiens

1060 1197 41 62 en
1158 1177 387 74 consequence
1623 1159 42 72 de
1706 1151 112 74 votre
1898 1144 364 67 ordonnance
2335 1127 43 68 de
2424 1128 25 71 ce
2484 1121 90 72 jour

1050 1275 46 69 ce
1147 1265 268 76 concidere
1488 1258 40 71 Il
1596 1261 111 64 vous
1764 1245 214 74 plaise
2045 1236 280 74 monsieur
2387 1218 224 75 ordonner

1065 1395 80 61 que
1204 1369 151 75 ledit
1425 1362 228 75 cadavre
1733 1349 105 78 sera
1918 1341 259 73 inhume
2224 1322 127 79 dans
2453 1315 31 67 le

1057 1474 268 66 cimetiere
1398 1461 38 68 de
1484 1456 109 70 cette
1667 1441 271 79 parroisse
2011 1433 39 66 et
2103 1440 93 60 que
2249 1416 130 68 votre

1067 1566 324 77 ordonnance
1474 1568 3 64 a
1543 1539 357 90 jntervenir
1978 1525 117 77 sera
2172 1504 313 87 transcrite
2539 1499 71 80 sur

1064 1664 60 79 les
1172 1659 242 84 registres
1496 1641 348 87 mortuaires
1909 1627 43 76 de
1994 1625 54 80 la
2102 1611 251 89 susditte

1084 1759 250 81 parroisse
1398 1754 36 71 de
1482 1739 126 85 notre
1682 1735 138 76 dame
1901 1729 48 78 de
2007 1709 378 92 Lassomption
2472 1704 36 66 et

1066 1854 277 88 ordonner
1409 1858 38 57 en
1502 1831 131 81 outre
1717 1835 79 75 que
1850 1821 56 83 la
1961 1808 270 90 presente
2327 1795 177 80 soit

1067 1955 163 81 Jointe
1299 1962 4 62 a
1358 1938 141 83 notre
1558 1918 378 86 precedente
2005 1891 472 94 Remontrance

1065 2072 31 47 en
1143 2038 240 78 plainte
1441 2026 203 78 rendue
1707 2016 164 78 contre
1939 2002 49 83 le
2028 2003 219 77 nomme
2305 1982 214 79 Etienne

1055 2144 193 75 Tache
1319 2127 164 81 dattee
1566 2118 49 81 de
1671 2126 30 61 ce
1773 2108 107 79 jour
1952 2107 43 72 et
2049 2095 130 82 feres
2239 2085 106 81 bien
2434 2090 48 61 au
2532 2087 66 65 Cap

1076 2261 30 56 ce
1158 2239 157 76 treize
1420 2228 124 77 may
1619 2221 103 64 mil
1779 2201 164 84 sept
2017 2196 126 75 cent
2206 2180 297 86 soixante
2533 2172 53 74 six

1048 2323 176 90 signe
1311 2336 1 60 a
1386 2306 53 93 la
1494 2299 250 93 minutte
1833 2271 454 104 Dumesnil.

1248 2420 42 79 Vu
1337 2416 38 77 la
1422 2406 255 81 presente
1754 2415 142 60 nous
1950 2389 311 79 ordonnons
2315 2381 75 70 que
2450 2367 30 76 le

1056 2509 240 80 cadavre
1371 2493 165 80 dudit
1610 2487 352 76 guillaume
2031 2466 103 73 Tan
2226 2463 140 76 sera

1038 2591 391 88 transporte
1481 2578 136 70 dans
1725 2567 26 86 le
1809 2563 276 81 cimetiere
2137 2554 33 69 de
2205 2547 99 86 cette
2344 2543 234 87 parroisse

1059 2709 2 59 a
1113 2682 143 91 leffet
1320 2682 58 84 dy
1430 2672 76 73 etre
1588 2665 33 80 In
1673 2671 167 68 hume
1905 2646 323 77 ordonnons
2281 2656 40 58 en
2360 2634 142 74 outre
2549 2631 63 72 que

1051 2781 49 81 la
1149 2772 260 90 presente
1481 2764 308 73 demeurera
1860 2741 152 86 jointe
2083 2750 3 57 a
2147 2732 54 73 la
2250 2719 301 83 procedure

1071 2874 123 76 par
1254 2864 147 76 nous
1455 2841 274 92 instruite
1800 2847 3 63 a
1864 2837 43 75 la
1944 2829 210 84 requete
2203 2830 43 65 du
2284 2807 324 84 remontrant

1057 2959 123 73 contre
1239 2955 44 68 le
1326 2954 209 65 nomme
1584 2937 175 75 Tache
1836 2930 89 75 Au
1968 2929 124 71 Cap
2180 2907 32 74 le
2260 2903 147 81 treize
2467 2898 113 75 may

1079 3060 84 74 mil
1251 3045 113 84 sept
1419 3039 122 66 cent
1619 3023 296 82 soixante
1964 3007 77 87 six
2140 3001 188 79 signe
2410 3002 5 61 a
2468 2984 48 63 la

1066 3123 259 94 minutte
1412 3109 252 88 Esteve.

512 3207 422 93 Collationnee

1970 3126 49 140 La
2067 3099 216 174 Roque
