3808 3040
667 347 27 70 du
745 325 112 89 port
940 325 245 84 Cavaillon,
1240 330 129 85 lequel
1425 331 46 76 luy
1524 337 45 78 dit
1615 325 72 82 qu'il
1746 347 111 61 venoit

687 409 0 67 e
717 410 146 80 donner
918 409 37 79 un
1015 410 79 86 coup
1174 418 30 78 de
1253 419 182 65 pistolet
1508 435 37 44 au
1600 415 170 68 nomme패

658 488 180 55 Thomy,
864 488 19 55 Et
916 496 75 47 qu'il
1058 506 90 37 pria
1208 491 63 52 luy
1312 494 195 49 de패posant
1585 489 277 54 d'accomuoder

654 560 77 68 cette
782 558 186 71 affaire,
1009 564 15 63 Et
1076 582 56 46 que
1163 565 36 63 si
1261 564 93 62 ledit
1410 562 155 62 Thomy
1632 568 242 59 poursuivoit

636 637 83 67 cette
768 642 137 74 affaire
982 655 22 56 jl
1081 636 236 76 Bruleroit
1388 631 33 64 la
1481 631 159 68 cervelle
1722 635 116 72 audit

654 716 188 82 Thomy;
899 717 50 70 que
987 716 100 62 ledit
1163 716 144 91 Janson
1370 714 138 73 parla
1590 714 201 91 d'Egorger

636 823 40 57 sa
716 806 144 72 femme
905 802 24 61 Et
969 802 47 75 ses
1050 800 190 77 Enfins,
1274 814 87 65 mais
1401 812 57 57 que
1532 797 145 75 comme
1756 795 41 64 jl

647 876 84 77 Etoit
786 874 79 70 tout
939 874 81 78 hors
1055 881 35 68 de
1142 874 70 72 luy
1287 878 157 72 me팩me,
1496 882 29 64 jl
1601 881 215 68 arrangea

633 953 32 67 si
713 956 107 67 mal
910 952 54 73 son
1022 949 177 76 discours
1252 963 59 59 que
1375 947 59 56 lui
1482 954 256 63 De패posant
1839 951 0 57 e

639 1036 105 76 put
831 1035 99 70 Bien
1035 1038 29 51 le
1104 1030 303 84 dirtinguer;
1460 1045 64 51 que
1559 1027 93 80 ledit
1698 1034 146 59 janson

638 1117 66 83 luy
749 1119 49 54 dit
861 1115 261 84 neaumoins
1180 1113 71 84 fort
1322 1110 418 83 jntelligiblement
1799 1111 77 66 qu'il

653 1209 20 79 ne
725 1193 144 95 croyoit
915 1198 65 77 pas
1019 1196 66 72 que
1144 1191 26 60 le
1242 1193 85 87 coup
1392 1202 33 81 de
1490 1187 203 69 pistolet
1758 1187 92 69 qu'il

645 1281 104 66 avoit
813 1281 124 56 donne패
1015 1286 1 44 a
1084 1271 156 73 Thomy
1312 1270 65 68 fut
1425 1266 85 53 Bien
1555 1266 257 71 Dangereux

659 1364 81 66 mais
781 1347 64 81 que
902 1350 36 71 si
1008 1348 64 66 l'on
1158 1345 287 76 poursuivoit
1514 1337 82 75 l'on
1683 1350 146 62 verroit

641 1433 289 87 Beaujeu;
977 1433 151 68 Ensunte
1199 1437 31 79 de
1259 1436 97 71 quoy
1428 1425 114 86 ledit
1601 1422 187 82 janson

648 1516 118 78 quitta
856 1504 60 92 lui
972 1504 326 92 De패posant.
1376 1511 84 85 Qui
1519 1510 39 65 Est
1596 1508 85 67 tout
1726 1510 26 78 ce
1785 1507 84 75 qu'il

649 1617 0 33 a
689 1590 58 59 dit
807 1589 201 57 scavoir.

758 1690 282 83 Liecture
1113 1702 1 57 a
1166 1696 76 81 luy
1300 1687 108 94 faite
1467 1687 28 93 de
1521 1690 34 91 sa
1594 1691 262 90 de패position

638 1787 0 57 a
678 1775 52 82 dit
781 1777 98 78 jcelle
942 1773 184 78 contenir
1194 1787 167 67 verite패;
1413 1780 0 65 y
1470 1780 0 57 a
1545 1768 235 78 persiste패,
1820 1771 0 67 a

631 1854 114 82 signe패
802 1854 40 83 Et
899 1854 102 83 apre패s
1052 1872 86 55 qu'il
1206 1863 0 51 a
1257 1868 136 65 requis
1445 1853 187 79 salaire
1723 1853 68 74 luy

632 1939 107 63 avons
786 1933 101 86 taxe
964 1932 30 87 la
1036 1932 148 75 somme
1250 1937 23 76 de
1333 1952 77 67 dix
1505 1933 119 78 livres.
1689 1954 96 50 ainsi

620 2023 120 89 signe패s
768 2023 2 71 a
803 2025 26 72 la
891 2020 184 73 minutte
1193 2021 41 65 La
1287 2018 171 79 Place.
1511 2017 253 87 D'Ecopin.
1811 2015 41 72 Et

611 2117 260 93 Caramajor
956 2104 212 91 Greffier.

1069 2212 171 104 Dudit
1283 2252 71 56 jour
1440 2249 35 54 au
1554 2236 175 73 matin.

663 2342 297 101 Gabriel
1053 2334 258 108 flatron,
1354 2334 192 96 habitant
1613 2360 227 68 d'aquin,

624 2450 161 71 muie팩me
838 2432 300 89 paroisse,
1172 2432 1 69 y
1215 2435 324 78 demeurant,
1588 2430 73 83 age패
1709 2423 140 66 d'Environ

624 2525 116 89 vingt
809 2518 92 85 neuf
970 2527 90 72 ans,
1104 2519 136 73 lequel
1316 2516 110 83 apre패s
1463 2506 187 88 serment
1707 2506 90 75 par

614 2612 61 84 luy
734 2604 92 77 fait
906 2603 35 60 de
983 2602 83 79 dire
1123 2600 134 87 verite패
1338 2598 33 79 Et
1408 2599 103 82 qu'il
1573 2600 103 60 nous
1713 2598 1 65 a
1751 2593 71 59 dit

2432 349 81 72 n'Etre
2582 351 162 79 parent
2806 351 31 74 ni
2887 359 131 83 allie패,
3068 354 180 85 serviteur
3311 368 25 54 ni
3367 366 236 78 Domestique

2418 442 35 83 des
2483 437 172 76 parties,
2686 441 28 70 Et
2745 445 87 72 nous
2862 451 2 74 a
2915 441 249 85 represente패
3228 439 263 91 l'Exploit

2411 513 279 86 d'assignation
2800 515 0 60 a
2835 515 52 76 luy
2922 532 156 65 donne패e
3165 524 77 71 par
3310 513 169 82 Grauge

2418 588 210 87 huissier,
2664 587 25 83 le
2726 589 105 78 ttrois
2880 589 25 66 de
2929 588 19 79 ce
3003 587 123 87 mois,
3157 596 99 76 pour
3324 606 184 50 de패posen

2414 686 0 45 a
2446 678 25 53 la
2515 680 163 77 reque팩te
2728 676 38 79 de
2823 682 94 72 jean
2992 673 201 92 Thomy,
3243 677 25 86 le
3319 678 339 67 procureur.

2405 746 133 67 fircal
2603 741 154 68 joint.

2584 836 225 103 Depose
2898 835 54 87 sur
2993 846 27 87 les
3053 838 91 89 faits
3196 846 240 73 mentionne패s
3475 829 36 71 En
3537 840 28 63 la

2411 925 164 72 plainte
2644 947 26 49 de
2718 922 89 76 jean
2881 920 153 70 Thomy
3108 931 37 61 de
3177 923 185 69 laquelle
3441 919 74 65 luy

2401 1018 108 59 avons
2551 998 102 79 fait
2719 996 114 81 faire
2905 989 200 88 lecture,
3140 990 61 87 que
3254 992 19 68 le
3320 1001 228 71 dimanche

2391 1079 175 68 trentieme
2638 1096 31 57 de
2725 1079 150 72 juillet
2926 1077 154 72 dernier
3168 1077 154 74 Environ
3384 1084 82 67 cinq
3502 1084 103 63 heure

2390 1170 29 46 de
2471 1150 134 66 nuit,
2640 1151 110 67 Etant
2785 1148 70 72 sur
2930 1154 24 62 le
3006 1158 81 74 pas
3128 1164 35 68 de
3204 1149 52 82 sa
3314 1155 122 66 porte
3500 1167 70 53 avec

2383 1232 29 81 sa
2469 1231 141 82 femme
2690 1229 23 71 Et
2752 1232 17 63 le
2815 1231 170 72 nomme패
3042 1234 176 73 Coutois,
3246 1232 102 73 aussi
3388 1231 193 63 habitant

2389 1329 41 67 du
2466 1310 191 73 quartier
2721 1302 197 91 d'aquin,
2962 1315 32 67 jl
3057 1312 51 84 vit
3172 1311 139 85 passer
3426 1302 38 73 un

2387 1393 151 67 honme
2606 1396 0 56 a
2684 1394 162 61 cheval
2939 1388 94 72 avec
3085 1406 37 55 un
3195 1393 177 67 ne패gre,
3408 1405 63 50 qui
3507 1384 89 72 avoit

2380 1476 24 56 le
2442 1474 241 89 Chapeau
2776 1474 267 67 Rabbattu
3117 1467 75 89 sur
3241 1467 38 90 les
3316 1479 186 75 yeux,

2380 1548 158 75 faisant
2623 1550 148 73 Route
2829 1560 32 63 du
2914 1545 84 73 cote패
3040 1551 32 66 de
3151 1551 275 67 lhabitation
3506 1546 100 56 dudit

2364 1629 188 70 Coutois,
2598 1630 66 65 que
2706 1631 65 64 luy
2842 1636 257 61 de패posant
3173 1629 99 59 croit
3309 1632 62 59 Etre
3449 1623 118 65 ledit

2360 1740 178 55 janson
2654 1728 112 77 qu'un
2865 1724 84 77 gros
2999 1726 127 62 quart
3220 1720 151 76 d'heure
3432 1723 116 72 apre패s

2370 1814 35 70 les
2445 1808 202 75 nomme패s
2694 1806 139 74 Gillet
2908 1803 22 95 Et
2970 1807 147 90 Thomy
3197 1796 257 90 passerent
3515 1793 83 96 aussi

2382 1906 0 48 a
2429 1895 159 69 cheval
2682 1891 36 80 au
2765 1893 111 81 grand
2959 1894 129 80 galop
3194 1886 141 67 devant
3382 1884 217 70 l'habitation

2369 1978 30 52 de
2444 1975 70 70 lui
2564 1974 265 72 de패posant,
2879 1972 176 71 fairant
3135 1970 140 71 Route
3350 1982 130 53 pour

2349 2053 293 68 L'habitation
2767 2053 113 78 dudit
2918 2053 163 80 Gillet;
3124 2062 65 68 que
3244 2072 65 61 lui
3352 2066 222 67 de패posant

2350 2139 301 83 Remarqua
2738 2136 118 77 qu'ils
2903 2134 342 85 Regarderent
3285 2135 236 82 plusieurs

2360 2232 190 57 derriere
2631 2228 76 56 eux
2778 2226 151 56 comme
3000 2232 49 56 des
3092 2224 98 77 Gous
3233 2239 76 59 qui
3374 2223 179 77 fuyent

2342 2298 31 70 Et
2410 2314 62 59 qui
2521 2307 74 65 ont
2663 2290 172 82 peur.
2884 2290 68 89 que
3019 2303 142 66 coutois
3204 2308 117 69 Etant
3376 2305 148 63 parti

2363 2391 85 59 dans
2507 2391 27 55 le
2604 2389 96 73 tems
2759 2384 26 72 jl
2860 2384 182 71 Revint
3101 2390 43 74 un
3208 2388 193 76 jnstant
3449 2386 123 78 apre패s

2365 2453 50 74 Eu
2485 2454 20 67 la
2575 2453 146 67 maison
2822 2471 39 76 de
2898 2459 53 88 luy
3006 2470 262 78 de패posant
3344 2465 153 85 lequel

2345 2532 67 75 lui
2461 2533 51 77 dit
2584 2538 101 72 qu'il
2760 2543 130 73 avoit
2967 2550 256 69 remontre패
3294 2551 52 73 les
3373 2550 72 75 dits
3473 2562 111 57 Gillet

2334 2631 28 64 Et
2406 2629 202 105 Thomy,
2659 2645 65 69 que
2796 2638 22 98 le
2847 2629 203 107 premier
3115 2629 58 107 luy
3245 2635 116 66 avoit
3455 2631 79 69 dit

2936 2756 5 61 C
