2368 3680
242 388 379 70 M.

666 995 514 132 Monseigneur,

1263 1097 89 116 M.
1399 1090 34 95 de
1482 1061 244 144 Villeneure
1897 1061 1 119 4
1979 1050 48 112 j^r

489 1519 139 110 M^r
682 1526 27 94 le
786 1502 85 115 C^te
948 1510 35 96 de
1037 1491 197 109 Sediéres
1327 1470 203 105 s'étant
1607 1478 152 90 tronvé
1837 1441 173 113 malade
2088 1465 18 67 à

479 1651 160 78 Paris,
684 1649 31 61 et
797 1626 210 85 n'ayant
1078 1629 74 60 pû
1219 1602 96 77 vous
1391 1586 204 79 remettre
1683 1573 225 80 lui-même
1986 1558 24 73 le

497 1733 140 81 procès
711 1724 151 78 verbal
940 1725 64 66 que
1037 1699 163 83 j'avois
1250 1686 49 78 eû
1353 1672 245 84 l'honneur
1682 1653 42 69 de
1769 1648 97 73 vous
1939 1629 190 84 adresser

495 1832 36 64 de
605 1820 76 68 mon
733 1799 204 80 désastre
1016 1812 13 46 à
1078 1776 139 78 Saint
1285 1764 291 75 Domingue
1665 1750 108 61 par
1854 1722 273 75 l'ouragan

490 1923 41 83 de
586 1893 233 108 septembre
880 1883 217 87 dernier,
1161 1868 88 69 j'ai
1312 1848 237 79 l'honneur
1635 1823 38 70 de
1702 1802 95 91 vous
1853 1779 266 104 l'adresser

487 1993 237 105 cy-inclus,
786 1981 45 79 en
867 1967 101 96 vous
1028 1964 179 84 priant
1269 1935 74 105 d'y
1398 1925 133 92 jetter
1601 1913 43 81 les
1714 1917 110 68 yeux
1896 1888 33 82 et
2001 1878 79 107 d'y

680 2147 84 83 cela
831 2153 31 64 ne
912 2130 119 80 donne
1092 2128 101 73 pas
1255 2125 46 63 un
1343 2107 127 86 dégré
1554 2089 41 87 de
1632 2080 167 84 justice
1879 2074 41 82 de
1945 2060 143 87 plus

498 2080 116 83 avoir
689 2052 165 99 égard.

499 2242 73 83 aux
615 2230 213 89 demandes
899 2234 63 70 que
990 2213 87 76 j'ai
1118 2200 40 74 eû
1223 2188 237 86 l'honneur
1529 2169 41 78 de
1611 2170 99 74 vous
1750 2150 163 87 faire;
1984 2142 96 75 cela
2129 2132 72 69 n'en

494 2325 92 80 rend
641 2312 135 93 l'effet
851 2324 61 69 que
967 2290 115 82 plus
1137 2269 239 90 désirable
1439 2266 120 75 pour
1640 2259 120 53 moi.
1860 2239 54 63 au
1965 2216 107 90 reste
2144 2220 82 67 vous

504 2417 88 83 avez
632 2424 33 67 en
735 2413 100 65 main
926 2378 139 73 touttes
1139 2363 145 88 sortes
1350 2355 36 70 de
1466 2341 169 81 moyens
1691 2342 118 72 pour
1885 2309 112 78 m'en
2042 2306 167 71 donner

503 2508 46 65 un
597 2481 251 91 équivaleut
913 2459 356 92 proportionné
1354 2445 74 68 aux
1494 2422 179 81 pertes
1752 2425 64 60 que
1858 2405 85 66 j'ai
2006 2382 207 85 faites,

506 2597 73 64 aux
637 2572 191 73 services
892 2572 68 69 que
998 2545 85 77 j'ai
1123 2535 186 77 rendus,
1363 2529 31 61 et
1464 2521 78 67 aux
1618 2502 253 82 sacrifiees
1937 2503 64 62 que
2044 2484 47 81 je

510 2656 127 86 serai
756 2641 208 86 toujours
1038 2615 110 87 prêt
1210 2612 19 84 à
1284 2600 208 92 faire.

695 2735 134 67 J'ai,
907 2709 403 82 Monseigneur,
1379 2680 229 87 plusieurs
1652 2665 161 90 enfaus
1889 2655 101 85 dont
2043 2658 87 63 j'en

508 2815 213 90 destinerois
787 2812 39 73 un
869 2801 119 75 pour
1041 2790 29 74 la
1141 2779 149 78 marine
1367 2769 28 71 le
1430 2769 103 64 jour
1599 2768 39 58 ou
1699 2750 25 64 il
1785 2748 102 73 vous
1955 2729 182 84 plaira

505 2890 238 96 l'admettre
812 2895 126 71 pour
1007 2869 30 70 la
1118 2860 293 78 Compagnie
1503 2834 54 76 des
1626 2816 157 76 gardes
1835 2813 34 76 de
1910 2794 314 92 Rochefort.

505 2994 181 85 j'espere
769 2973 100 91 qu'il
957 2976 3 46 y
1002 2955 274 87 remplacera
1352 2946 66 61 ses
1467 2929 147 74 oncles,
1672 2920 68 84 qui
1781 2924 5 72 y
1838 2909 67 60 ont
1953 2897 157 85 laisser
2171 2897 71 50 une

513 3072 123 86 bonne
696 3061 293 96 réputation,
1041 3048 32 87 et
1120 3047 23 74 je
1192 3031 23 72 le
1269 3010 325 93 recommande
1669 3020 22 58 à
1759 3003 63 65 vos
1876 2982 169 90 bontés
2103 2973 136 78 pour
