3808 3072
667 374 59 83 qui
777 375 52 68 Est
873 371 85 72 tout
1021 374 28 85 ce
1073 370 84 89 qu'il
1222 372 0 83 a
1260 374 58 80 dit
1357 366 174 76 savoir.

857 450 225 90 Lecture
1151 450 8 74 à
1202 454 53 70 lui
1298 452 104 83 faite
1458 453 8 82 d
1510 449 45 80 sa
1612 454 225 77 déposition

664 545 0 47 a
702 530 48 75 dit
809 529 107 72 jcelle
980 527 155 66 contenir
1189 528 160 76 verité,
1392 529 0 69 y
1445 541 0 55 a
1499 532 203 70 persisté
1750 529 38 59 Et
1820 528 37 65 n'a

648 607 146 84 Requis
846 605 220 63 salaire.
1119 607 93 79 ainnsi
1276 604 127 80 signés
1450 608 0 61 a
1485 605 29 60 la
1577 602 204 68 minutte

652 675 318 83 Marcollin.
1036 676 192 80 DEcopin
1300 675 30 67 Et
1366 676 258 85 Caramajon
1672 674 192 81 Greffier.

1088 812 181 93 Dudit
1308 815 95 92 jour
1476 824 134 83 aprés
1670 820 107 69 midy.

690 918 143 71 Pierre
895 915 240 70 Daguilhe
1217 912 216 67 habitant
1481 917 44 61 au
1559 909 210 69 quartier
1828 917 48 55 des

642 1006 287 81 flamands,
969 996 204 89 paroisse
1219 998 42 64 S^t
1296 997 115 81 Louis,
1463 1006 1 46 y
1504 989 316 62 demeurant

653 1087 71 60 agé
762 1070 181 74 d'Environ
1036 1071 230 71 quarante
1327 1072 93 76 neuf
1491 1074 87 48 ans,
1617 1068 142 80 lequel
1808 1069 99 79 aprés

633 1140 156 78 serment
832 1136 92 78 par
968 1146 75 64 luy
1093 1133 92 74 fait
1225 1133 29 64 de
1276 1133 74 67 dire
1407 1140 137 59 verité
1600 1132 23 78 Et
1669 1133 91 75 qu'il
1816 1150 86 55 nons

647 1227 1 50 a
685 1218 51 60 dit
800 1217 96 71 n'etre
943 1209 171 76 parent,
1152 1213 132 72 allié,
1322 1203 186 76 seroiteur
1563 1220 28 39 ni
1629 1201 247 68 Domestique

636 1295 28 88 des
704 1286 155 81 partis
913 1289 20 59 et
973 1287 89 93 nous
1088 1300 1 80 a
1141 1287 237 89 representé
1437 1276 203 98 l'Exploit
1679 1274 237 95 dessignation

642 1387 0 40 a
690 1371 66 73 luy
798 1372 150 82 donnée
990 1375 90 73 par
1146 1368 169 86 graugé
1369 1365 240 87 huissier,
1639 1363 30 60 le
1699 1363 192 85 cinquieme

643 1442 28 77 de
694 1442 23 67 ce
775 1450 103 75 mois,
924 1460 103 56 pour
1079 1451 189 73 deposer
1337 1444 0 74 a
1378 1447 23 67 la
1464 1445 166 79 Requête
1688 1452 34 77 de
1768 1449 92 63 jean

647 1518 181 84 Thomy,
869 1520 23 82 le
933 1528 256 65 procureur
1265 1515 140 84 fiscal
1516 1515 139 73 joint.

796 1607 211 87 Depose
1109 1608 67 73 sur
1229 1600 31 81 les
1302 1600 115 86 faits
1476 1606 272 73 mentionnés
1796 1601 37 62 En

629 1681 35 77 La
714 1686 194 69 plainte
975 1675 121 80 dudit
1152 1693 80 63 jean
1304 1682 172 68 Thomy
1544 1698 28 44 de
1606 1667 221 82 laquelle

620 1763 59 93 luy
731 1761 111 93 avos
895 1760 78 83 fait
1065 1757 216 84 lecture,
1320 1771 59 68 que
1451 1758 33 90 le
1556 1753 157 95 lundy
1772 1758 112 68 trente

636 1843 162 78 unieme
876 1841 153 65 juillet
1083 1841 178 75 denier
1345 1844 98 71 ledit
1491 1850 153 62 janson
1729 1836 86 67 vint

620 1920 102 69 chez
788 1920 52 80 luy
890 1920 235 78 déposant
1197 1919 29 56 et
1276 1913 51 68 luy
1395 1930 157 45 amena
1653 1923 117 66 deux

627 1991 129 86 négres
806 1991 206 85 marrons
1076 1994 109 75 qu'il
1269 2000 57 64 dit
1378 2000 115 75 avoir
1551 2008 102 66 pris
1692 1987 77 69 sur
1807 1997 26 55 le

638 2090 144 55 morne
845 2076 44 77 S^r
926 2075 188 78 George,
1146 2078 263 68 Revenant
1483 2079 33 66 du
1552 2066 215 77 quartier

632 2160 223 84 d'aquin,
893 2158 127 79 lesdits
1065 2165 133 81 négres
1243 2153 375 94 appartenants
1688 2160 32 81 au
1739 2154 108 64 sieur

632 2232 65 78 S^te
756 2232 173 70 Marie,
967 2233 210 71 habitant
1237 2243 38 55 du
1318 2234 140 73 fond;
1496 2257 61 45 que
1588 2248 93 64 ledit
1706 2249 148 63 janson

633 2310 36 70 En
705 2310 216 74 partant
982 2312 31 70 de
1116 2312 93 75 chez
1250 2317 51 68 luy
1358 2325 20 54 Et
1424 2318 57 67 luy
1532 2328 129 61 disant
1733 2324 123 64 adieu

608 2424 58 71 luy
717 2414 45 61 dit
833 2401 89 83 qu'il
987 2401 102 70 avoit
1160 2402 257 73 Remontré
1492 2413 162 80 Thomy
1723 2424 130 67 auquel

614 2510 28 57 Il
722 2495 102 63 avoit
888 2496 138 60 donné
1085 2511 30 46 un
1174 2495 90 67 coup
1335 2504 36 76 de
1430 2496 144 84 poing
1662 2511 108 58 pour
1828 2499 37 64 les

621 2574 192 78 jusultes
867 2572 102 73 qu'il
1048 2571 73 62 luy
1171 2573 118 65 avoit
1356 2573 85 62 fait
1502 2575 45 78 au
1586 2575 157 79 sujet
1805 2578 39 62 de

611 2662 39 81 sa
722 2641 206 96 femme.
1037 2644 214 87 Declare
1353 2650 61 105 que
1456 2654 17 101 le
1493 2662 82 95 sieur
1618 2667 228 87 Grandville

2371 419 0 58 "

2433 346 153 111 assigné
2639 347 99 91 pour
2792 348 282 90 comparoir
3135 359 31 103 ce
3196 359 283 105 jourd'luy,
3509 374 137 64 n'auroit

2417 464 57 56 pû
2521 450 162 64 venir,
2714 454 151 60 attendu
2944 449 32 56 le
3031 452 325 68 débordement
3391 464 38 49 de
3464 454 27 64 la

2415 522 135 71 Riviere
2609 530 35 74 du
2674 529 106 62 port
2862 524 289 79 Cavaillon,
3198 540 59 67 qui
3292 523 112 73 sitot
3474 523 59 82 que
3569 524 23 65 la

2417 600 64 74 ditte
2545 601 157 85 Reviere
2766 603 111 74 seroit
2952 607 175 71 rentrée
3208 619 93 70 dans
3336 609 70 77 son
3475 608 76 69 lit

2407 682 23 75 il
2495 694 23 56 ne
2577 686 265 82 manqueroit
2905 689 78 70 pas
3017 687 37 73 de
3105 700 118 72 venir
3281 698 160 75 donner
3492 701 48 63 sa

2405 768 246 85 déposition
2765 774 84 72 dont
2909 777 36 69 jl
3029 769 204 83 requeroit
3293 780 132 78 acte,
3455 773 114 78 pour

2398 850 64 72 Etre
2538 850 203 85 déchargé
2822 851 24 67 de
2892 849 209 81 L'amende
3177 855 75 78 par
3287 853 47 65 luy
3392 856 232 69 Encourruë

2399 964 101 68 pour
2532 948 25 84 le
2608 938 178 89 précent
2849 938 185 94 deffaut
3097 948 375 71 jnvolontaire,
3491 945 19 84 ce
3541 938 57 80 que

2395 1030 63 74 luy
2511 1034 116 53 avons
2670 1029 211 61 accordé.
2945 1030 79 60 Qui
3071 1020 43 62 Est
3166 1023 85 55 tout
3303 1019 28 74 ce
3356 1017 86 69 qu'il
3521 1024 0 52 a
3562 1016 49 66 dit

2398 1098 183 78 savoir.

2557 1160 189 82 Lecture
2810 1191 1 48 a
2870 1176 50 61 luy
2984 1161 93 73 faite
3151 1169 28 51 de
3211 1158 28 61 sa
3303 1158 239 67 deposition

2407 1241 0 69 a
2447 1235 40 76 dit
2538 1251 91 62 jcelle
2691 1232 177 82 contenir
2918 1251 159 57 verité,
3134 1261 0 48 y
3179 1257 0 53 a
3247 1233 244 75 persisté,
3524 1243 1 52 a

2388 1321 123 78 signé,
2554 1320 32 79 Et
2634 1333 112 66 aprés
2784 1324 90 66 qu'il
2949 1338 0 46 a
3019 1325 176 71 Requis
3248 1320 171 69 salaire
3510 1320 64 64 luy

2402 1416 105 57 avons
2545 1401 111 80 taxé
2700 1392 31 89 la
2762 1392 161 83 somme
3047 1389 37 80 de
3140 1404 112 72 vingt
3289 1389 143 85 quatre
3488 1389 111 92 lirre.

2404 1500 99 65 ainsi
2540 1476 131 86 signés
2714 1500 0 44 a
2752 1484 18 53 la
2826 1481 174 71 minutte
3093 1474 56 91 P.
3192 1474 282 91 Daguilhe,
3490 1478 132 84 DEcpin

2375 1563 37 85 Et
2455 1561 341 91 Caramajou,
2833 1558 221 78 Greffier.

2787 1693 188 81 Dudit
3034 1699 77 72 jour
3188 1700 177 73 neuvieme
3435 1696 130 77 aoust

2841 1776 55 96 mil
2938 1771 83 101 sept
3055 1772 69 89 cent
3173 1780 69 92 dix
3318 1778 118 92 neuf,
3477 1781 118 82 aprés

2832 1856 153 91 medy.

2417 1930 154 88 Pierre
2657 1928 142 90 Pelit
2897 1934 216 76 habitant
3174 1933 31 80 du
3248 1944 203 69 quartier
3512 1950 43 57 de

2386 2024 33 86 La
2484 2022 117 94 Baye
2659 2028 150 62 dedmes
2848 2022 78 89 le,
2958 2022 221 94 paroisse
3231 2022 52 66 S^t
3315 2022 182 94 Louis,y

2386 2100 281 76 demeurant,
2725 2105 72 71 agé
2855 2102 192 68 d'Environ
3131 2106 250 73 quarante
3459 2107 78 60 ans

2378 2170 129 87 lequel
2581 2170 111 91 aprés
2735 2173 197 90 serment
2987 2179 86 80 par
3129 2178 67 86 lui
3246 2177 80 80 fait
3381 2181 31 58 de
3455 2182 74 57 dire

2379 2267 125 68 verité
2571 2268 21 75 Et
2629 2268 93 69 qu'il
2780 2267 93 60 nous
2915 2273 0 58 a
2957 2270 57 67 dit
3071 2268 94 76 n'Etre
3238 2269 187 75 parent,
3456 2269 156 74 allié,

2370 2342 175 70 serviteur
2596 2341 31 63 ni
2667 2341 320 73 Domestique
3059 2360 46 56 des
3141 2347 190 69 parties
3377 2346 26 67 Et
3439 2349 82 63 nous
3562 2347 0 63 a

2369 2428 279 85 Representé
2705 2428 209 89 l'Exploit
2971 2432 304 85 d'assignation
3396 2445 0 44 a
3446 2433 84 74 luy

2376 2510 138 61 donnée
2570 2523 94 56 par
2740 2507 175 88 Graugé
3003 2511 194 88 huissier
3265 2515 28 56 le
3341 2520 240 80 ciiquieme

2378 2598 31 54 de
2428 2600 25 52 ce
2528 2594 130 85 mois,
2696 2601 99 80 pour
2864 2595 193 86 déposer
3119 2607 0 52 a
3157 2597 25 73 la
3281 2593 231 82 Requête

2368 2679 29 71 de
2449 2675 88 76 jean
2625 2670 220 105 Thomy,
2897 2677 29 98 le
2963 2672 235 94 procureur
3264 2672 118 104 fisal
3455 2674 118 85 joint.
