<?xml version="1.0" encoding="UTF-8"?>
<alto xmlns:xsi="http://www.w3.org/2001/XMLSchema-instance"
    xmlns="http://www.loc.gov/standards/alto/ns-v4#"
    xsi:schemaLocation="http://www.loc.gov/standards/alto/ns-v4# http://www.loc.gov/standards/alto/v4/alto-4-3.xsd">
    <Description>
        <MeasurementUnit>pixel</MeasurementUnit>
        <sourceImageInformation>
            <fileName>images3/anom_col_e_vrac/FRCAOM06_COLE_241351A_0011_fonduegdmegvv2.jpg</fileName>
        </sourceImageInformation>
        <Processing ID="OCR_fe6ae2fe-830b-48cc-9122-5e3cdb071724">
            <processingCategory>contentGeneration</processingCategory>
            <processingStepDescription>Text line recognition</processingStepDescription>
            <processingStepSettings>text_direction: horizontal-tb; models: fondue_gd_megv_v2.mlmodel; pad: 16; bidi_reordering: True</processingStepSettings>
            <processingSoftware>
                <softwareName>kraken</softwareName>
                <softwareVersion>5.3.0</softwareVersion>
            </processingSoftware>
        </Processing>
    </Description>
    <Tags>
        <OtherTag DESCRIPTION="line type" ID="LINE_TYPE_1" TYPE="type" LABEL="default"/>
        <OtherTag DESCRIPTION="region type" ID="REGION_TYPE_1" TYPE="region" LABEL="MainZone"/>
        <OtherTag DESCRIPTION="region type" ID="REGION_TYPE_2" TYPE="region" LABEL="MarginTextZone"/>
        <OtherTag DESCRIPTION="region type" ID="REGION_TYPE_3" TYPE="region" LABEL="text"/>
        <OtherTag DESCRIPTION="region type" ID="REGION_TYPE_4" TYPE="region" LABEL="StampZone"/>
    </Tags>
    <Layout>
        <Page WIDTH="3232" HEIGHT="3712" PHYSICAL_IMG_NR="0" ID="page_0">
            <PrintSpace HPOS="0" VPOS="0" WIDTH="3232" HEIGHT="3712">
                <TextBlock ID="0f65b3a4-2e9c-417f-82a3-38aebad5eb9b" HPOS="892.0" VPOS="331.0" WIDTH="1824.0" HEIGHT="2773.0" TAGREFS="REGION_TYPE_1">
<Shape>
                        <Polygon POINTS="892.0 331.0 2716.0 331.0 2716.0 3104.0 892.0 3104.0 892.0 331.0"/>
                    </Shape>
                    <TextLine ID="98f4b33f-312e-4935-8671-e6b8444490b9" HPOS="1124.0" VPOS="332.0" WIDTH="1421.0" HEIGHT="84.0" BASELINE="1126.0 348.0 2545.0 371.0" TAGREFS="LINE_TYPE_1">
                        <Shape>
                            <Polygon POINTS="2330.0 332.0 2289.0 340.0 2277.0 332.0 2260.0 332.0 2244.0 332.0 2215.0 338.0 2171.0 332.0 2157.0 332.0 2136.0 332.0 2116.0 332.0 2095.0 332.0 2074.0 332.0 2068.0 332.0 2031.0 336.0 2021.0 332.0 2013.0 332.0 1992.0 332.0 1971.0 332.0 1951.0 332.0 1930.0 332.0 1909.0 332.0 1889.0 332.0 1868.0 332.0 1848.0 332.0 1827.0 332.0 1806.0 332.0 1786.0 332.0 1765.0 332.0 1744.0 332.0 1724.0 332.0 1703.0 332.0 1683.0 332.0 1662.0 332.0 1641.0 332.0 1621.0 332.0 1600.0 332.0 1579.0 332.0 1559.0 332.0 1538.0 332.0 1518.0 332.0 1497.0 332.0 1476.0 332.0 1456.0 332.0 1435.0 332.0 1414.0 332.0 1394.0 332.0 1373.0 332.0 1353.0 332.0 1332.0 332.0 1311.0 332.0 1291.0 332.0 1270.0 332.0 1249.0 332.0 1229.0 332.0 1208.0 332.0 1188.0 332.0 1167.0 332.0 1146.0 332.0 1126.0 332.0 1126.0 348.0 1124.0 398.0 1169.0 400.0 1171.0 400.0 1173.0 400.0 1175.0 400.0 1229.0 362.0 1276.0 362.0 1313.0 362.0 1379.0 404.0 1381.0 404.0 1383.0 404.0 1386.0 406.0 1445.0 406.0 1445.0 404.0 1447.0 404.0 1449.0 404.0 1493.0 367.0 1530.0 383.0 1532.0 383.0 1534.0 383.0 1594.0 369.0 1639.0 408.0 1641.0 408.0 1643.0 408.0 1645.0 410.0 1765.0 410.0 1765.0 408.0 1767.0 408.0 1806.0 395.0 1860.0 410.0 1862.0 410.0 1864.0 410.0 1866.0 410.0 1868.0 410.0 1914.0 373.0 1961.0 383.0 1963.0 383.0 2023.0 373.0 2041.0 389.0 2041.0 391.0 2043.0 391.0 2046.0 391.0 2048.0 391.0 2109.0 383.0 2153.0 416.0 2155.0 416.0 2157.0 416.0 2159.0 416.0 2161.0 416.0 2217.0 385.0 2458.0 395.0 2460.0 395.0 2543.0 381.0 2545.0 371.0 2543.0 344.0 2332.0 332.0 2330.0 332.0"/>
                        </Shape>
                        <String ID="segment_0" CONTENT="Qu&#39;a" HPOS="1149" VPOS="332" WIDTH="98" HEIGHT="67" WC="0.9995">
                            <Shape>
                                <Polygon POINTS="1150 332 1149 399 1247 362 1247 332"/>
                            </Shape>
                            <Glyph ID="char_0" CONTENT="Q" HPOS="1149" VPOS="332" WIDTH="1" HEIGHT="67" GC="1.0">
                                <Shape>
                                    <Polygon POINTS="1150 332 1149 399 1149 399 1150 332"/>
                                </Shape>
                            </Glyph>
                            <Glyph ID="char_1" CONTENT="u" HPOS="1205" VPOS="332" WIDTH="0" HEIGHT="47" GC="0.9987">
                                <Shape>
                                    <Polygon POINTS="1205 332 1205 379 1205 379 1205 332"/>
                                </Shape>
                            </Glyph>
                            <Glyph ID="char_2" CONTENT="&#39;" HPOS="1229" VPOS="332" WIDTH="0" HEIGHT="30" GC="0.9996">
                                <Shape>
                                    <Polygon POINTS="1229 332 1229 362 1229 362 1229 332"/>
                                </Shape>
                            </Glyph>
                            <Glyph ID="char_3" CONTENT="a" HPOS="1247" VPOS="332" WIDTH="0" HEIGHT="30" GC="0.9998">
                                <Shape>
                                    <Polygon POINTS="1247 332 1247 362 1247 362 1247 332"/>
                                </Shape>
                            </Glyph>
                        </String>
                        <SP ID="segment_1" HPOS="1302"  VPOS="332" WIDTH="6"  HEIGHT="30"/>
                        <String ID="segment_2" CONTENT="Compter" HPOS="1320" VPOS="332" WIDTH="237" HEIGHT="74" WC="0.9527">
                            <Shape>
                                <Polygon POINTS="1320 332 1320 366 1557 378 1557 332"/>
                            </Shape>
                            <Glyph ID="char_5" CONTENT="C" HPOS="1320" VPOS="332" WIDTH="0" HEIGHT="34" GC="1.0">
                                <Shape>
                                    <Polygon POINTS="1320 332 1320 366 1320 366 1320 332"/>
                                </Shape>
                            </Glyph>
                            <Glyph ID="char_6" CONTENT="o" HPOS="1380" VPOS="332" WIDTH="1" HEIGHT="72" GC="0.9997">
                                <Shape>
                                    <Polygon POINTS="1381 332 1380 404 1380 404 1381 332"/>
                                </Shape>
                            </Glyph>
                            <Glyph ID="char_7" CONTENT="m" HPOS="1416" VPOS="332" WIDTH="1" HEIGHT="74" GC="1.0">
                                <Shape>
                                    <Polygon POINTS="1417 332 1416 406 1416 406 1417 332"/>
                                </Shape>
                            </Glyph>
                            <Glyph ID="char_8" CONTENT="p" HPOS="1459" VPOS="332" WIDTH="1" HEIGHT="63" GC="0.998">
                                <Shape>
                                    <Polygon POINTS="1460 332 1459 395 1459 395 1460 332"/>
                                </Shape>
                            </Glyph>
                            <Glyph ID="char_9" CONTENT="t" HPOS="1509" VPOS="332" WIDTH="0" HEIGHT="42" GC="0.673">
                                <Shape>
                                    <Polygon POINTS="1509 332 1509 374 1509 374 1509 332"/>
                                </Shape>
                            </Glyph>
                            <Glyph ID="char_10" CONTENT="e" HPOS="1527" VPOS="332" WIDTH="0" HEIGHT="49" GC="0.9981">
                                <Shape>
                                    <Polygon POINTS="1527 332 1527 381 1527 381 1527 332"/>
                                </Shape>
                            </Glyph>
                            <Glyph ID="char_11" CONTENT="r" HPOS="1551" VPOS="332" WIDTH="6" HEIGHT="47" GC="1.0">
                                <Shape>
                                    <Polygon POINTS="1551 332 1551 379 1557 378 1557 332"/>
                                </Shape>
                            </Glyph>
                        </String>
                        <SP ID="segment_3" HPOS="1600"  VPOS="332" WIDTH="6"  HEIGHT="47"/>
                        <String ID="segment_4" CONTENT="de" HPOS="1611" VPOS="332" WIDTH="62" HEIGHT="78" WC="0.9999">
                            <Shape>
                                <Polygon POINTS="1612 332 1611 384 1672 410 1673 332"/>
                            </Shape>
                            <Glyph ID="char_13" CONTENT="d" HPOS="1611" VPOS="332" WIDTH="1" HEIGHT="52" GC="0.9999">
                                <Shape>
                                    <Polygon POINTS="1612 332 1611 384 1611 384 1612 332"/>
                                </Shape>
                            </Glyph>
                            <Glyph ID="char_14" CONTENT="e" HPOS="1672" VPOS="332" WIDTH="1" HEIGHT="78" GC="1.0">
                                <Shape>
                                    <Polygon POINTS="1673 332 1672 410 1672 410 1673 332"/>
                                </Shape>
                            </Glyph>
                        </String>
                        <SP ID="segment_5" HPOS="1714"  VPOS="332" WIDTH="7"  HEIGHT="78"/>
                        <String ID="segment_6" CONTENT="ce" HPOS="1732" VPOS="332" WIDTH="38" HEIGHT="78" WC="0.998">
                            <Shape>
                                <Polygon POINTS="1733 332 1732 410 1769 407 1770 332"/>
                            </Shape>
                            <Glyph ID="char_16" CONTENT="c" HPOS="1732" VPOS="332" WIDTH="1" HEIGHT="78" GC="1.0">
                                <Shape>
                                    <Polygon POINTS="1733 332 1732 410 1732 410 1733 332"/>
                                </Shape>
                            </Glyph>
                            <Glyph ID="char_17" CONTENT="e" HPOS="1769" VPOS="332" WIDTH="1" HEIGHT="75" GC="0.996">
                                <Shape>
                                    <Polygon POINTS="1770 332 1769 407 1769 407 1770 332"/>
                                </Shape>
                            </Glyph>
                        </String>
                        <SP ID="segment_7" HPOS="1787"  VPOS="332" WIDTH="1"  HEIGHT="69"/>
                        <String ID="segment_8" CONTENT="sour," HPOS="1799" VPOS="332" WIDTH="129" HEIGHT="71" WC="0.9848">
                            <Shape>
                                <Polygon POINTS="1800 332 1799 397 1928 376 1928 332"/>
                            </Shape>
                            <Glyph ID="char_19" CONTENT="s" HPOS="1799" VPOS="332" WIDTH="1" HEIGHT="65" GC="0.942">
                                <Shape>
                                    <Polygon POINTS="1800 332 1799 397 1799 397 1800 332"/>
                                </Shape>
                            </Glyph>
                            <Glyph ID="char_20" CONTENT="o" HPOS="1835" VPOS="332" WIDTH="1" HEIGHT="71" GC="0.9823">
                                <Shape>
                                    <Polygon POINTS="1836 332 1835 403 1835 403 1836 332"/>
                                </Shape>
                            </Glyph>
                            <Glyph ID="char_21" CONTENT="u" HPOS="1878" VPOS="332" WIDTH="1" HEIGHT="70" GC="1.0">
                                <Shape>
                                    <Polygon POINTS="1879 332 1878 402 1878 402 1879 332"/>
                                </Shape>
                            </Glyph>
                            <Glyph ID="char_22" CONTENT="r" HPOS="1903" VPOS="332" WIDTH="0" HEIGHT="50" GC="1.0">
                                <Shape>
                                    <Polygon POINTS="1903 332 1903 382 1903 382 1903 332"/>
                                </Shape>
                            </Glyph>
                            <Glyph ID="char_23" CONTENT="," HPOS="1928" VPOS="332" WIDTH="0" HEIGHT="44" GC="0.9999">
                                <Shape>
                                    <Polygon POINTS="1928 332 1928 376 1928 376 1928 332"/>
                                </Shape>
                            </Glyph>
                        </String>
                        <SP ID="segment_9" HPOS="1952"  VPOS="332" WIDTH="6"  HEIGHT="50"/>
                        <String ID="segment_10" CONTENT="il" HPOS="1970" VPOS="332" WIDTH="24" HEIGHT="50" WC="0.9984">
                            <Shape>
                                <Polygon POINTS="1970 332 1970 382 1994 378 1994 332"/>
                            </Shape>
                            <Glyph ID="char_25" CONTENT="i" HPOS="1970" VPOS="332" WIDTH="0" HEIGHT="50" GC="0.9985">
                                <Shape>
                                    <Polygon POINTS="1970 332 1970 382 1970 382 1970 332"/>
                                </Shape>
                            </Glyph>
                            <Glyph ID="char_26" CONTENT="l" HPOS="1994" VPOS="332" WIDTH="0" HEIGHT="46" GC="0.9982">
                                <Shape>
                                    <Polygon POINTS="1994 332 1994 378 1994 378 1994 332"/>
                                </Shape>
                            </Glyph>
                        </String>
                        <SP ID="segment_11" HPOS="2031"  VPOS="335" WIDTH="6"  HEIGHT="50"/>
                        <String ID="segment_12" CONTENT="soit" HPOS="2048" VPOS="332" WIDTH="110" HEIGHT="84" WC="0.989">
                            <Shape>
                                <Polygon POINTS="2049 334 2048 391 2157 416 2158 332"/>
                            </Shape>
                            <Glyph ID="char_28" CONTENT="s" HPOS="2048" VPOS="334" WIDTH="1" HEIGHT="57" GC="0.9937">
                                <Shape>
                                    <Polygon POINTS="2049 334 2048 391 2048 391 2049 334"/>
                                </Shape>
                            </Glyph>
                            <Glyph ID="char_29" CONTENT="o" HPOS="2110" VPOS="332" WIDTH="0" HEIGHT="51" GC="0.9941">
                                <Shape>
                                    <Polygon POINTS="2110 332 2110 383 2110 383 2110 332"/>
                                </Shape>
                            </Glyph>
                            <Glyph ID="char_30" CONTENT="i" HPOS="2133" VPOS="332" WIDTH="1" HEIGHT="69" GC="0.9865">
                                <Shape>
                                    <Polygon POINTS="2134 332 2133 401 2133 401 2134 332"/>
                                </Shape>
                            </Glyph>
                            <Glyph ID="char_31" CONTENT="t" HPOS="2157" VPOS="332" WIDTH="1" HEIGHT="84" GC="0.9816">
                                <Shape>
                                    <Polygon POINTS="2158 332 2157 416 2157 416 2158 332"/>
                                </Shape>
                            </Glyph>
                        </String>
                        <SP ID="segment_13" HPOS="2213"  VPOS="337" WIDTH="6"  HEIGHT="50"/>
                        <String ID="segment_14" CONTENT="teramees" HPOS="2231" VPOS="332" WIDTH="231" HEIGHT="63" WC="0.8695">
                            <Shape>
                                <Polygon POINTS="2231 335 2231 386 2461 395 2462 339"/>
                            </Shape>
                            <Glyph ID="char_33" CONTENT="t" HPOS="2231" VPOS="335" WIDTH="0" HEIGHT="51" GC="0.8827">
                                <Shape>
                                    <Polygon POINTS="2231 335 2231 386 2231 386 2231 335"/>
                                </Shape>
                            </Glyph>
                            <Glyph ID="char_34" CONTENT="e" HPOS="2268" VPOS="332" WIDTH="0" HEIGHT="55" GC="0.8518">
                                <Shape>
                                    <Polygon POINTS="2268 332 2268 387 2268 387 2268 332"/>
                                </Shape>
                            </Glyph>
                            <Glyph ID="char_35" CONTENT="r" HPOS="2292" VPOS="339" WIDTH="0" HEIGHT="49" GC="0.9956">
                                <Shape>
                                    <Polygon POINTS="2292 339 2292 388 2292 388 2292 339"/>
                                </Shape>
                            </Glyph>
                            <Glyph ID="char_36" CONTENT="a" HPOS="2321" VPOS="333" WIDTH="1" HEIGHT="56" GC="0.6884">
                                <Shape>
                                    <Polygon POINTS="2322 333 2321 389 2321 389 2322 333"/>
                                </Shape>
                            </Glyph>
                            <Glyph ID="char_37" CONTENT="m" HPOS="2358" VPOS="334" WIDTH="1" HEIGHT="57" GC="0.7316">
                                <Shape>
                                    <Polygon POINTS="2359 334 2358 391 2358 391 2359 334"/>
                                </Shape>
                            </Glyph>
                            <Glyph ID="char_38" CONTENT="e" HPOS="2406" VPOS="336" WIDTH="1" HEIGHT="57" GC="0.9963">
                                <Shape>
                                    <Polygon POINTS="2407 336 2406 393 2406 393 2407 336"/>
                                </Shape>
                            </Glyph>
                            <Glyph ID="char_39" CONTENT="e" HPOS="2437" VPOS="338" WIDTH="1" HEIGHT="56" GC="0.8104">
                                <Shape>
                                    <Polygon POINTS="2438 338 2437 394 2437 394 2438 338"/>
                                </Shape>
                            </Glyph>
                            <Glyph ID="char_40" CONTENT="s" HPOS="2461" VPOS="339" WIDTH="1" HEIGHT="56" GC="0.9995">
                                <Shape>
                                    <Polygon POINTS="2462 339 2461 395 2461 395 2462 339"/>
                                </Shape>
                            </Glyph>
                        </String>
                    </TextLine>

                    <TextLine ID="fec8cecc-e345-4876-a2af-e6750d2c89e5" HPOS="1111.0" VPOS="406.0" WIDTH="1526.0" HEIGHT="144.0" BASELINE="1113.0 474.0 2637.0 503.0" TAGREFS="LINE_TYPE_1">
                        <Shape>
                            <Polygon POINTS="1113.0 474.0 1111.0 492.0 1130.0 507.0 1132.0 507.0 1134.0 507.0 1136.0 507.0 1138.0 507.0 1165.0 492.0 1210.0 494.0 1251.0 529.0 1254.0 529.0 1256.0 529.0 1258.0 529.0 1260.0 529.0 1262.0 529.0 1282.0 513.0 1330.0 534.0 1332.0 534.0 1334.0 536.0 1412.0 536.0 1412.0 534.0 1414.0 534.0 1416.0 534.0 1462.0 501.0 1482.0 501.0 1544.0 538.0 1546.0 538.0 1548.0 538.0 1551.0 540.0 1647.0 540.0 1647.0 538.0 1650.0 538.0 1711.0 505.0 1891.0 523.0 1893.0 523.0 1975.0 517.0 1996.0 534.0 1996.0 536.0 1998.0 536.0 2000.0 536.0 2093.0 548.0 2095.0 550.0 2128.0 550.0 2128.0 548.0 2130.0 548.0 2132.0 548.0 2175.0 513.0 2192.0 525.0 2194.0 525.0 2196.0 525.0 2198.0 525.0 2200.0 525.0 2202.0 525.0 2219.0 515.0 2285.0 525.0 2287.0 525.0 2289.0 525.0 2291.0 525.0 2310.0 513.0 2448.0 529.0 2450.0 529.0 2635.0 517.0 2637.0 503.0 2633.0 453.0 2503.0 466.0 2444.0 433.0 2442.0 433.0 2439.0 433.0 2437.0 433.0 2361.0 464.0 2328.0 451.0 2326.0 451.0 2324.0 451.0 2322.0 451.0 2283.0 461.0 2227.0 428.0 2225.0 428.0 2223.0 428.0 2221.0 428.0 2219.0 428.0 2145.0 457.0 2064.0 426.0 2062.0 426.0 2060.0 426.0 2058.0 426.0 2056.0 426.0 2031.0 445.0 2008.0 426.0 2006.0 426.0 2004.0 426.0 2002.0 426.0 2000.0 426.0 1998.0 426.0 1953.0 457.0 1878.0 457.0 1837.0 451.0 1802.0 420.0 1800.0 420.0 1798.0 420.0 1767.0 420.0 1765.0 420.0 1763.0 420.0 1761.0 420.0 1724.0 451.0 1695.0 441.0 1693.0 441.0 1691.0 441.0 1553.0 449.0 1499.0 431.0 1497.0 431.0 1495.0 431.0 1435.0 443.0 1377.0 412.0 1375.0 412.0 1373.0 412.0 1371.0 412.0 1320.0 441.0 1282.0 410.0 1280.0 410.0 1278.0 410.0 1113.0 406.0 1113.0 474.0"/>
                        </Shape>
                        <String ID="segment_15" CONTENT="libre," HPOS="1137" VPOS="407" WIDTH="147" HEIGHT="119" WC="0.9228">
                            <Shape>
                                <Polygon POINTS="1139 407 1137 507 1282 513 1284 412"/>
                            </Shape>
                            <Glyph ID="char_41" CONTENT="l" HPOS="1137" VPOS="407" WIDTH="2" HEIGHT="100" GC="0.9999">
                                <Shape>
                                    <Polygon POINTS="1139 407 1137 507 1137 507 1139 407"/>
                                </Shape>
                            </Glyph>
                            <Glyph ID="char_42" CONTENT="i" HPOS="1172" VPOS="407" WIDTH="1" HEIGHT="85" GC="0.999">
                                <Shape>
                                    <Polygon POINTS="1173 407 1172 492 1172 492 1173 407"/>
                                </Shape>
                            </Glyph>
                            <Glyph ID="char_43" CONTENT="b" HPOS="1198" VPOS="408" WIDTH="1" HEIGHT="85" GC="0.5401">
                                <Shape>
                                    <Polygon POINTS="1199 408 1198 493 1198 493 1199 408"/>
                                </Shape>
                            </Glyph>
                            <Glyph ID="char_44" CONTENT="r" HPOS="1222" VPOS="409" WIDTH="2" HEIGHT="96" GC="0.9993">
                                <Shape>
                                    <Polygon POINTS="1224 409 1222 505 1222 505 1224 409"/>
                                </Shape>
                            </Glyph>
                            <Glyph ID="char_45" CONTENT="e" HPOS="1248" VPOS="409" WIDTH="2" HEIGHT="117" GC="0.9989">
                                <Shape>
                                    <Polygon POINTS="1250 409 1248 526 1248 526 1250 409"/>
                                </Shape>
                            </Glyph>
                            <Glyph ID="char_46" CONTENT="," HPOS="1282" VPOS="412" WIDTH="2" HEIGHT="101" GC="0.9996">
                                <Shape>
                                    <Polygon POINTS="1284 412 1282 513 1282 513 1284 412"/>
                                </Shape>
                            </Glyph>
                        </String>
                        <SP ID="segment_16" HPOS="1316"  VPOS="438" WIDTH="10"  HEIGHT="93"/>
                        <String ID="segment_17" CONTENT="&amp;" HPOS="1333" VPOS="433" WIDTH="2" HEIGHT="102" WC="0.9984">
                            <Shape>
                                <Polygon POINTS="1335 433 1333 535 1333 535 1335 433"/>
                            </Shape>
                            <Glyph ID="char_48" CONTENT="&amp;" HPOS="1333" VPOS="433" WIDTH="2" HEIGHT="102" GC="0.9984">
                                <Shape>
                                    <Polygon POINTS="1335 433 1333 535 1333 535 1335 433"/>
                                </Shape>
                            </Glyph>
                        </String>
                        <SP ID="segment_18" HPOS="1426"  VPOS="439" WIDTH="10"  HEIGHT="88"/>
                        <String ID="segment_19" CONTENT="Jouissepleinement" HPOS="1451" VPOS="420" WIDTH="528" HEIGHT="120" WC="0.9595">
                            <Shape>
                                <Polygon POINTS="1453 439 1451 509 1977 519 1979 439"/>
                            </Shape>
                            <Glyph ID="char_50" CONTENT="J" HPOS="1451" VPOS="439" WIDTH="2" HEIGHT="70" GC="0.9999">
                                <Shape>
                                    <Polygon POINTS="1453 439 1451 509 1451 509 1453 439"/>
                                </Shape>
                            </Glyph>
                            <Glyph ID="char_51" CONTENT="o" HPOS="1478" VPOS="434" WIDTH="1" HEIGHT="67" GC="0.7636">
                                <Shape>
                                    <Polygon POINTS="1479 434 1478 501 1478 501 1479 434"/>
                                </Shape>
                            </Glyph>
                            <Glyph ID="char_52" CONTENT="u" HPOS="1511" VPOS="436" WIDTH="2" HEIGHT="82" GC="1.0">
                                <Shape>
                                    <Polygon POINTS="1513 436 1511 518 1511 518 1513 436"/>
                                </Shape>
                            </Glyph>
                            <Glyph ID="char_53" CONTENT="i" HPOS="1528" VPOS="441" WIDTH="10" HEIGHT="92" GC="0.9999">
                                <Shape>
                                    <Polygon POINTS="1530 441 1528 528 1536 533 1538 444"/>
                                </Shape>
                            </Glyph>
                            <Glyph ID="char_54" CONTENT="s" HPOS="1553" VPOS="449" WIDTH="2" HEIGHT="91" GC="0.9994">
                                <Shape>
                                    <Polygon POINTS="1555 449 1553 540 1553 540 1555 449"/>
                                </Shape>
                            </Glyph>
                            <Glyph ID="char_55" CONTENT="s" HPOS="1587" VPOS="447" WIDTH="2" HEIGHT="93" GC="0.9763">
                                <Shape>
                                    <Polygon POINTS="1589 447 1587 540 1587 540 1589 447"/>
                                </Shape>
                            </Glyph>
                            <Glyph ID="char_56" CONTENT="e" HPOS="1621" VPOS="445" WIDTH="2" HEIGHT="95" GC="0.89">
                                <Shape>
                                    <Polygon POINTS="1623 445 1621 540 1621 540 1623 445"/>
                                </Shape>
                            </Glyph>
                            <Glyph ID="char_57" CONTENT="p" HPOS="1655" VPOS="443" WIDTH="2" HEIGHT="92" GC="1.0">
                                <Shape>
                                    <Polygon POINTS="1657 443 1655 535 1655 535 1657 443"/>
                                </Shape>
                            </Glyph>
                            <Glyph ID="char_58" CONTENT="l" HPOS="1723" VPOS="451" WIDTH="2" HEIGHT="55" GC="1.0">
                                <Shape>
                                    <Polygon POINTS="1725 451 1723 506 1723 506 1725 451"/>
                                </Shape>
                            </Glyph>
                            <Glyph ID="char_59" CONTENT="e" HPOS="1757" VPOS="422" WIDTH="2" HEIGHT="88" GC="0.9997">
                                <Shape>
                                    <Polygon POINTS="1759 422 1757 510 1757 510 1759 422"/>
                                </Shape>
                            </Glyph>
                            <Glyph ID="char_60" CONTENT="i" HPOS="1774" VPOS="420" WIDTH="2" HEIGHT="91" GC="0.754">
                                <Shape>
                                    <Polygon POINTS="1776 420 1774 511 1774 511 1776 420"/>
                                </Shape>
                            </Glyph>
                            <Glyph ID="char_61" CONTENT="n" HPOS="1808" VPOS="427" WIDTH="2" HEIGHT="88" GC="0.9731">
                                <Shape>
                                    <Polygon POINTS="1810 427 1808 515 1808 515 1810 427"/>
                                </Shape>
                            </Glyph>
                            <Glyph ID="char_62" CONTENT="e" HPOS="1833" VPOS="449" WIDTH="2" HEIGHT="68" GC="0.9999">
                                <Shape>
                                    <Polygon POINTS="1835 449 1833 517 1833 517 1835 449"/>
                                </Shape>
                            </Glyph>
                            <Glyph ID="char_63" CONTENT="m" HPOS="1876" VPOS="457" WIDTH="1" HEIGHT="65" GC="1.0">
                                <Shape>
                                    <Polygon POINTS="1877 457 1876 522 1876 522 1877 457"/>
                                </Shape>
                            </Glyph>
                            <Glyph ID="char_64" CONTENT="e" HPOS="1901" VPOS="457" WIDTH="1" HEIGHT="65" GC="0.9561">
                                <Shape>
                                    <Polygon POINTS="1902 457 1901 522 1901 522 1902 457"/>
                                </Shape>
                            </Glyph>
                            <Glyph ID="char_65" CONTENT="n" HPOS="1943" VPOS="457" WIDTH="1" HEIGHT="62" GC="1.0">
                                <Shape>
                                    <Polygon POINTS="1944 457 1943 519 1943 519 1944 457"/>
                                </Shape>
                            </Glyph>
                            <Glyph ID="char_66" CONTENT="t" HPOS="1977" VPOS="439" WIDTH="2" HEIGHT="80" GC="0.9996">
                                <Shape>
                                    <Polygon POINTS="1979 439 1977 519 1977 519 1979 439"/>
                                </Shape>
                            </Glyph>
                        </String>
                        <SP ID="segment_20" HPOS="2028"  VPOS="439" WIDTH="11"  HEIGHT="102"/>
                        <String ID="segment_21" CONTENT="et" HPOS="2045" VPOS="432" WIDTH="36" HEIGHT="114" WC="0.9999">
                            <Shape>
                                <Polygon POINTS="2047 433 2045 542 2079 546 2081 432"/>
                            </Shape>
                            <Glyph ID="char_68" CONTENT="e" HPOS="2045" VPOS="433" WIDTH="2" HEIGHT="109" GC="0.9999">
                                <Shape>
                                    <Polygon POINTS="2047 433 2045 542 2045 542 2047 433"/>
                                </Shape>
                            </Glyph>
                            <Glyph ID="char_69" CONTENT="t" HPOS="2079" VPOS="432" WIDTH="2" HEIGHT="114" GC="1.0">
                                <Shape>
                                    <Polygon POINTS="2081 432 2079 546 2079 546 2081 432"/>
                                </Shape>
                            </Glyph>
                        </String>
                        <SP ID="segment_22" HPOS="2138"  VPOS="455" WIDTH="11"  HEIGHT="88"/>
                        <String ID="segment_23" CONTENT="paisiblement" HPOS="2172" VPOS="437" WIDTH="410" HEIGHT="91" WC="0.955">
                            <Shape>
                                <Polygon POINTS="2174 446 2172 515 2580 521 2582 458"/>
                            </Shape>
                            <Glyph ID="char_71" CONTENT="p" HPOS="2172" VPOS="446" WIDTH="2" HEIGHT="69" GC="1.0">
                                <Shape>
                                    <Polygon POINTS="2174 446 2172 515 2172 515 2174 446"/>
                                </Shape>
                            </Glyph>
                            <Glyph ID="char_72" CONTENT="a" HPOS="2240" VPOS="437" WIDTH="2" HEIGHT="81" GC="0.9825">
                                <Shape>
                                    <Polygon POINTS="2242 437 2240 518 2240 518 2242 437"/>
                                </Shape>
                            </Glyph>
                            <Glyph ID="char_73" CONTENT="i" HPOS="2274" VPOS="457" WIDTH="2" HEIGHT="66" GC="0.9605">
                                <Shape>
                                    <Polygon POINTS="2276 457 2274 523 2274 523 2276 457"/>
                                </Shape>
                            </Glyph>
                            <Glyph ID="char_74" CONTENT="s" HPOS="2300" VPOS="456" WIDTH="2" HEIGHT="63" GC="0.6782">
                                <Shape>
                                    <Polygon POINTS="2302 456 2300 519 2300 519 2302 456"/>
                                </Shape>
                            </Glyph>
                            <Glyph ID="char_75" CONTENT="i" HPOS="2334" VPOS="454" WIDTH="2" HEIGHT="62" GC="0.9654">
                                <Shape>
                                    <Polygon POINTS="2336 454 2334 516 2334 516 2336 454"/>
                                </Shape>
                            </Glyph>
                            <Glyph ID="char_76" CONTENT="b" HPOS="2359" VPOS="464" WIDTH="1" HEIGHT="55" GC="0.9996">
                                <Shape>
                                    <Polygon POINTS="2360 464 2359 519 2359 519 2360 464"/>
                                </Shape>
                            </Glyph>
                            <Glyph ID="char_77" CONTENT="l" HPOS="2393" VPOS="450" WIDTH="2" HEIGHT="73" GC="0.9584">
                                <Shape>
                                    <Polygon POINTS="2395 450 2393 523 2393 523 2395 450"/>
                                </Shape>
                            </Glyph>
                            <Glyph ID="char_78" CONTENT="e" HPOS="2418" VPOS="440" WIDTH="2" HEIGHT="86" GC="0.9993">
                                <Shape>
                                    <Polygon POINTS="2420 440 2418 526 2418 526 2420 440"/>
                                </Shape>
                            </Glyph>
                            <Glyph ID="char_79" CONTENT="m" HPOS="2461" VPOS="444" WIDTH="2" HEIGHT="84" GC="0.9965">
                                <Shape>
                                    <Polygon POINTS="2463 444 2461 528 2461 528 2463 444"/>
                                </Shape>
                            </Glyph>
                            <Glyph ID="char_80" CONTENT="e" HPOS="2512" VPOS="465" WIDTH="1" HEIGHT="60" GC="0.9955">
                                <Shape>
                                    <Polygon POINTS="2513 465 2512 525 2512 525 2513 465"/>
                                </Shape>
                            </Glyph>
                            <Glyph ID="char_81" CONTENT="n" HPOS="2546" VPOS="462" WIDTH="1" HEIGHT="61" GC="0.9998">
                                <Shape>
                                    <Polygon POINTS="2547 462 2546 523 2546 523 2547 462"/>
                                </Shape>
                            </Glyph>
                            <Glyph ID="char_82" CONTENT="t" HPOS="2580" VPOS="458" WIDTH="2" HEIGHT="63" GC="0.9246">
                                <Shape>
                                    <Polygon POINTS="2582 458 2580 521 2580 521 2582 458"/>
                                </Shape>
                            </Glyph>
                        </String>
                    </TextLine>

                    <TextLine ID="3d108f54-16cc-4b3e-ae43-29307b1443b9" HPOS="1091.0" VPOS="556.0" WIDTH="1563.0" HEIGHT="126.0" BASELINE="1093.0 618.0 1938.0 637.0 2654.0 633.0" TAGREFS="LINE_TYPE_1">
                        <Shape>
                            <Polygon POINTS="1093.0 618.0 1091.0 664.0 1144.0 672.0 1146.0 672.0 1148.0 672.0 1237.0 641.0 1322.0 641.0 1388.0 672.0 1390.0 672.0 1462.0 678.0 1464.0 678.0 1575.0 668.0 1588.0 678.0 1590.0 678.0 1592.0 678.0 1594.0 678.0 1596.0 678.0 1629.0 670.0 1722.0 680.0 1724.0 680.0 1726.0 680.0 1728.0 680.0 1749.0 664.0 1767.0 678.0 1769.0 678.0 1771.0 678.0 1909.0 682.0 1911.0 682.0 1914.0 682.0 1916.0 682.0 1953.0 659.0 1975.0 670.0 1977.0 670.0 1980.0 670.0 1982.0 670.0 2017.0 657.0 2132.0 664.0 2134.0 664.0 2136.0 664.0 2171.0 649.0 2565.0 664.0 2567.0 664.0 2652.0 651.0 2654.0 633.0 2648.0 575.0 2553.0 606.0 2392.0 593.0 2390.0 593.0 2388.0 593.0 2355.0 604.0 2219.0 591.0 2217.0 591.0 2099.0 598.0 2062.0 567.0 2060.0 567.0 2058.0 567.0 2056.0 567.0 2054.0 567.0 1980.0 602.0 1862.0 602.0 1823.0 600.0 1792.0 577.0 1790.0 577.0 1788.0 577.0 1786.0 577.0 1784.0 577.0 1782.0 577.0 1759.0 593.0 1730.0 569.0 1728.0 569.0 1726.0 569.0 1724.0 569.0 1722.0 569.0 1639.0 589.0 1623.0 575.0 1621.0 575.0 1619.0 575.0 1617.0 575.0 1614.0 575.0 1592.0 583.0 1565.0 560.0 1563.0 560.0 1561.0 560.0 1375.0 558.0 1373.0 558.0 1371.0 558.0 1301.0 577.0 1268.0 556.0 1266.0 556.0 1264.0 556.0 1262.0 556.0 1260.0 556.0 1208.0 575.0 1171.0 556.0 1169.0 556.0 1167.0 556.0 1165.0 556.0 1093.0 589.0 1093.0 618.0"/>
                        </Shape>
                        <String ID="segment_24" CONTENT="de" HPOS="1116" VPOS="558" WIDTH="59" HEIGHT="110" WC="0.9997">
                            <Shape>
                                <Polygon POINTS="1118 578 1116 668 1173 663 1175 558"/>
                            </Shape>
                            <Glyph ID="char_83" CONTENT="d" HPOS="1116" VPOS="578" WIDTH="2" HEIGHT="90" GC="1.0">
                                <Shape>
                                    <Polygon POINTS="1118 578 1116 668 1116 668 1118 578"/>
                                </Shape>
                            </Glyph>
                            <Glyph ID="char_84" CONTENT="e" HPOS="1173" VPOS="558" WIDTH="2" HEIGHT="105" GC="0.9994">
                                <Shape>
                                    <Polygon POINTS="1175 558 1173 663 1173 663 1175 558"/>
                                </Shape>
                            </Glyph>
                        </String>
                        <SP ID="segment_25" HPOS="1189"  VPOS="566" WIDTH="10"  HEIGHT="92"/>
                        <String ID="segment_26" CONTENT="tous" HPOS="1205" VPOS="559" WIDTH="99" HEIGHT="93" WC="0.9998">
                            <Shape>
                                <Polygon POINTS="1207 574 1205 652 1303 641 1304 576"/>
                            </Shape>
                            <Glyph ID="char_86" CONTENT="t" HPOS="1205" VPOS="574" WIDTH="2" HEIGHT="78" GC="1.0">
                                <Shape>
                                    <Polygon POINTS="1207 574 1205 652 1205 652 1207 574"/>
                                </Shape>
                            </Glyph>
                            <Glyph ID="char_87" CONTENT="o" HPOS="1239" VPOS="563" WIDTH="1" HEIGHT="78" GC="1.0">
                                <Shape>
                                    <Polygon POINTS="1240 563 1239 641 1239 641 1240 563"/>
                                </Shape>
                            </Glyph>
                            <Glyph ID="char_88" CONTENT="u" HPOS="1271" VPOS="559" WIDTH="1" HEIGHT="82" GC="0.9999">
                                <Shape>
                                    <Polygon POINTS="1272 559 1271 641 1271 641 1272 559"/>
                                </Shape>
                            </Glyph>
                            <Glyph ID="char_89" CONTENT="s" HPOS="1303" VPOS="576" WIDTH="1" HEIGHT="65" GC="0.9993">
                                <Shape>
                                    <Polygon POINTS="1304 576 1303 641 1303 641 1304 576"/>
                                </Shape>
                            </Glyph>
                        </String>
                        <SP ID="segment_27" HPOS="1327"  VPOS="569" WIDTH="2"  HEIGHT="75"/>
                        <String ID="segment_28" CONTENT="les" HPOS="1343" VPOS="558" WIDTH="67" HEIGHT="115" WC="0.9969">
                            <Shape>
                                <Polygon POINTS="1345 565 1343 651 1408 673 1410 558"/>
                            </Shape>
                            <Glyph ID="char_91" CONTENT="l" HPOS="1343" VPOS="565" WIDTH="2" HEIGHT="86" GC="0.9911">
                                <Shape>
                                    <Polygon POINTS="1345 565 1343 651 1343 651 1345 565"/>
                                </Shape>
                            </Glyph>
                            <Glyph ID="char_92" CONTENT="e" HPOS="1375" VPOS="558" WIDTH="2" HEIGHT="108" GC="0.9995">
                                <Shape>
                                    <Polygon POINTS="1377 558 1375 666 1375 666 1377 558"/>
                                </Shape>
                            </Glyph>
                            <Glyph ID="char_93" CONTENT="s" HPOS="1408" VPOS="558" WIDTH="2" HEIGHT="115" GC="0.9999">
                                <Shape>
                                    <Polygon POINTS="1410 558 1408 673 1408 673 1410 558"/>
                                </Shape>
                            </Glyph>
                        </String>
                        <SP ID="segment_29" HPOS="1448"  VPOS="559" WIDTH="10"  HEIGHT="118"/>
                        <String ID="segment_30" CONTENT="Droits" HPOS="1472" VPOS="559" WIDTH="132" HEIGHT="118" WC="0.9866">
                            <Shape>
                                <Polygon POINTS="1474 559 1472 677 1602 677 1604 579"/>
                            </Shape>
                            <Glyph ID="char_95" CONTENT="D" HPOS="1472" VPOS="559" WIDTH="2" HEIGHT="118" GC="0.9984">
                                <Shape>
                                    <Polygon POINTS="1474 559 1472 677 1472 677 1474 559"/>
                                </Shape>
                            </Glyph>
                            <Glyph ID="char_96" CONTENT="r" HPOS="1513" VPOS="560" WIDTH="2" HEIGHT="114" GC="0.9236">
                                <Shape>
                                    <Polygon POINTS="1515 560 1513 674 1513 674 1515 560"/>
                                </Shape>
                            </Glyph>
                            <Glyph ID="char_97" CONTENT="o" HPOS="1537" VPOS="560" WIDTH="2" HEIGHT="111" GC="0.9977">
                                <Shape>
                                    <Polygon POINTS="1539 560 1537 671 1537 671 1539 560"/>
                                </Shape>
                            </Glyph>
                            <Glyph ID="char_98" CONTENT="i" HPOS="1561" VPOS="560" WIDTH="2" HEIGHT="109" GC="1.0">
                                <Shape>
                                    <Polygon POINTS="1563 560 1561 669 1561 669 1563 560"/>
                                </Shape>
                            </Glyph>
                            <Glyph ID="char_99" CONTENT="t" HPOS="1586" VPOS="580" WIDTH="2" HEIGHT="96" GC="1.0">
                                <Shape>
                                    <Polygon POINTS="1588 580 1586 676 1586 676 1588 580"/>
                                </Shape>
                            </Glyph>
                            <Glyph ID="char_100" CONTENT="s" HPOS="1602" VPOS="579" WIDTH="2" HEIGHT="98" GC="1.0">
                                <Shape>
                                    <Polygon POINTS="1604 579 1602 677 1602 677 1604 579"/>
                                </Shape>
                            </Glyph>
                        </String>
                        <SP ID="segment_31" HPOS="1634"  VPOS="586" WIDTH="10"  HEIGHT="85"/>
                        <String ID="segment_32" CONTENT="&amp;" HPOS="1650" VPOS="586" WIDTH="2" HEIGHT="86" WC="0.9998">
                            <Shape>
                                <Polygon POINTS="1652 586 1650 672 1650 672 1652 586"/>
                            </Shape>
                            <Glyph ID="char_102" CONTENT="&amp;" HPOS="1650" VPOS="586" WIDTH="2" HEIGHT="86" GC="0.9998">
                                <Shape>
                                    <Polygon POINTS="1652 586 1650 672 1650 672 1652 586"/>
                                </Shape>
                            </Glyph>
                        </String>
                        <SP ID="segment_33" HPOS="1731"  VPOS="572" WIDTH="10"  HEIGHT="106"/>
                        <String ID="segment_34" CONTENT="prérogottives" HPOS="1756" VPOS="568" WIDTH="357" HEIGHT="114" WC="0.9732">
                            <Shape>
                                <Polygon POINTS="1758 592 1756 669 2113 663 2113 597"/>
                            </Shape>
                            <Glyph ID="char_104" CONTENT="p" HPOS="1756" VPOS="592" WIDTH="2" HEIGHT="77" GC="0.9954">
                                <Shape>
                                    <Polygon POINTS="1758 592 1756 669 1756 669 1758 592"/>
                                </Shape>
                            </Glyph>
                            <Glyph ID="char_105" CONTENT="r" HPOS="1828" VPOS="600" WIDTH="2" HEIGHT="80" GC="0.9995">
                                <Shape>
                                    <Polygon POINTS="1830 600 1828 680 1828 680 1830 600"/>
                                </Shape>
                            </Glyph>
                            <Glyph ID="char_106" CONTENT="e" HPOS="1853" VPOS="602" WIDTH="2" HEIGHT="78" GC="0.9993">
                                <Shape>
                                    <Polygon POINTS="1855 602 1853 680 1853 680 1855 602"/>
                                </Shape>
                            </Glyph>
                            <Glyph ID="char_107" CONTENT="́" HPOS="1861" VPOS="602" WIDTH="2" HEIGHT="79" GC="0.9951">
                                <Shape>
                                    <Polygon POINTS="1863 602 1861 681 1861 681 1863 602"/>
                                </Shape>
                            </Glyph>
                            <Glyph ID="char_108" CONTENT="r" HPOS="1885" VPOS="602" WIDTH="2" HEIGHT="79" GC="0.9999">
                                <Shape>
                                    <Polygon POINTS="1887 602 1885 681 1885 681 1887 602"/>
                                </Shape>
                            </Glyph>
                            <Glyph ID="char_109" CONTENT="o" HPOS="1909" VPOS="602" WIDTH="2" HEIGHT="80" GC="0.7052">
                                <Shape>
                                    <Polygon POINTS="1911 602 1909 682 1909 682 1911 602"/>
                                </Shape>
                            </Glyph>
                            <Glyph ID="char_110" CONTENT="g" HPOS="1934" VPOS="602" WIDTH="2" HEIGHT="69" GC="0.9677">
                                <Shape>
                                    <Polygon POINTS="1936 602 1934 671 1934 671 1936 602"/>
                                </Shape>
                            </Glyph>
                            <Glyph ID="char_111" CONTENT="o" HPOS="1975" VPOS="602" WIDTH="0" HEIGHT="68" GC="0.9687">
                                <Shape>
                                    <Polygon POINTS="1975 602 1975 670 1975 670 1975 602"/>
                                </Shape>
                            </Glyph>
                            <Glyph ID="char_112" CONTENT="t" HPOS="1999" VPOS="593" WIDTH="0" HEIGHT="71" GC="1.0">
                                <Shape>
                                    <Polygon POINTS="1999 593 1999 664 1999 664 1999 593"/>
                                </Shape>
                            </Glyph>
                            <Glyph ID="char_113" CONTENT="t" HPOS="2015" VPOS="585" WIDTH="1" HEIGHT="72" GC="0.9997">
                                <Shape>
                                    <Polygon POINTS="2015 585 2016 657 2016 657 2015 585"/>
                                </Shape>
                            </Glyph>
                            <Glyph ID="char_114" CONTENT="i" HPOS="2039" VPOS="574" WIDTH="1" HEIGHT="84" GC="0.9966">
                                <Shape>
                                    <Polygon POINTS="2039 574 2040 658 2040 658 2039 574"/>
                                </Shape>
                            </Glyph>
                            <Glyph ID="char_115" CONTENT="v" HPOS="2063" VPOS="568" WIDTH="1" HEIGHT="92" GC="0.9998">
                                <Shape>
                                    <Polygon POINTS="2063 568 2064 660 2064 660 2063 568"/>
                                </Shape>
                            </Glyph>
                            <Glyph ID="char_116" CONTENT="e" HPOS="2088" VPOS="588" WIDTH="0" HEIGHT="73" GC="0.9984">
                                <Shape>
                                    <Polygon POINTS="2088 588 2088 661 2088 661 2088 588"/>
                                </Shape>
                            </Glyph>
                            <Glyph ID="char_117" CONTENT="s" HPOS="2113" VPOS="597" WIDTH="0" HEIGHT="66" GC="1.0">
                                <Shape>
                                    <Polygon POINTS="2113 597 2113 663 2113 663 2113 597"/>
                                </Shape>
                            </Glyph>
                        </String>
                        <SP ID="segment_35" HPOS="2177"  VPOS="593" WIDTH="9"  HEIGHT="57"/>
                        <String ID="segment_36" CONTENT="accordes" HPOS="2202" VPOS="592" WIDTH="226" HEIGHT="67" WC="0.9351">
                            <Shape>
                                <Polygon POINTS="2202 592 2202 650 2428 659 2428 596"/>
                            </Shape>
                            <Glyph ID="char_119" CONTENT="a" HPOS="2202" VPOS="592" WIDTH="0" HEIGHT="58" GC="0.9992">
                                <Shape>
                                    <Polygon POINTS="2202 592 2202 650 2202 650 2202 592"/>
                                </Shape>
                            </Glyph>
                            <Glyph ID="char_120" CONTENT="c" HPOS="2250" VPOS="594" WIDTH="0" HEIGHT="58" GC="0.9984">
                                <Shape>
                                    <Polygon POINTS="2250 594 2250 652 2250 652 2250 594"/>
                                </Shape>
                            </Glyph>
                            <Glyph ID="char_121" CONTENT="c" HPOS="2283" VPOS="597" WIDTH="0" HEIGHT="56" GC="0.6983">
                                <Shape>
                                    <Polygon POINTS="2283 597 2283 653 2283 653 2283 597"/>
                                </Shape>
                            </Glyph>
                            <Glyph ID="char_122" CONTENT="o" HPOS="2307" VPOS="599" WIDTH="0" HEIGHT="55" GC="0.9684">
                                <Shape>
                                    <Polygon POINTS="2307 599 2307 654 2307 654 2307 599"/>
                                </Shape>
                            </Glyph>
                            <Glyph ID="char_123" CONTENT="r" HPOS="2339" VPOS="602" WIDTH="0" HEIGHT="53" GC="0.8237">
                                <Shape>
                                    <Polygon POINTS="2339 602 2339 655 2339 655 2339 602"/>
                                </Shape>
                            </Glyph>
                            <Glyph ID="char_124" CONTENT="d" HPOS="2372" VPOS="598" WIDTH="0" HEIGHT="59" GC="0.9993">
                                <Shape>
                                    <Polygon POINTS="2372 598 2372 657 2372 657 2372 598"/>
                                </Shape>
                            </Glyph>
                            <Glyph ID="char_125" CONTENT="e" HPOS="2404" VPOS="594" WIDTH="0" HEIGHT="64" GC="0.9979">
                                <Shape>
                                    <Polygon POINTS="2404 594 2404 658 2404 658 2404 594"/>
                                </Shape>
                            </Glyph>
                            <Glyph ID="char_126" CONTENT="s" HPOS="2428" VPOS="596" WIDTH="0" HEIGHT="63" GC="0.9954">
                                <Shape>
                                    <Polygon POINTS="2428 596 2428 659 2428 659 2428 596"/>
                                </Shape>
                            </Glyph>
                        </String>
                        <SP ID="segment_37" HPOS="2485"  VPOS="600" WIDTH="8"  HEIGHT="61"/>
                        <String ID="segment_38" CONTENT="aux" HPOS="2509" VPOS="594" WIDTH="81" HEIGHT="69" WC="0.9922">
                            <Shape>
                                <Polygon POINTS="2509 602 2509 662 2590 660 2590 594"/>
                            </Shape>
                            <Glyph ID="char_128" CONTENT="a" HPOS="2509" VPOS="602" WIDTH="0" HEIGHT="60" GC="0.9999">
                                <Shape>
                                    <Polygon POINTS="2509 602 2509 662 2509 662 2509 602"/>
                                </Shape>
                            </Glyph>
                            <Glyph ID="char_129" CONTENT="u" HPOS="2550" VPOS="606" WIDTH="0" HEIGHT="57" GC="0.9999">
                                <Shape>
                                    <Polygon POINTS="2550 606 2550 663 2550 663 2550 606"/>
                                </Shape>
                            </Glyph>
                            <Glyph ID="char_130" CONTENT="x" HPOS="2590" VPOS="594" WIDTH="0" HEIGHT="66" GC="0.9766">
                                <Shape>
                                    <Polygon POINTS="2590 594 2590 660 2590 660 2590 594"/>
                                </Shape>
                            </Glyph>
                        </String>
                    </TextLine>

                    <TextLine ID="cbff555f-65b3-4dd4-92bf-dbb470e949fd" HPOS="1084.0" VPOS="684.0" WIDTH="1545.0" HEIGHT="149.0" BASELINE="1086.0 738.0 2000.0 771.0 2629.0 763.0" TAGREFS="LINE_TYPE_1">
                        <Shape>
                            <Polygon POINTS="1086.0 738.0 1084.0 810.0 1136.0 802.0 1175.0 814.0 1177.0 814.0 1179.0 814.0 1181.0 814.0 1183.0 814.0 1229.0 783.0 1287.0 783.0 1328.0 818.0 1330.0 818.0 1332.0 818.0 1334.0 820.0 1412.0 820.0 1412.0 818.0 1414.0 818.0 1493.0 773.0 1528.0 802.0 1530.0 802.0 1532.0 802.0 1534.0 802.0 1625.0 785.0 1680.0 824.0 1683.0 824.0 1685.0 824.0 1742.0 826.0 1744.0 826.0 1746.0 826.0 1749.0 826.0 1779.0 806.0 1916.0 831.0 1918.0 833.0 1980.0 833.0 1980.0 831.0 1982.0 831.0 2087.0 793.0 2122.0 793.0 2151.0 814.0 2153.0 814.0 2155.0 814.0 2157.0 814.0 2159.0 814.0 2215.0 785.0 2625.0 789.0 2629.0 763.0 2627.0 725.0 2522.0 711.0 2520.0 711.0 2518.0 711.0 2516.0 711.0 2493.0 727.0 2378.0 709.0 2376.0 709.0 2373.0 709.0 2371.0 709.0 2336.0 736.0 2316.0 719.0 2314.0 719.0 2312.0 719.0 2310.0 719.0 2307.0 719.0 2305.0 719.0 2277.0 738.0 2213.0 705.0 2211.0 705.0 2208.0 705.0 2206.0 705.0 2136.0 738.0 1928.0 736.0 1905.0 715.0 1903.0 715.0 1901.0 715.0 1899.0 715.0 1897.0 715.0 1845.0 732.0 1716.0 732.0 1672.0 703.0 1670.0 703.0 1668.0 703.0 1666.0 703.0 1664.0 703.0 1639.0 711.0 1612.0 697.0 1610.0 697.0 1608.0 697.0 1606.0 697.0 1546.0 725.0 1501.0 713.0 1499.0 713.0 1497.0 713.0 1439.0 723.0 1398.0 719.0 1371.0 694.0 1369.0 694.0 1367.0 694.0 1365.0 694.0 1363.0 694.0 1361.0 694.0 1324.0 719.0 1282.0 686.0 1280.0 686.0 1278.0 686.0 1204.0 684.0 1202.0 684.0 1086.0 709.0 1086.0 738.0"/>
                        </Shape>
                        <String ID="segment_39" CONTENT="affrancher" HPOS="1121" VPOS="685" WIDTH="268" HEIGHT="135" WC="0.9902">
                            <Shape>
                                <Polygon POINTS="1124 701 1121 804 1385 820 1389 711"/>
                            </Shape>
                            <Glyph ID="char_131" CONTENT="a" HPOS="1121" VPOS="701" WIDTH="3" HEIGHT="103" GC="0.9994">
                                <Shape>
                                    <Polygon POINTS="1124 701 1121 804 1121 804 1124 701"/>
                                </Shape>
                            </Glyph>
                            <Glyph ID="char_132" CONTENT="f" HPOS="1157" VPOS="693" WIDTH="4" HEIGHT="115" GC="0.9272">
                                <Shape>
                                    <Polygon POINTS="1161 693 1157 808 1157 808 1161 693"/>
                                </Shape>
                            </Glyph>
                            <Glyph ID="char_133" CONTENT="f" HPOS="1184" VPOS="687" WIDTH="5" HEIGHT="126" GC="0.9937">
                                <Shape>
                                    <Polygon POINTS="1189 687 1184 813 1184 813 1189 687"/>
                                </Shape>
                            </Glyph>
                            <Glyph ID="char_134" CONTENT="r" HPOS="1221" VPOS="685" WIDTH="13" HEIGHT="103" GC="0.9961">
                                <Shape>
                                    <Polygon POINTS="1225 685 1221 788 1230 783 1234 685"/>
                                </Shape>
                            </Glyph>
                            <Glyph ID="char_135" CONTENT="a" HPOS="1249" VPOS="685" WIDTH="4" HEIGHT="98" GC="0.9997">
                                <Shape>
                                    <Polygon POINTS="1253 685 1249 783 1249 783 1253 685"/>
                                </Shape>
                            </Glyph>
                            <Glyph ID="char_136" CONTENT="n" HPOS="1277" VPOS="686" WIDTH="3" HEIGHT="97" GC="0.9865">
                                <Shape>
                                    <Polygon POINTS="1280 686 1277 783 1277 783 1280 686"/>
                                </Shape>
                            </Glyph>
                            <Glyph ID="char_137" CONTENT="c" HPOS="1303" VPOS="705" WIDTH="13" HEIGHT="100" GC="1.0">
                                <Shape>
                                    <Polygon POINTS="1306 705 1303 797 1313 805 1316 713"/>
                                </Shape>
                            </Glyph>
                            <Glyph ID="char_138" CONTENT="h" HPOS="1330" VPOS="712" WIDTH="4" HEIGHT="106" GC="1.0">
                                <Shape>
                                    <Polygon POINTS="1334 712 1330 818 1330 818 1334 712"/>
                                </Shape>
                            </Glyph>
                            <Glyph ID="char_139" CONTENT="e" HPOS="1366" VPOS="694" WIDTH="5" HEIGHT="126" GC="0.9996">
                                <Shape>
                                    <Polygon POINTS="1371 694 1366 820 1366 820 1371 694"/>
                                </Shape>
                            </Glyph>
                            <Glyph ID="char_140" CONTENT="r" HPOS="1385" VPOS="711" WIDTH="4" HEIGHT="109" GC="1.0">
                                <Shape>
                                    <Polygon POINTS="1389 711 1385 820 1385 820 1389 711"/>
                                </Shape>
                            </Glyph>
                        </String>
                        <SP ID="segment_40" HPOS="1412"  VPOS="721" WIDTH="13"  HEIGHT="97"/>
                        <String ID="segment_41" CONTENT="par" HPOS="1441" VPOS="717" WIDTH="112" HEIGHT="86" WC="0.917">
                            <Shape>
                                <Polygon POINTS="1444 722 1441 803 1550 799 1553 722"/>
                            </Shape>
                            <Glyph ID="char_142" CONTENT="p" HPOS="1441" VPOS="722" WIDTH="3" HEIGHT="81" GC="0.9999">
                                <Shape>
                                    <Polygon POINTS="1444 722 1441 803 1441 803 1444 722"/>
                                </Shape>
                            </Glyph>
                            <Glyph ID="char_143" CONTENT="a" HPOS="1514" VPOS="717" WIDTH="3" HEIGHT="74" GC="1.0">
                                <Shape>
                                    <Polygon POINTS="1517 717 1514 791 1514 791 1517 717"/>
                                </Shape>
                            </Glyph>
                            <Glyph ID="char_144" CONTENT="r" HPOS="1550" VPOS="722" WIDTH="3" HEIGHT="77" GC="0.751">
                                <Shape>
                                    <Polygon POINTS="1553 722 1550 799 1550 799 1553 722"/>
                                </Shape>
                            </Glyph>
                        </String>
                        <SP ID="segment_42" HPOS="1569"  VPOS="708" WIDTH="12"  HEIGHT="87"/>
                        <String ID="segment_43" CONTENT="samujesté," HPOS="1596" VPOS="700" WIDTH="359" HEIGHT="133" WC="0.9972">
                            <Shape>
                                <Polygon POINTS="1600 700 1596 790 1951 833 1955 736"/>
                            </Shape>
                            <Glyph ID="char_146" CONTENT="s" HPOS="1596" VPOS="700" WIDTH="4" HEIGHT="90" GC="0.9989">
                                <Shape>
                                    <Polygon POINTS="1600 700 1596 790 1596 790 1600 700"/>
                                </Shape>
                            </Glyph>
                            <Glyph ID="char_147" CONTENT="a" HPOS="1660" VPOS="703" WIDTH="4" HEIGHT="107" GC="0.9997">
                                <Shape>
                                    <Polygon POINTS="1664 703 1660 810 1660 810 1664 703"/>
                                </Shape>
                            </Glyph>
                            <Glyph ID="char_148" CONTENT="m" HPOS="1714" VPOS="732" WIDTH="4" HEIGHT="93" GC="1.0">
                                <Shape>
                                    <Polygon POINTS="1718 732 1714 825 1714 825 1718 732"/>
                                </Shape>
                            </Glyph>
                            <Glyph ID="char_149" CONTENT="u" HPOS="1741" VPOS="732" WIDTH="4" HEIGHT="94" GC="1.0">
                                <Shape>
                                    <Polygon POINTS="1745 732 1741 826 1741 826 1745 732"/>
                                </Shape>
                            </Glyph>
                            <Glyph ID="char_150" CONTENT="j" HPOS="1779" VPOS="732" WIDTH="3" HEIGHT="74" GC="1.0">
                                <Shape>
                                    <Polygon POINTS="1782 732 1779 806 1779 806 1782 732"/>
                                </Shape>
                            </Glyph>
                            <Glyph ID="char_151" CONTENT="e" HPOS="1806" VPOS="732" WIDTH="3" HEIGHT="79" GC="0.9837">
                                <Shape>
                                    <Polygon POINTS="1809 732 1806 811 1806 811 1809 732"/>
                                </Shape>
                            </Glyph>
                            <Glyph ID="char_152" CONTENT="s" HPOS="1843" VPOS="732" WIDTH="3" HEIGHT="86" GC="1.0">
                                <Shape>
                                    <Polygon POINTS="1846 732 1843 818 1843 818 1846 732"/>
                                </Shape>
                            </Glyph>
                            <Glyph ID="char_153" CONTENT="t" HPOS="1869" VPOS="723" WIDTH="4" HEIGHT="100" GC="0.9942">
                                <Shape>
                                    <Polygon POINTS="1873 723 1869 823 1869 823 1873 723"/>
                                </Shape>
                            </Glyph>
                            <Glyph ID="char_154" CONTENT="e" HPOS="1897" VPOS="715" WIDTH="4" HEIGHT="113" GC="0.9992">
                                <Shape>
                                    <Polygon POINTS="1901 715 1897 828 1897 828 1901 715"/>
                                </Shape>
                            </Glyph>
                            <Glyph ID="char_155" CONTENT="́" HPOS="1906" VPOS="720" WIDTH="4" HEIGHT="109" GC="0.9947">
                                <Shape>
                                    <Polygon POINTS="1910 720 1906 829 1906 829 1910 720"/>
                                </Shape>
                            </Glyph>
                            <Glyph ID="char_156" CONTENT="," HPOS="1951" VPOS="736" WIDTH="4" HEIGHT="97" GC="0.9987">
                                <Shape>
                                    <Polygon POINTS="1955 736 1951 833 1951 833 1955 736"/>
                                </Shape>
                            </Glyph>
                        </String>
                        <SP ID="segment_44" HPOS="1970"  VPOS="736" WIDTH="13"  HEIGHT="97"/>
                        <String ID="segment_45" CONTENT="par" HPOS="1997" VPOS="737" WIDTH="131" HEIGHT="88" WC="0.9763">
                            <Shape>
                                <Polygon POINTS="2001 737 1997 825 2128 797 2127 738"/>
                            </Shape>
                            <Glyph ID="char_158" CONTENT="p" HPOS="1997" VPOS="737" WIDTH="4" HEIGHT="88" GC="0.99">
                                <Shape>
                                    <Polygon POINTS="2001 737 1997 825 1997 825 2001 737"/>
                                </Shape>
                            </Glyph>
                            <Glyph ID="char_159" CONTENT="a" HPOS="2091" VPOS="738" WIDTH="1" HEIGHT="55" GC="0.9507">
                                <Shape>
                                    <Polygon POINTS="2091 738 2092 793 2092 793 2091 738"/>
                                </Shape>
                            </Glyph>
                            <Glyph ID="char_160" CONTENT="r" HPOS="2127" VPOS="738" WIDTH="1" HEIGHT="59" GC="0.9883">
                                <Shape>
                                    <Polygon POINTS="2127 738 2128 797 2128 797 2127 738"/>
                                </Shape>
                            </Glyph>
                        </String>
                        <SP ID="segment_46" HPOS="2145"  VPOS="729" WIDTH="11"  HEIGHT="85"/>
                        <String ID="segment_47" CONTENT="es" HPOS="2246" VPOS="722" WIDTH="38" HEIGHT="64" WC="0.8335">
                            <Shape>
                                <Polygon POINTS="2246 722 2247 785 2284 786 2283 734"/>
                            </Shape>
                            <Glyph ID="char_162" CONTENT="e" HPOS="2246" VPOS="722" WIDTH="1" HEIGHT="63" GC="0.9925">
                                <Shape>
                                    <Polygon POINTS="2246 722 2247 785 2247 785 2246 722"/>
                                </Shape>
                            </Glyph>
                            <Glyph ID="char_163" CONTENT="s" HPOS="2283" VPOS="734" WIDTH="1" HEIGHT="52" GC="0.6745">
                                <Shape>
                                    <Polygon POINTS="2283 734 2284 786 2284 786 2283 734"/>
                                </Shape>
                            </Glyph>
                        </String>
                        <SP ID="segment_48" HPOS="2337"  VPOS="735" WIDTH="1"  HEIGHT="51"/>
                        <String ID="segment_49" CONTENT="édit" HPOS="2365" VPOS="709" WIDTH="83" HEIGHT="78" WC="0.9312">
                            <Shape>
                                <Polygon POINTS="2365 714 2366 786 2448 787 2447 720"/>
                            </Shape>
                            <Glyph ID="char_165" CONTENT="e" HPOS="2365" VPOS="714" WIDTH="1" HEIGHT="72" GC="0.6679">
                                <Shape>
                                    <Polygon POINTS="2365 714 2366 786 2366 786 2365 714"/>
                                </Shape>
                            </Glyph>
                            <Glyph ID="char_166" CONTENT="́" HPOS="2374" VPOS="709" WIDTH="1" HEIGHT="78" GC="0.9995">
                                <Shape>
                                    <Polygon POINTS="2374 709 2375 787 2375 787 2374 709"/>
                                </Shape>
                            </Glyph>
                            <Glyph ID="char_167" CONTENT="d" HPOS="2392" VPOS="711" WIDTH="1" HEIGHT="76" GC="0.9961">
                                <Shape>
                                    <Polygon POINTS="2392 711 2393 787 2393 787 2392 711"/>
                                </Shape>
                            </Glyph>
                            <Glyph ID="char_168" CONTENT="i" HPOS="2420" VPOS="716" WIDTH="10" HEIGHT="71" GC="0.994">
                                <Shape>
                                    <Polygon POINTS="2420 716 2421 787 2430 787 2429 717"/>
                                </Shape>
                            </Glyph>
                            <Glyph ID="char_169" CONTENT="t" HPOS="2438" VPOS="718" WIDTH="10" HEIGHT="69" GC="0.9986">
                                <Shape>
                                    <Polygon POINTS="2438 718 2439 787 2448 787 2447 720"/>
                                </Shape>
                            </Glyph>
                        </String>
                    </TextLine>

                    <TextLine ID="6abaca36-1301-4b3b-bdb2-07068783a4fb" HPOS="1117.0" VPOS="806.0" WIDTH="1205.0" HEIGHT="115.0" BASELINE="1119.0 872.0 2322.0 890.0" TAGREFS="LINE_TYPE_1">
                        <Shape>
                            <Polygon POINTS="1119.0 872.0 1117.0 892.0 1157.0 903.0 1159.0 903.0 1249.0 888.0 1280.0 907.0 1282.0 907.0 1284.0 907.0 1386.0 909.0 1388.0 909.0 1390.0 909.0 1392.0 909.0 1414.0 890.0 1462.0 890.0 1476.0 903.0 1476.0 905.0 1478.0 905.0 1480.0 905.0 1482.0 905.0 1485.0 905.0 1520.0 892.0 1557.0 892.0 1569.0 903.0 1569.0 905.0 1571.0 905.0 1573.0 905.0 1575.0 905.0 1761.0 895.0 1823.0 915.0 1825.0 915.0 1827.0 917.0 1862.0 917.0 1862.0 915.0 1864.0 915.0 1866.0 915.0 1866.0 913.0 1883.0 899.0 1980.0 913.0 1982.0 913.0 2046.0 903.0 2081.0 919.0 2083.0 919.0 2085.0 919.0 2178.0 907.0 2188.0 919.0 2190.0 919.0 2190.0 921.0 2192.0 921.0 2194.0 921.0 2196.0 921.0 2320.0 901.0 2322.0 890.0 2318.0 822.0 2246.0 859.0 2223.0 859.0 2182.0 829.0 2180.0 829.0 2178.0 829.0 2175.0 829.0 2173.0 829.0 2112.0 855.0 1841.0 851.0 1792.0 814.0 1790.0 814.0 1788.0 814.0 1786.0 814.0 1784.0 814.0 1713.0 833.0 1695.0 816.0 1695.0 814.0 1693.0 814.0 1691.0 814.0 1592.0 812.0 1590.0 812.0 1588.0 812.0 1586.0 812.0 1586.0 814.0 1551.0 849.0 1522.0 849.0 1421.0 847.0 1398.0 826.0 1398.0 824.0 1396.0 824.0 1394.0 824.0 1392.0 824.0 1390.0 824.0 1348.0 837.0 1320.0 810.0 1320.0 808.0 1317.0 808.0 1315.0 808.0 1280.0 808.0 1278.0 808.0 1276.0 808.0 1274.0 808.0 1249.0 831.0 1214.0 806.0 1212.0 806.0 1210.0 806.0 1208.0 806.0 1206.0 806.0 1204.0 806.0 1183.0 820.0 1140.0 818.0 1138.0 818.0 1136.0 818.0 1134.0 818.0 1134.0 820.0 1119.0 833.0 1119.0 872.0"/>
                        </Shape>
                        <String ID="segment_50" CONTENT="déclarations" HPOS="1147" VPOS="806" WIDTH="316" HEIGHT="103" WC="0.9959">
                            <Shape>
                                <Polygon POINTS="1148 818 1147 900 1463 891 1463 848"/>
                            </Shape>
                            <Glyph ID="char_170" CONTENT="d" HPOS="1147" VPOS="818" WIDTH="1" HEIGHT="82" GC="1.0">
                                <Shape>
                                    <Polygon POINTS="1148 818 1147 900 1147 900 1148 818"/>
                                </Shape>
                            </Glyph>
                            <Glyph ID="char_171" CONTENT="e" HPOS="1196" VPOS="811" WIDTH="1" HEIGHT="86" GC="0.9593">
                                <Shape>
                                    <Polygon POINTS="1197 811 1196 897 1196 897 1197 811"/>
                                </Shape>
                            </Glyph>
                            <Glyph ID="char_172" CONTENT="́" HPOS="1210" VPOS="806" WIDTH="1" HEIGHT="89" GC="0.9998">
                                <Shape>
                                    <Polygon POINTS="1211 806 1210 895 1210 895 1211 806"/>
                                </Shape>
                            </Glyph>
                            <Glyph ID="char_173" CONTENT="c" HPOS="1224" VPOS="814" WIDTH="1" HEIGHT="78" GC="0.9994">
                                <Shape>
                                    <Polygon POINTS="1225 814 1224 892 1224 892 1225 814"/>
                                </Shape>
                            </Glyph>
                            <Glyph ID="char_174" CONTENT="l" HPOS="1252" VPOS="828" WIDTH="1" HEIGHT="62" GC="0.9998">
                                <Shape>
                                    <Polygon POINTS="1253 828 1252 890 1252 890 1253 828"/>
                                </Shape>
                            </Glyph>
                            <Glyph ID="char_175" CONTENT="a" HPOS="1273" VPOS="808" WIDTH="1" HEIGHT="94" GC="1.0">
                                <Shape>
                                    <Polygon POINTS="1274 808 1273 902 1273 902 1274 808"/>
                                </Shape>
                            </Glyph>
                            <Glyph ID="char_176" CONTENT="r" HPOS="1307" VPOS="808" WIDTH="2" HEIGHT="99" GC="0.9989">
                                <Shape>
                                    <Polygon POINTS="1309 808 1307 907 1307 907 1309 808"/>
                                </Shape>
                            </Glyph>
                            <Glyph ID="char_177" CONTENT="a" HPOS="1335" VPOS="826" WIDTH="2" HEIGHT="82" GC="0.9976">
                                <Shape>
                                    <Polygon POINTS="1337 826 1335 908 1335 908 1337 826"/>
                                </Shape>
                            </Glyph>
                            <Glyph ID="char_178" CONTENT="t" HPOS="1370" VPOS="830" WIDTH="2" HEIGHT="79" GC="0.9966">
                                <Shape>
                                    <Polygon POINTS="1372 830 1370 909 1370 909 1372 830"/>
                                </Shape>
                            </Glyph>
                            <Glyph ID="char_179" CONTENT="i" HPOS="1391" VPOS="824" WIDTH="2" HEIGHT="85" GC="0.9999">
                                <Shape>
                                    <Polygon POINTS="1393 824 1391 909 1391 909 1393 824"/>
                                </Shape>
                            </Glyph>
                            <Glyph ID="char_180" CONTENT="o" HPOS="1406" VPOS="834" WIDTH="1" HEIGHT="63" GC="0.9997">
                                <Shape>
                                    <Polygon POINTS="1407 834 1406 897 1406 897 1407 834"/>
                                </Shape>
                            </Glyph>
                            <Glyph ID="char_181" CONTENT="n" HPOS="1442" VPOS="847" WIDTH="0" HEIGHT="43" GC="0.9958">
                                <Shape>
                                    <Polygon POINTS="1442 847 1442 890 1442 890 1442 847"/>
                                </Shape>
                            </Glyph>
                            <Glyph ID="char_182" CONTENT="s" HPOS="1463" VPOS="848" WIDTH="0" HEIGHT="43" GC="0.9993">
                                <Shape>
                                    <Polygon POINTS="1463 848 1463 891 1463 891 1463 848"/>
                                </Shape>
                            </Glyph>
                        </String>
                        <SP ID="segment_51" HPOS="1561"  VPOS="831" WIDTH="8"  HEIGHT="71"/>
                        <String ID="segment_52" CONTENT="les" HPOS="1582" VPOS="813" WIDTH="71" HEIGHT="92" WC="1.0">
                            <Shape>
                                <Polygon POINTS="1583 817 1582 905 1652 901 1653 813"/>
                            </Shape>
                            <Glyph ID="char_184" CONTENT="l" HPOS="1582" VPOS="817" WIDTH="1" HEIGHT="88" GC="1.0">
                                <Shape>
                                    <Polygon POINTS="1583 817 1582 905 1582 905 1583 817"/>
                                </Shape>
                            </Glyph>
                            <Glyph ID="char_185" CONTENT="e" HPOS="1617" VPOS="813" WIDTH="1" HEIGHT="90" GC="1.0">
                                <Shape>
                                    <Polygon POINTS="1618 813 1617 903 1617 903 1618 813"/>
                                </Shape>
                            </Glyph>
                            <Glyph ID="char_186" CONTENT="s" HPOS="1652" VPOS="813" WIDTH="1" HEIGHT="88" GC="0.9999">
                                <Shape>
                                    <Polygon POINTS="1653 813 1652 901 1652 901 1653 813"/>
                                </Shape>
                            </Glyph>
                        </String>
                        <SP ID="segment_53" HPOS="1708"  VPOS="829" WIDTH="8"  HEIGHT="69"/>
                        <String ID="segment_54" CONTENT="Concernans.※" HPOS="1722" VPOS="814" WIDTH="548" HEIGHT="104" WC="0.9711">
                            <Shape>
                                <Polygon POINTS="1723 830 1722 897 2269 909 2270 847"/>
                            </Shape>
                            <Glyph ID="char_188" CONTENT="C" HPOS="1722" VPOS="830" WIDTH="1" HEIGHT="67" GC="0.7609">
                                <Shape>
                                    <Polygon POINTS="1723 830 1722 897 1722 897 1723 830"/>
                                </Shape>
                            </Glyph>
                            <Glyph ID="char_189" CONTENT="o" HPOS="1785" VPOS="814" WIDTH="1" HEIGHT="89" GC="1.0">
                                <Shape>
                                    <Polygon POINTS="1786 814 1785 903 1785 903 1786 814"/>
                                </Shape>
                            </Glyph>
                            <Glyph ID="char_190" CONTENT="n" HPOS="1819" VPOS="836" WIDTH="2" HEIGHT="78" GC="0.9999">
                                <Shape>
                                    <Polygon POINTS="1821 836 1819 914 1819 914 1821 836"/>
                                </Shape>
                            </Glyph>
                            <Glyph ID="char_191" CONTENT="c" HPOS="1847" VPOS="851" WIDTH="1" HEIGHT="66" GC="1.0">
                                <Shape>
                                    <Polygon POINTS="1848 851 1847 917 1847 917 1848 851"/>
                                </Shape>
                            </Glyph>
                            <Glyph ID="char_192" CONTENT="e" HPOS="1869" VPOS="851" WIDTH="0" HEIGHT="60" GC="0.9999">
                                <Shape>
                                    <Polygon POINTS="1869 851 1869 911 1869 911 1869 851"/>
                                </Shape>
                            </Glyph>
                            <Glyph ID="char_193" CONTENT="r" HPOS="1897" VPOS="852" WIDTH="0" HEIGHT="49" GC="0.9699">
                                <Shape>
                                    <Polygon POINTS="1897 852 1897 901 1897 901 1897 852"/>
                                </Shape>
                            </Glyph>
                            <Glyph ID="char_194" CONTENT="n" HPOS="1939" VPOS="852" WIDTH="0" HEIGHT="55" GC="0.9998">
                                <Shape>
                                    <Polygon POINTS="1939 852 1939 907 1939 907 1939 852"/>
                                </Shape>
                            </Glyph>
                            <Glyph ID="char_195" CONTENT="a" HPOS="1967" VPOS="853" WIDTH="0" HEIGHT="58" GC="0.9998">
                                <Shape>
                                    <Polygon POINTS="1967 853 1967 911 1967 911 1967 853"/>
                                </Shape>
                            </Glyph>
                            <Glyph ID="char_196" CONTENT="n" HPOS="2009" VPOS="853" WIDTH="0" HEIGHT="56" GC="0.9998">
                                <Shape>
                                    <Polygon POINTS="2009 853 2009 909 2009 909 2009 853"/>
                                </Shape>
                            </Glyph>
                            <Glyph ID="char_197" CONTENT="s" HPOS="2038" VPOS="854" WIDTH="0" HEIGHT="50" GC="0.9274">
                                <Shape>
                                    <Polygon POINTS="2038 854 2038 904 2038 904 2038 854"/>
                                </Shape>
                            </Glyph>
                            <Glyph ID="char_198" CONTENT="." HPOS="2212" VPOS="852" WIDTH="1" HEIGHT="66" GC="0.9964">
                                <Shape>
                                    <Polygon POINTS="2213 852 2212 918 2212 918 2213 852"/>
                                </Shape>
                            </Glyph>
                            <Glyph ID="char_199" CONTENT="※" HPOS="2269" VPOS="847" WIDTH="1" HEIGHT="62" GC="0.9997">
                                <Shape>
                                    <Polygon POINTS="2270 847 2269 909 2269 909 2270 847"/>
                                </Shape>
                            </Glyph>
                        </String>
                    </TextLine>

                    <TextLine ID="65230f21-4f65-4bf2-aa0e-f3082c0ae0ce" HPOS="1305.0" VPOS="919.0" WIDTH="1328.0" HEIGHT="126.0" BASELINE="1307.0 1004.0 2633.0 1000.0" TAGREFS="LINE_TYPE_1">
                        <Shape>
                            <Polygon POINTS="1307.0 1004.0 1307.0 1035.0 1416.0 1045.0 1419.0 1045.0 1520.0 1039.0 1522.0 1039.0 1524.0 1039.0 1524.0 1037.0 1553.0 1012.0 1668.0 1024.0 1670.0 1024.0 1672.0 1024.0 1716.0 1012.0 1876.0 1045.0 1878.0 1045.0 1881.0 1045.0 1883.0 1045.0 1883.0 1043.0 1918.0 1012.0 2072.0 1022.0 2074.0 1022.0 2076.0 1022.0 2118.0 1010.0 2167.0 1022.0 2169.0 1022.0 2171.0 1022.0 2173.0 1022.0 2175.0 1022.0 2194.0 1010.0 2279.0 1010.0 2318.0 1043.0 2320.0 1043.0 2322.0 1043.0 2324.0 1045.0 2429.0 1045.0 2429.0 1043.0 2431.0 1043.0 2433.0 1043.0 2458.0 1026.0 2557.0 1037.0 2559.0 1037.0 2561.0 1037.0 2633.0 1006.0 2633.0 1000.0 2627.0 954.0 2433.0 965.0 2384.0 928.0 2382.0 928.0 2380.0 928.0 2378.0 928.0 2376.0 928.0 2297.0 965.0 2221.0 940.0 2219.0 940.0 2217.0 940.0 2215.0 940.0 2213.0 940.0 2213.0 942.0 2194.0 958.0 2161.0 940.0 2159.0 940.0 2157.0 940.0 2155.0 940.0 2083.0 963.0 2037.0 921.0 2037.0 919.0 2035.0 919.0 2033.0 919.0 2031.0 919.0 1883.0 944.0 1881.0 944.0 1878.0 944.0 1878.0 946.0 1854.0 967.0 1751.0 944.0 1749.0 944.0 1746.0 944.0 1693.0 967.0 1652.0 930.0 1650.0 930.0 1647.0 930.0 1645.0 930.0 1643.0 930.0 1641.0 930.0 1590.0 967.0 1561.0 960.0 1520.0 923.0 1520.0 921.0 1518.0 921.0 1515.0 921.0 1334.0 921.0 1332.0 921.0 1330.0 921.0 1328.0 921.0 1328.0 923.0 1305.0 942.0 1307.0 1004.0"/>
                        </Shape>
                        <String ID="segment_55" CONTENT="E" HPOS="1324" VPOS="926" WIDTH="0" HEIGHT="111" WC="1.0">
                            <Shape>
                                <Polygon POINTS="1324 926 1324 1037 1324 1037 1324 926"/>
                            </Shape>
                            <Glyph ID="char_200" CONTENT="E" HPOS="1324" VPOS="926" WIDTH="0" HEIGHT="111" GC="1.0">
                                <Shape>
                                    <Polygon POINTS="1324 926 1324 1037 1324 1037 1324 926"/>
                                </Shape>
                            </Glyph>
                        </String>
                        <SP ID="segment_56" HPOS="1436"  VPOS="921" WIDTH="8"  HEIGHT="123"/>
                        <String ID="segment_57" CONTENT="par" HPOS="1461" VPOS="921" WIDTH="95" HEIGHT="121" WC="0.9976">
                            <Shape>
                                <Polygon POINTS="1461 921 1461 1042 1556 1012 1556 955"/>
                            </Shape>
                            <Glyph ID="char_202" CONTENT="p" HPOS="1461" VPOS="921" WIDTH="0" HEIGHT="121" GC="0.993">
                                <Shape>
                                    <Polygon POINTS="1461 921 1461 1042 1461 1042 1461 921"/>
                                </Shape>
                            </Glyph>
                            <Glyph ID="char_203" CONTENT="a" HPOS="1521" VPOS="924" WIDTH="0" HEIGHT="115" GC="0.9999">
                                <Shape>
                                    <Polygon POINTS="1521 924 1521 1039 1521 1039 1521 924"/>
                                </Shape>
                            </Glyph>
                            <Glyph ID="char_204" CONTENT="r" HPOS="1556" VPOS="955" WIDTH="0" HEIGHT="57" GC="0.9999">
                                <Shape>
                                    <Polygon POINTS="1556 955 1556 1012 1556 1012 1556 955"/>
                                </Shape>
                            </Glyph>
                        </String>
                        <SP ID="segment_58" HPOS="1590"  VPOS="961" WIDTH="9"  HEIGHT="56"/>
                        <String ID="segment_59" CONTENT="ces" HPOS="1607" VPOS="936" WIDTH="86" HEIGHT="87" WC="0.9977">
                            <Shape>
                                <Polygon POINTS="1607 955 1607 1018 1693 1018 1693 967"/>
                            </Shape>
                            <Glyph ID="char_206" CONTENT="c" HPOS="1607" VPOS="955" WIDTH="0" HEIGHT="63" GC="0.997">
                                <Shape>
                                    <Polygon POINTS="1607 955 1607 1018 1607 1018 1607 955"/>
                                </Shape>
                            </Glyph>
                            <Glyph ID="char_207" CONTENT="e" HPOS="1659" VPOS="936" WIDTH="0" HEIGHT="87" GC="0.9999">
                                <Shape>
                                    <Polygon POINTS="1659 936 1659 1023 1659 1023 1659 936"/>
                                </Shape>
                            </Glyph>
                            <Glyph ID="char_208" CONTENT="s" HPOS="1693" VPOS="967" WIDTH="0" HEIGHT="51" GC="0.9963">
                                <Shape>
                                    <Polygon POINTS="1693 967 1693 1018 1693 1018 1693 967"/>
                                </Shape>
                            </Glyph>
                        </String>
                        <SP ID="segment_60" HPOS="1727"  VPOS="952" WIDTH="0"  HEIGHT="62"/>
                        <String ID="segment_61" CONTENT="mêmest" HPOS="1761" VPOS="937" WIDTH="163" HEIGHT="106" WC="0.9694">
                            <Shape>
                                <Polygon POINTS="1761 946 1761 1021 1924 1012 1924 937"/>
                            </Shape>
                            <Glyph ID="char_210" CONTENT="m" HPOS="1761" VPOS="946" WIDTH="0" HEIGHT="75" GC="0.8109">
                                <Shape>
                                    <Polygon POINTS="1761 946 1761 1021 1761 1021 1761 946"/>
                                </Shape>
                            </Glyph>
                            <Glyph ID="char_211" CONTENT="e" HPOS="1796" VPOS="954" WIDTH="0" HEIGHT="75" GC="0.9979">
                                <Shape>
                                    <Polygon POINTS="1796 954 1796 1029 1796 1029 1796 954"/>
                                </Shape>
                            </Glyph>
                            <Glyph ID="char_212" CONTENT="̂" HPOS="1804" VPOS="956" WIDTH="0" HEIGHT="74" GC="0.978">
                                <Shape>
                                    <Polygon POINTS="1804 956 1804 1030 1804 1030 1804 956"/>
                                </Shape>
                            </Glyph>
                            <Glyph ID="char_213" CONTENT="m" HPOS="1839" VPOS="964" WIDTH="0" HEIGHT="73" GC="0.9998">
                                <Shape>
                                    <Polygon POINTS="1839 964 1839 1037 1839 1037 1839 964"/>
                                </Shape>
                            </Glyph>
                            <Glyph ID="char_214" CONTENT="e" HPOS="1864" VPOS="958" WIDTH="0" HEIGHT="85" GC="1.0">
                                <Shape>
                                    <Polygon POINTS="1864 958 1864 1043 1864 1043 1864 958"/>
                                </Shape>
                            </Glyph>
                            <Glyph ID="char_215" CONTENT="s" HPOS="1890" VPOS="943" WIDTH="0" HEIGHT="94" GC="0.9993">
                                <Shape>
                                    <Polygon POINTS="1890 943 1890 1037 1890 1037 1890 943"/>
                                </Shape>
                            </Glyph>
                            <Glyph ID="char_216" CONTENT="t" HPOS="1924" VPOS="937" WIDTH="0" HEIGHT="75" GC="0.9999">
                                <Shape>
                                    <Polygon POINTS="1924 937 1924 1012 1924 1012 1924 937"/>
                                </Shape>
                            </Glyph>
                        </String>
                        <SP ID="segment_62" HPOS="1933"  VPOS="934" WIDTH="8"  HEIGHT="79"/>
                        <String ID="segment_63" CONTENT="ledit" HPOS="1950" VPOS="921" WIDTH="137" HEIGHT="100" WC="0.9859">
                            <Shape>
                                <Polygon POINTS="1950 933 1950 1014 2087 1019 2087 962"/>
                            </Shape>
                            <Glyph ID="char_218" CONTENT="l" HPOS="1950" VPOS="933" WIDTH="0" HEIGHT="81" GC="0.9385">
                                <Shape>
                                    <Polygon POINTS="1950 933 1950 1014 1950 1014 1950 933"/>
                                </Shape>
                            </Glyph>
                            <Glyph ID="char_219" CONTENT="e" HPOS="1984" VPOS="927" WIDTH="0" HEIGHT="89" GC="0.9953">
                                <Shape>
                                    <Polygon POINTS="1984 927 1984 1016 1984 1016 1984 927"/>
                                </Shape>
                            </Glyph>
                            <Glyph ID="char_220" CONTENT="d" HPOS="2019" VPOS="921" WIDTH="0" HEIGHT="98" GC="0.9997">
                                <Shape>
                                    <Polygon POINTS="2019 921 2019 1019 2019 1019 2019 921"/>
                                </Shape>
                            </Glyph>
                            <Glyph ID="char_221" CONTENT="i" HPOS="2062" VPOS="944" WIDTH="0" HEIGHT="77" GC="0.9982">
                                <Shape>
                                    <Polygon POINTS="2062 944 2062 1021 2062 1021 2062 944"/>
                                </Shape>
                            </Glyph>
                            <Glyph ID="char_222" CONTENT="t" HPOS="2087" VPOS="962" WIDTH="0" HEIGHT="57" GC="0.9979">
                                <Shape>
                                    <Polygon POINTS="2087 962 2087 1019 2087 1019 2087 962"/>
                                </Shape>
                            </Glyph>
                        </String>
                        <SP ID="segment_64" HPOS="2122"  VPOS="948" WIDTH="8"  HEIGHT="65"/>
                        <String ID="segment_65" CONTENT="S^r" HPOS="2139" VPOS="941" WIDTH="103" HEIGHT="74" WC="0.9956">
                            <Shape>
                                <Polygon POINTS="2139 945 2139 1015 2242 1010 2242 947"/>
                            </Shape>
                            <Glyph ID="char_224" CONTENT="S" HPOS="2139" VPOS="945" WIDTH="0" HEIGHT="70" GC="0.9998">
                                <Shape>
                                    <Polygon POINTS="2139 945 2139 1015 2139 1015 2139 945"/>
                                </Shape>
                            </Glyph>
                            <Glyph ID="char_225" CONTENT="^" HPOS="2207" VPOS="941" WIDTH="17" HEIGHT="69" GC="0.9956">
                                <Shape>
                                    <Polygon POINTS="2207 947 2207 1010 2224 1010 2224 941"/>
                                </Shape>
                            </Glyph>
                            <Glyph ID="char_226" CONTENT="r" HPOS="2233" VPOS="944" WIDTH="9" HEIGHT="66" GC="0.9914">
                                <Shape>
                                    <Polygon POINTS="2233 944 2233 1010 2242 1010 2242 947"/>
                                </Shape>
                            </Glyph>
                        </String>
                        <SP ID="segment_66" HPOS="2284"  VPOS="961" WIDTH="9"  HEIGHT="61"/>
                        <String ID="segment_67" CONTENT="Gourgue" HPOS="2310" VPOS="928" WIDTH="214" HEIGHT="117" WC="0.8939">
                            <Shape>
                                <Polygon POINTS="2310 959 2310 1036 2524 1033 2524 960"/>
                            </Shape>
                            <Glyph ID="char_228" CONTENT="G" HPOS="2310" VPOS="959" WIDTH="0" HEIGHT="77" GC="0.8275">
                                <Shape>
                                    <Polygon POINTS="2310 959 2310 1036 2310 1036 2310 959"/>
                                </Shape>
                            </Glyph>
                            <Glyph ID="char_229" CONTENT="o" HPOS="2353" VPOS="939" WIDTH="0" HEIGHT="106" GC="0.9886">
                                <Shape>
                                    <Polygon POINTS="2353 939 2353 1045 2353 1045 2353 939"/>
                                </Shape>
                            </Glyph>
                            <Glyph ID="char_230" CONTENT="u" HPOS="2379" VPOS="928" WIDTH="8" HEIGHT="117" GC="0.8658">
                                <Shape>
                                    <Polygon POINTS="2379 928 2379 1045 2387 1045 2387 930"/>
                                </Shape>
                            </Glyph>
                            <Glyph ID="char_231" CONTENT="r" HPOS="2422" VPOS="957" WIDTH="0" HEIGHT="88" GC="0.9976">
                                <Shape>
                                    <Polygon POINTS="2422 957 2422 1045 2422 1045 2422 957"/>
                                </Shape>
                            </Glyph>
                            <Glyph ID="char_232" CONTENT="g" HPOS="2456" VPOS="964" WIDTH="0" HEIGHT="63" GC="0.9931">
                                <Shape>
                                    <Polygon POINTS="2456 964 2456 1027 2456 1027 2456 964"/>
                                </Shape>
                            </Glyph>
                            <Glyph ID="char_233" CONTENT="u" HPOS="2490" VPOS="962" WIDTH="0" HEIGHT="68" GC="0.5925">
                                <Shape>
                                    <Polygon POINTS="2490 962 2490 1030 2490 1030 2490 962"/>
                                </Shape>
                            </Glyph>
                            <Glyph ID="char_234" CONTENT="e" HPOS="2524" VPOS="960" WIDTH="0" HEIGHT="73" GC="0.992">
                                <Shape>
                                    <Polygon POINTS="2524 960 2524 1033 2524 1033 2524 960"/>
                                </Shape>
                            </Glyph>
                        </String>
                    </TextLine>

                    <TextLine ID="322dff43-7c3f-436d-9220-00c0d0d51f9f" HPOS="1000.0" VPOS="1059.0" WIDTH="1588.0" HEIGHT="124.0" BASELINE="1000.0 1128.0 2588.0 1125.0" TAGREFS="LINE_TYPE_1">
                        <Shape>
                            <Polygon POINTS="1000.0 1183.0 1148.0 1158.0 1416.0 1175.0 1419.0 1175.0 1421.0 1175.0 1452.0 1161.0 1468.0 1175.0 1470.0 1175.0 1472.0 1175.0 1621.0 1181.0 1623.0 1181.0 1625.0 1181.0 1705.0 1144.0 2112.0 1144.0 2173.0 1181.0 2175.0 1181.0 2178.0 1181.0 2180.0 1183.0 2270.0 1183.0 2270.0 1181.0 2272.0 1181.0 2336.0 1146.0 2454.0 1144.0 2495.0 1161.0 2497.0 1161.0 2499.0 1161.0 2586.0 1142.0 2588.0 1125.0 2586.0 1080.0 2565.0 1064.0 2563.0 1064.0 2561.0 1064.0 2559.0 1064.0 2557.0 1064.0 2505.0 1090.0 2297.0 1090.0 2217.0 1059.0 2215.0 1059.0 2213.0 1059.0 2163.0 1070.0 2118.0 1059.0 2116.0 1059.0 2114.0 1059.0 2112.0 1059.0 2089.0 1072.0 2076.0 1059.0 2074.0 1059.0 2072.0 1059.0 1975.0 1059.0 1973.0 1059.0 1971.0 1059.0 1969.0 1059.0 1922.0 1090.0 1730.0 1090.0 1691.0 1059.0 1689.0 1059.0 1687.0 1059.0 1507.0 1059.0 1505.0 1059.0 1503.0 1059.0 1501.0 1059.0 1485.0 1072.0 1404.0 1062.0 1402.0 1062.0 1400.0 1062.0 1348.0 1084.0 1309.0 1064.0 1307.0 1064.0 1305.0 1064.0 1303.0 1064.0 1301.0 1064.0 1282.0 1076.0 1237.0 1070.0 1235.0 1070.0 1233.0 1070.0 1231.0 1070.0 1202.0 1088.0 1138.0 1078.0 1136.0 1078.0 1025.0 1088.0 1002.0 1074.0 1000.0 1128.0 1000.0 1183.0"/>
                        </Shape>
                        <String ID="segment_68" CONTENT="pramet" HPOS="1084" VPOS="1071" WIDTH="185" HEIGHT="98" WC="0.9993">
                            <Shape>
                                <Polygon POINTS="1084 1083 1084 1169 1269 1166 1269 1074"/>
                            </Shape>
                            <Glyph ID="char_235" CONTENT="p" HPOS="1084" VPOS="1083" WIDTH="0" HEIGHT="86" GC="1.0">
                                <Shape>
                                    <Polygon POINTS="1084 1083 1084 1169 1084 1169 1084 1083"/>
                                </Shape>
                            </Glyph>
                            <Glyph ID="char_236" CONTENT="r" HPOS="1151" VPOS="1080" WIDTH="0" HEIGHT="78" GC="1.0">
                                <Shape>
                                    <Polygon POINTS="1151 1080 1151 1158 1151 1158 1151 1080"/>
                                </Shape>
                            </Glyph>
                            <Glyph ID="char_237" CONTENT="a" HPOS="1177" VPOS="1084" WIDTH="0" HEIGHT="76" GC="0.9994">
                                <Shape>
                                    <Polygon POINTS="1177 1084 1177 1160 1177 1160 1177 1084"/>
                                </Shape>
                            </Glyph>
                            <Glyph ID="char_238" CONTENT="m" HPOS="1219" VPOS="1078" WIDTH="0" HEIGHT="85" GC="0.9992">
                                <Shape>
                                    <Polygon POINTS="1219 1078 1219 1163 1219 1163 1219 1078"/>
                                </Shape>
                            </Glyph>
                            <Glyph ID="char_239" CONTENT="e" HPOS="1244" VPOS="1071" WIDTH="0" HEIGHT="93" GC="0.9975">
                                <Shape>
                                    <Polygon POINTS="1244 1071 1244 1164 1244 1164 1244 1071"/>
                                </Shape>
                            </Glyph>
                            <Glyph ID="char_240" CONTENT="t" HPOS="1269" VPOS="1074" WIDTH="0" HEIGHT="92" GC="1.0">
                                <Shape>
                                    <Polygon POINTS="1269 1074 1269 1166 1269 1166 1269 1074"/>
                                </Shape>
                            </Glyph>
                        </String>
                        <SP ID="segment_69" HPOS="1311"  VPOS="1065" WIDTH="8"  HEIGHT="104"/>
                        <String ID="segment_70" CONTENT="et" HPOS="1328" VPOS="1074" WIDTH="34" HEIGHT="98" WC="1.0">
                            <Shape>
                                <Polygon POINTS="1328 1074 1328 1169 1362 1172 1362 1078"/>
                            </Shape>
                            <Glyph ID="char_242" CONTENT="e" HPOS="1328" VPOS="1074" WIDTH="0" HEIGHT="95" GC="1.0">
                                <Shape>
                                    <Polygon POINTS="1328 1074 1328 1169 1328 1169 1328 1074"/>
                                </Shape>
                            </Glyph>
                            <Glyph ID="char_243" CONTENT="t" HPOS="1362" VPOS="1078" WIDTH="0" HEIGHT="94" GC="1.0">
                                <Shape>
                                    <Polygon POINTS="1362 1078 1362 1172 1362 1172 1362 1078"/>
                                </Shape>
                            </Glyph>
                        </String>
                        <SP ID="segment_71" HPOS="1395"  VPOS="1062" WIDTH="9"  HEIGHT="112"/>
                        <String ID="segment_72" CONTENT="s&#39;oblige" HPOS="1420" VPOS="1059" WIDTH="261" HEIGHT="122" WC="0.9924">
                            <Shape>
                                <Polygon POINTS="1420 1064 1420 1175 1681 1155 1681 1059"/>
                            </Shape>
                            <Glyph ID="char_245" CONTENT="s" HPOS="1420" VPOS="1064" WIDTH="0" HEIGHT="111" GC="0.995">
                                <Shape>
                                    <Polygon POINTS="1420 1064 1420 1175 1420 1175 1420 1064"/>
                                </Shape>
                            </Glyph>
                            <Glyph ID="char_246" CONTENT="&#39;" HPOS="1504" VPOS="1059" WIDTH="9" HEIGHT="118" GC="0.9948">
                                <Shape>
                                    <Polygon POINTS="1504 1059 1504 1176 1513 1177 1513 1059"/>
                                </Shape>
                            </Glyph>
                            <Glyph ID="char_247" CONTENT="o" HPOS="1530" VPOS="1059" WIDTH="0" HEIGHT="118" GC="0.9992">
                                <Shape>
                                    <Polygon POINTS="1530 1059 1530 1177 1530 1177 1530 1059"/>
                                </Shape>
                            </Glyph>
                            <Glyph ID="char_248" CONTENT="b" HPOS="1563" VPOS="1059" WIDTH="0" HEIGHT="120" GC="1.0">
                                <Shape>
                                    <Polygon POINTS="1563 1059 1563 1179 1563 1179 1563 1059"/>
                                </Shape>
                            </Glyph>
                            <Glyph ID="char_249" CONTENT="l" HPOS="1605" VPOS="1059" WIDTH="0" HEIGHT="121" GC="0.9935">
                                <Shape>
                                    <Polygon POINTS="1605 1059 1605 1180 1605 1180 1605 1059"/>
                                </Shape>
                            </Glyph>
                            <Glyph ID="char_250" CONTENT="i" HPOS="1622" VPOS="1059" WIDTH="0" HEIGHT="122" GC="0.9583">
                                <Shape>
                                    <Polygon POINTS="1622 1059 1622 1181 1622 1181 1622 1059"/>
                                </Shape>
                            </Glyph>
                            <Glyph ID="char_251" CONTENT="g" HPOS="1647" VPOS="1059" WIDTH="0" HEIGHT="112" GC="0.9991">
                                <Shape>
                                    <Polygon POINTS="1647 1059 1647 1171 1647 1171 1647 1059"/>
                                </Shape>
                            </Glyph>
                            <Glyph ID="char_252" CONTENT="e" HPOS="1681" VPOS="1059" WIDTH="0" HEIGHT="96" GC="0.9996">
                                <Shape>
                                    <Polygon POINTS="1681 1059 1681 1155 1681 1155 1681 1059"/>
                                </Shape>
                            </Glyph>
                        </String>
                        <SP ID="segment_73" HPOS="1723"  VPOS="1084" WIDTH="8"  HEIGHT="60"/>
                        <String ID="segment_74" CONTENT="envers" HPOS="1740" VPOS="1090" WIDTH="168" HEIGHT="54" WC="0.9969">
                            <Shape>
                                <Polygon POINTS="1740 1090 1740 1144 1908 1144 1908 1090"/>
                            </Shape>
                            <Glyph ID="char_254" CONTENT="e" HPOS="1740" VPOS="1090" WIDTH="0" HEIGHT="54" GC="0.9954">
                                <Shape>
                                    <Polygon POINTS="1740 1090 1740 1144 1740 1144 1740 1090"/>
                                </Shape>
                            </Glyph>
                            <Glyph ID="char_255" CONTENT="n" HPOS="1782" VPOS="1090" WIDTH="0" HEIGHT="54" GC="1.0">
                                <Shape>
                                    <Polygon POINTS="1782 1090 1782 1144 1782 1144 1782 1090"/>
                                </Shape>
                            </Glyph>
                            <Glyph ID="char_256" CONTENT="v" HPOS="1824" VPOS="1090" WIDTH="0" HEIGHT="54" GC="0.9937">
                                <Shape>
                                    <Polygon POINTS="1824 1090 1824 1144 1824 1144 1824 1090"/>
                                </Shape>
                            </Glyph>
                            <Glyph ID="char_257" CONTENT="e" HPOS="1849" VPOS="1090" WIDTH="0" HEIGHT="54" GC="0.9999">
                                <Shape>
                                    <Polygon POINTS="1849 1090 1849 1144 1849 1144 1849 1090"/>
                                </Shape>
                            </Glyph>
                            <Glyph ID="char_258" CONTENT="r" HPOS="1874" VPOS="1090" WIDTH="0" HEIGHT="54" GC="0.993">
                                <Shape>
                                    <Polygon POINTS="1874 1090 1874 1144 1874 1144 1874 1090"/>
                                </Shape>
                            </Glyph>
                            <Glyph ID="char_259" CONTENT="s" HPOS="1908" VPOS="1090" WIDTH="0" HEIGHT="54" GC="0.9994">
                                <Shape>
                                    <Polygon POINTS="1908 1090 1908 1144 1908 1144 1908 1090"/>
                                </Shape>
                            </Glyph>
                        </String>
                        <SP ID="segment_75" HPOS="1942"  VPOS="1072" WIDTH="8"  HEIGHT="72"/>
                        <String ID="segment_76" CONTENT="ledit" HPOS="1958" VPOS="1059" WIDTH="160" HEIGHT="89" WC="0.9041">
                            <Shape>
                                <Polygon POINTS="1958 1066 1958 1144 2118 1148 2118 1059"/>
                            </Shape>
                            <Glyph ID="char_261" CONTENT="l" HPOS="1958" VPOS="1066" WIDTH="0" HEIGHT="78" GC="0.9998">
                                <Shape>
                                    <Polygon POINTS="1958 1066 1958 1144 1958 1144 1958 1066"/>
                                </Shape>
                            </Glyph>
                            <Glyph ID="char_262" CONTENT="e" HPOS="1992" VPOS="1059" WIDTH="0" HEIGHT="85" GC="0.5432">
                                <Shape>
                                    <Polygon POINTS="1992 1059 1992 1144 1992 1144 1992 1059"/>
                                </Shape>
                            </Glyph>
                            <Glyph ID="char_263" CONTENT="d" HPOS="2043" VPOS="1059" WIDTH="0" HEIGHT="85" GC="0.9817">
                                <Shape>
                                    <Polygon POINTS="2043 1059 2043 1144 2043 1144 2043 1059"/>
                                </Shape>
                            </Glyph>
                            <Glyph ID="char_264" CONTENT="i" HPOS="2101" VPOS="1065" WIDTH="0" HEIGHT="79" GC="0.9968">
                                <Shape>
                                    <Polygon POINTS="2101 1065 2101 1144 2101 1144 2101 1065"/>
                                </Shape>
                            </Glyph>
                            <Glyph ID="char_265" CONTENT="t" HPOS="2118" VPOS="1059" WIDTH="0" HEIGHT="89" GC="0.9987">
                                <Shape>
                                    <Polygon POINTS="2118 1059 2118 1148 2118 1148 2118 1059"/>
                                </Shape>
                            </Glyph>
                        </String>
                        <SP ID="segment_77" HPOS="2152"  VPOS="1067" WIDTH="8"  HEIGHT="106"/>
                        <String ID="segment_78" CONTENT="Augustin" HPOS="2169" VPOS="1069" WIDTH="285" HEIGHT="112" WC="0.9814">
                            <Shape>
                                <Polygon POINTS="2169 1069 2169 1179 2454 1144 2454 1090"/>
                            </Shape>
                            <Glyph ID="char_267" CONTENT="A" HPOS="2169" VPOS="1069" WIDTH="0" HEIGHT="110" GC="0.9978">
                                <Shape>
                                    <Polygon POINTS="2169 1069 2169 1179 2169 1179 2169 1069"/>
                                </Shape>
                            </Glyph>
                            <Glyph ID="char_268" CONTENT="u" HPOS="2270" VPOS="1080" WIDTH="0" HEIGHT="101" GC="0.9953">
                                <Shape>
                                    <Polygon POINTS="2270 1080 2270 1181 2270 1181 2270 1080"/>
                                </Shape>
                            </Glyph>
                            <Glyph ID="char_269" CONTENT="g" HPOS="2303" VPOS="1090" WIDTH="0" HEIGHT="74" GC="0.9132">
                                <Shape>
                                    <Polygon POINTS="2303 1090 2303 1164 2303 1164 2303 1090"/>
                                </Shape>
                            </Glyph>
                            <Glyph ID="char_270" CONTENT="u" HPOS="2345" VPOS="1090" WIDTH="0" HEIGHT="56" GC="0.9878">
                                <Shape>
                                    <Polygon POINTS="2345 1090 2345 1146 2345 1146 2345 1090"/>
                                </Shape>
                            </Glyph>
                            <Glyph ID="char_271" CONTENT="s" HPOS="2379" VPOS="1090" WIDTH="0" HEIGHT="55" GC="0.9992">
                                <Shape>
                                    <Polygon POINTS="2379 1090 2379 1145 2379 1145 2379 1090"/>
                                </Shape>
                            </Glyph>
                            <Glyph ID="char_272" CONTENT="t" HPOS="2412" VPOS="1090" WIDTH="0" HEIGHT="55" GC="0.9622">
                                <Shape>
                                    <Polygon POINTS="2412 1090 2412 1145 2412 1145 2412 1090"/>
                                </Shape>
                            </Glyph>
                            <Glyph ID="char_273" CONTENT="i" HPOS="2421" VPOS="1090" WIDTH="8" HEIGHT="55" GC="0.9963">
                                <Shape>
                                    <Polygon POINTS="2421 1090 2421 1145 2429 1144 2429 1090"/>
                                </Shape>
                            </Glyph>
                            <Glyph ID="char_274" CONTENT="n" HPOS="2454" VPOS="1090" WIDTH="0" HEIGHT="54" GC="0.9992">
                                <Shape>
                                    <Polygon POINTS="2454 1090 2454 1144 2454 1144 2454 1090"/>
                                </Shape>
                            </Glyph>
                        </String>
                    </TextLine>

                    <TextLine ID="7f852dcc-a1fc-44ae-83ce-85e20733061f" HPOS="1062.0" VPOS="1187.0" WIDTH="1549.0" HEIGHT="120.0" BASELINE="1064.0 1245.0 1584.0 1264.0 2611.0 1268.0" TAGREFS="LINE_TYPE_1">
                        <Shape>
                            <Polygon POINTS="1064.0 1245.0 1062.0 1266.0 1266.0 1274.0 1297.0 1301.0 1299.0 1301.0 1301.0 1301.0 1303.0 1301.0 1408.0 1282.0 1435.0 1303.0 1437.0 1303.0 1439.0 1303.0 1441.0 1305.0 1563.0 1305.0 1563.0 1303.0 1565.0 1303.0 1602.0 1288.0 1802.0 1305.0 1804.0 1305.0 1806.0 1305.0 1864.0 1282.0 1928.0 1307.0 1930.0 1307.0 1932.0 1307.0 1934.0 1307.0 1969.0 1290.0 1990.0 1303.0 1992.0 1303.0 1994.0 1303.0 1996.0 1303.0 1998.0 1303.0 2000.0 1303.0 2019.0 1286.0 2202.0 1280.0 2219.0 1290.0 2221.0 1290.0 2223.0 1290.0 2225.0 1290.0 2497.0 1282.0 2555.0 1297.0 2557.0 1297.0 2559.0 1297.0 2561.0 1297.0 2609.0 1280.0 2611.0 1268.0 2609.0 1233.0 2569.0 1233.0 2534.0 1202.0 2532.0 1202.0 2530.0 1202.0 2528.0 1202.0 2526.0 1202.0 2419.0 1231.0 2382.0 1214.0 2380.0 1214.0 2378.0 1214.0 2320.0 1214.0 2301.0 1200.0 2299.0 1200.0 2297.0 1200.0 2295.0 1200.0 2293.0 1200.0 2196.0 1229.0 2041.0 1229.0 2004.0 1196.0 2002.0 1196.0 2000.0 1196.0 1924.0 1196.0 1922.0 1196.0 1920.0 1196.0 1918.0 1196.0 1881.0 1224.0 1738.0 1224.0 1695.0 1194.0 1693.0 1194.0 1691.0 1194.0 1689.0 1194.0 1579.0 1200.0 1577.0 1200.0 1575.0 1200.0 1557.0 1214.0 1518.0 1191.0 1515.0 1191.0 1513.0 1191.0 1511.0 1191.0 1441.0 1220.0 1392.0 1210.0 1390.0 1210.0 1388.0 1210.0 1357.0 1218.0 1284.0 1189.0 1282.0 1189.0 1233.0 1187.0 1231.0 1187.0 1064.0 1216.0 1064.0 1245.0"/>
                        </Shape>
                        <String ID="segment_79" CONTENT="mulatre" HPOS="1133" VPOS="1187" WIDTH="181" HEIGHT="113" WC="0.9919">
                            <Shape>
                                <Polygon POINTS="1136 1204 1133 1269 1310 1300 1314 1201"/>
                            </Shape>
                            <Glyph ID="char_275" CONTENT="m" HPOS="1133" VPOS="1204" WIDTH="3" HEIGHT="65" GC="0.9994">
                                <Shape>
                                    <Polygon POINTS="1136 1204 1133 1269 1133 1269 1136 1204"/>
                                </Shape>
                            </Glyph>
                            <Glyph ID="char_276" CONTENT="u" HPOS="1171" VPOS="1197" WIDTH="3" HEIGHT="73" GC="0.9457">
                                <Shape>
                                    <Polygon POINTS="1174 1197 1171 1270 1171 1270 1174 1197"/>
                                </Shape>
                            </Glyph>
                            <Glyph ID="char_277" CONTENT="l" HPOS="1202" VPOS="1192" WIDTH="3" HEIGHT="79" GC="0.9991">
                                <Shape>
                                    <Polygon POINTS="1205 1192 1202 1271 1202 1271 1205 1192"/>
                                </Shape>
                            </Glyph>
                            <Glyph ID="char_278" CONTENT="a" HPOS="1233" VPOS="1187" WIDTH="3" HEIGHT="86" GC="0.9999">
                                <Shape>
                                    <Polygon POINTS="1236 1187 1233 1273 1233 1273 1236 1187"/>
                                </Shape>
                            </Glyph>
                            <Glyph ID="char_279" CONTENT="t" HPOS="1264" VPOS="1188" WIDTH="3" HEIGHT="86" GC="0.9991">
                                <Shape>
                                    <Polygon POINTS="1267 1188 1264 1274 1264 1274 1267 1188"/>
                                </Shape>
                            </Glyph>
                            <Glyph ID="char_280" CONTENT="r" HPOS="1286" VPOS="1191" WIDTH="4" HEIGHT="101" GC="0.9999">
                                <Shape>
                                    <Polygon POINTS="1290 1191 1286 1292 1286 1292 1290 1191"/>
                                </Shape>
                            </Glyph>
                            <Glyph ID="char_281" CONTENT="e" HPOS="1310" VPOS="1201" WIDTH="4" HEIGHT="99" GC="1.0">
                                <Shape>
                                    <Polygon POINTS="1314 1201 1310 1300 1310 1300 1314 1201"/>
                                </Shape>
                            </Glyph>
                        </String>
                        <SP ID="segment_80" HPOS="1333"  VPOS="1210" WIDTH="11"  HEIGHT="86"/>
                        <String ID="segment_81" CONTENT="de" HPOS="1357" VPOS="1213" WIDTH="49" HEIGHT="78" WC="0.9999">
                            <Shape>
                                <Polygon POINTS="1359 1217 1357 1291 1404 1283 1406 1213"/>
                            </Shape>
                            <Glyph ID="char_283" CONTENT="d" HPOS="1357" VPOS="1217" WIDTH="2" HEIGHT="74" GC="0.9999">
                                <Shape>
                                    <Polygon POINTS="1359 1217 1357 1291 1357 1291 1359 1217"/>
                                </Shape>
                            </Glyph>
                            <Glyph ID="char_284" CONTENT="e" HPOS="1404" VPOS="1213" WIDTH="2" HEIGHT="70" GC="0.9999">
                                <Shape>
                                    <Polygon POINTS="1406 1213 1404 1283 1404 1283 1406 1213"/>
                                </Shape>
                            </Glyph>
                        </String>
                        <SP ID="segment_82" HPOS="1426"  VPOS="1218" WIDTH="3"  HEIGHT="78"/>
                        <String ID="segment_83" CONTENT="lui" HPOS="1441" VPOS="1196" WIDTH="58" HEIGHT="109" WC="0.9992">
                            <Shape>
                                <Polygon POINTS="1444 1219 1441 1305 1495 1305 1499 1196"/>
                            </Shape>
                            <Glyph ID="char_286" CONTENT="l" HPOS="1441" VPOS="1219" WIDTH="3" HEIGHT="86" GC="1.0">
                                <Shape>
                                    <Polygon POINTS="1444 1219 1441 1305 1441 1305 1444 1219"/>
                                </Shape>
                            </Glyph>
                            <Glyph ID="char_287" CONTENT="u" HPOS="1472" VPOS="1206" WIDTH="4" HEIGHT="99" GC="1.0">
                                <Shape>
                                    <Polygon POINTS="1476 1206 1472 1305 1472 1305 1476 1206"/>
                                </Shape>
                            </Glyph>
                            <Glyph ID="char_288" CONTENT="i" HPOS="1495" VPOS="1196" WIDTH="4" HEIGHT="109" GC="0.9978">
                                <Shape>
                                    <Polygon POINTS="1499 1196 1495 1305 1495 1305 1499 1196"/>
                                </Shape>
                            </Glyph>
                        </String>
                        <SP ID="segment_84" HPOS="1550"  VPOS="1211" WIDTH="11"  HEIGHT="94"/>
                        <String ID="segment_85" CONTENT="faire" HPOS="1573" VPOS="1194" WIDTH="141" HEIGHT="106" WC="1.0">
                            <Shape>
                                <Polygon POINTS="1577 1200 1573 1300 1714 1297 1714 1207"/>
                            </Shape>
                            <Glyph ID="char_290" CONTENT="f" HPOS="1573" VPOS="1200" WIDTH="4" HEIGHT="100" GC="1.0">
                                <Shape>
                                    <Polygon POINTS="1577 1200 1573 1300 1573 1300 1577 1200"/>
                                </Shape>
                            </Glyph>
                            <Glyph ID="char_291" CONTENT="a" HPOS="1629" VPOS="1197" WIDTH="0" HEIGHT="93" GC="1.0">
                                <Shape>
                                    <Polygon POINTS="1629 1197 1629 1290 1629 1290 1629 1197"/>
                                </Shape>
                            </Glyph>
                            <Glyph ID="char_292" CONTENT="i" HPOS="1652" VPOS="1196" WIDTH="8" HEIGHT="97" GC="0.9999">
                                <Shape>
                                    <Polygon POINTS="1652 1196 1652 1292 1660 1293 1660 1196"/>
                                </Shape>
                            </Glyph>
                            <Glyph ID="char_293" CONTENT="r" HPOS="1683" VPOS="1194" WIDTH="0" HEIGHT="101" GC="1.0">
                                <Shape>
                                    <Polygon POINTS="1683 1194 1683 1295 1683 1295 1683 1194"/>
                                </Shape>
                            </Glyph>
                            <Glyph ID="char_294" CONTENT="e" HPOS="1706" VPOS="1202" WIDTH="8" HEIGHT="95" GC="1.0">
                                <Shape>
                                    <Polygon POINTS="1706 1202 1706 1297 1714 1297 1714 1207"/>
                                </Shape>
                            </Glyph>
                        </String>
                        <SP ID="segment_86" HPOS="1737"  VPOS="1223" WIDTH="8"  HEIGHT="77"/>
                        <String ID="segment_87" CONTENT="apprendre" HPOS="1761" VPOS="1196" WIDTH="263" HEIGHT="109" WC="0.9989">
                            <Shape>
                                <Polygon POINTS="1761 1224 1761 1301 2024 1286 2024 1214"/>
                            </Shape>
                            <Glyph ID="char_296" CONTENT="a" HPOS="1761" VPOS="1224" WIDTH="0" HEIGHT="77" GC="0.9922">
                                <Shape>
                                    <Polygon POINTS="1761 1224 1761 1301 1761 1301 1761 1224"/>
                                </Shape>
                            </Glyph>
                            <Glyph ID="char_297" CONTENT="p" HPOS="1798" VPOS="1224" WIDTH="1" HEIGHT="81" GC="1.0">
                                <Shape>
                                    <Polygon POINTS="1799 1224 1798 1305 1798 1305 1799 1224"/>
                                </Shape>
                            </Glyph>
                            <Glyph ID="char_298" CONTENT="p" HPOS="1830" VPOS="1224" WIDTH="0" HEIGHT="72" GC="0.9998">
                                <Shape>
                                    <Polygon POINTS="1830 1224 1830 1296 1830 1296 1830 1224"/>
                                </Shape>
                            </Glyph>
                            <Glyph ID="char_299" CONTENT="r" HPOS="1884" VPOS="1222" WIDTH="0" HEIGHT="68" GC="1.0">
                                <Shape>
                                    <Polygon POINTS="1884 1222 1884 1290 1884 1290 1884 1222"/>
                                </Shape>
                            </Glyph>
                            <Glyph ID="char_300" CONTENT="e" HPOS="1908" VPOS="1204" WIDTH="0" HEIGHT="95" GC="1.0">
                                <Shape>
                                    <Polygon POINTS="1908 1204 1908 1299 1908 1299 1908 1204"/>
                                </Shape>
                            </Glyph>
                            <Glyph ID="char_301" CONTENT="n" HPOS="1938" VPOS="1196" WIDTH="1" HEIGHT="109" GC="0.9999">
                                <Shape>
                                    <Polygon POINTS="1939 1196 1938 1305 1938 1305 1939 1196"/>
                                </Shape>
                            </Glyph>
                            <Glyph ID="char_302" CONTENT="d" HPOS="1977" VPOS="1196" WIDTH="0" HEIGHT="99" GC="0.9989">
                                <Shape>
                                    <Polygon POINTS="1977 1196 1977 1295 1977 1295 1977 1196"/>
                                </Shape>
                            </Glyph>
                            <Glyph ID="char_303" CONTENT="r" HPOS="2008" VPOS="1199" WIDTH="0" HEIGHT="97" GC="0.9998">
                                <Shape>
                                    <Polygon POINTS="2008 1199 2008 1296 2008 1296 2008 1199"/>
                                </Shape>
                            </Glyph>
                            <Glyph ID="char_304" CONTENT="e" HPOS="2024" VPOS="1214" WIDTH="0" HEIGHT="72" GC="0.9999">
                                <Shape>
                                    <Polygon POINTS="2024 1214 2024 1286 2024 1286 2024 1214"/>
                                </Shape>
                            </Glyph>
                        </String>
                        <SP ID="segment_88" HPOS="2047"  VPOS="1229" WIDTH="0"  HEIGHT="56"/>
                        <String ID="segment_89" CONTENT="un" HPOS="2070" VPOS="1229" WIDTH="39" HEIGHT="55" WC="1.0">
                            <Shape>
                                <Polygon POINTS="2070 1229 2070 1284 2109 1283 2109 1229"/>
                            </Shape>
                            <Glyph ID="char_306" CONTENT="u" HPOS="2070" VPOS="1229" WIDTH="0" HEIGHT="55" GC="1.0">
                                <Shape>
                                    <Polygon POINTS="2070 1229 2070 1284 2070 1284 2070 1229"/>
                                </Shape>
                            </Glyph>
                            <Glyph ID="char_307" CONTENT="n" HPOS="2109" VPOS="1229" WIDTH="0" HEIGHT="54" GC="1.0">
                                <Shape>
                                    <Polygon POINTS="2109 1229 2109 1283 2109 1283 2109 1229"/>
                                </Shape>
                            </Glyph>
                        </String>
                        <SP ID="segment_90" HPOS="2148"  VPOS="1229" WIDTH="7"  HEIGHT="53"/>
                        <String ID="segment_91" CONTENT="Métier" HPOS="2171" VPOS="1201" WIDTH="217" HEIGHT="88" WC="0.9768">
                            <Shape>
                                <Polygon POINTS="2171 1229 2171 1281 2388 1285 2388 1217"/>
                            </Shape>
                            <Glyph ID="char_309" CONTENT="M" HPOS="2171" VPOS="1229" WIDTH="0" HEIGHT="52" GC="0.9999">
                                <Shape>
                                    <Polygon POINTS="2171 1229 2171 1281 2171 1281 2171 1229"/>
                                </Shape>
                            </Glyph>
                            <Glyph ID="char_310" CONTENT="e" HPOS="2271" VPOS="1207" WIDTH="0" HEIGHT="82" GC="0.9921">
                                <Shape>
                                    <Polygon POINTS="2271 1207 2271 1289 2271 1289 2271 1207"/>
                                </Shape>
                            </Glyph>
                            <Glyph ID="char_311" CONTENT="́" HPOS="2279" VPOS="1204" WIDTH="0" HEIGHT="84" GC="0.9636">
                                <Shape>
                                    <Polygon POINTS="2279 1204 2279 1288 2279 1288 2279 1204"/>
                                </Shape>
                            </Glyph>
                            <Glyph ID="char_312" CONTENT="t" HPOS="2302" VPOS="1201" WIDTH="0" HEIGHT="87" GC="0.9057">
                                <Shape>
                                    <Polygon POINTS="2302 1201 2302 1288 2302 1288 2302 1201"/>
                                </Shape>
                            </Glyph>
                            <Glyph ID="char_313" CONTENT="i" HPOS="2318" VPOS="1212" WIDTH="0" HEIGHT="75" GC="0.9762">
                                <Shape>
                                    <Polygon POINTS="2318 1212 2318 1287 2318 1287 2318 1212"/>
                                </Shape>
                            </Glyph>
                            <Glyph ID="char_314" CONTENT="e" HPOS="2349" VPOS="1214" WIDTH="0" HEIGHT="72" GC="0.9999">
                                <Shape>
                                    <Polygon POINTS="2349 1214 2349 1286 2349 1286 2349 1214"/>
                                </Shape>
                            </Glyph>
                            <Glyph ID="char_315" CONTENT="r" HPOS="2388" VPOS="1217" WIDTH="0" HEIGHT="68" GC="1.0">
                                <Shape>
                                    <Polygon POINTS="2388 1217 2388 1285 2388 1285 2388 1217"/>
                                </Shape>
                            </Glyph>
                        </String>
                        <SP ID="segment_92" HPOS="2434"  VPOS="1225" WIDTH="8"  HEIGHT="59"/>
                        <String ID="segment_93" CONTENT="lors" HPOS="2457" VPOS="1202" WIDTH="116" HEIGHT="91" WC="0.9997">
                            <Shape>
                                <Polygon POINTS="2457 1221 2457 1283 2573 1293 2573 1233"/>
                            </Shape>
                            <Glyph ID="char_317" CONTENT="l" HPOS="2457" VPOS="1221" WIDTH="0" HEIGHT="62" GC="0.9998">
                                <Shape>
                                    <Polygon POINTS="2457 1221 2457 1283 2457 1283 2457 1221"/>
                                </Shape>
                            </Glyph>
                            <Glyph ID="char_318" CONTENT="o" HPOS="2488" VPOS="1212" WIDTH="0" HEIGHT="70" GC="1.0">
                                <Shape>
                                    <Polygon POINTS="2488 1212 2488 1282 2488 1282 2488 1212"/>
                                </Shape>
                            </Glyph>
                            <Glyph ID="char_319" CONTENT="r" HPOS="2527" VPOS="1202" WIDTH="0" HEIGHT="88" GC="0.9997">
                                <Shape>
                                    <Polygon POINTS="2527 1202 2527 1290 2527 1290 2527 1202"/>
                                </Shape>
                            </Glyph>
                            <Glyph ID="char_320" CONTENT="s" HPOS="2573" VPOS="1233" WIDTH="0" HEIGHT="60" GC="0.9993">
                                <Shape>
                                    <Polygon POINTS="2573 1233 2573 1293 2573 1293 2573 1233"/>
                                </Shape>
                            </Glyph>
                        </String>
                    </TextLine>

                    <TextLine ID="054a7e31-4414-4a73-ac48-39bb6bc78dc5" HPOS="1064.0" VPOS="1313.0" WIDTH="1571.0" HEIGHT="151.0" BASELINE="1066.0 1369.0 2635.0 1404.0" TAGREFS="LINE_TYPE_1">
                        <Shape>
                            <Polygon POINTS="1066.0 1369.0 1064.0 1394.0 1089.0 1412.0 1091.0 1412.0 1093.0 1412.0 1095.0 1412.0 1214.0 1396.0 1266.0 1435.0 1268.0 1435.0 1270.0 1435.0 1342.0 1437.0 1344.0 1437.0 1346.0 1437.0 1421.0 1410.0 1460.0 1416.0 1462.0 1416.0 1540.0 1400.0 1614.0 1443.0 1617.0 1443.0 1619.0 1443.0 1621.0 1445.0 1695.0 1445.0 1695.0 1443.0 1697.0 1443.0 1763.0 1410.0 1817.0 1424.0 1819.0 1424.0 1821.0 1424.0 1823.0 1424.0 1852.0 1410.0 1872.0 1429.0 1874.0 1429.0 1876.0 1429.0 1878.0 1429.0 1881.0 1429.0 1936.0 1406.0 1992.0 1437.0 1994.0 1437.0 1996.0 1437.0 1998.0 1437.0 2062.0 1408.0 2326.0 1412.0 2382.0 1460.0 2384.0 1460.0 2386.0 1460.0 2450.0 1462.0 2452.0 1464.0 2487.0 1464.0 2487.0 1462.0 2489.0 1462.0 2491.0 1462.0 2543.0 1420.0 2633.0 1418.0 2635.0 1404.0 2635.0 1365.0 2604.0 1342.0 2602.0 1342.0 2600.0 1342.0 2569.0 1342.0 2567.0 1342.0 2565.0 1342.0 2563.0 1342.0 2524.0 1367.0 2462.0 1363.0 2444.0 1346.0 2442.0 1346.0 2439.0 1346.0 2437.0 1346.0 2359.0 1359.0 2326.0 1344.0 2324.0 1344.0 2246.0 1344.0 2244.0 1344.0 2241.0 1344.0 2186.0 1361.0 2112.0 1354.0 2085.0 1330.0 2083.0 1330.0 2081.0 1330.0 1998.0 1328.0 1951.0 1328.0 1949.0 1328.0 1947.0 1328.0 1944.0 1328.0 1909.0 1354.0 1868.0 1354.0 1815.0 1323.0 1812.0 1323.0 1755.0 1323.0 1753.0 1323.0 1751.0 1323.0 1749.0 1323.0 1724.0 1344.0 1709.0 1334.0 1707.0 1334.0 1705.0 1334.0 1703.0 1334.0 1701.0 1334.0 1699.0 1334.0 1678.0 1348.0 1645.0 1338.0 1643.0 1338.0 1641.0 1338.0 1456.0 1344.0 1410.0 1326.0 1408.0 1326.0 1406.0 1326.0 1295.0 1326.0 1280.0 1315.0 1278.0 1315.0 1276.0 1315.0 1274.0 1315.0 1272.0 1315.0 1225.0 1340.0 1181.0 1340.0 1138.0 1313.0 1136.0 1313.0 1134.0 1313.0 1132.0 1313.0 1130.0 1313.0 1128.0 1313.0 1093.0 1336.0 1066.0 1336.0 1066.0 1369.0"/>
                        </Shape>
                        <String ID="segment_94" CONTENT="que" HPOS="1116" VPOS="1319" WIDTH="79" HEIGHT="90" WC="0.9986">
                            <Shape>
                                <Polygon POINTS="1118 1319 1116 1409 1193 1399 1195 1340"/>
                            </Shape>
                            <Glyph ID="char_321" CONTENT="q" HPOS="1116" VPOS="1319" WIDTH="2" HEIGHT="90" GC="1.0">
                                <Shape>
                                    <Polygon POINTS="1118 1319 1116 1409 1116 1409 1118 1319"/>
                                </Shape>
                            </Glyph>
                            <Glyph ID="char_322" CONTENT="u" HPOS="1168" VPOS="1333" WIDTH="2" HEIGHT="69" GC="0.9958">
                                <Shape>
                                    <Polygon POINTS="1170 1333 1168 1402 1168 1402 1170 1333"/>
                                </Shape>
                            </Glyph>
                            <Glyph ID="char_323" CONTENT="e" HPOS="1193" VPOS="1340" WIDTH="2" HEIGHT="59" GC="1.0">
                                <Shape>
                                    <Polygon POINTS="1195 1340 1193 1399 1193 1399 1195 1340"/>
                                </Shape>
                            </Glyph>
                        </String>
                        <SP ID="segment_95" HPOS="1210"  VPOS="1338" WIDTH="19"  HEIGHT="68"/>
                        <String ID="segment_96" CONTENT="son" HPOS="1244" VPOS="1322" WIDTH="79" HEIGHT="114" WC="0.9418">
                            <Shape>
                                <Polygon POINTS="1246 1329 1244 1418 1321 1436 1323 1326"/>
                            </Shape>
                            <Glyph ID="char_325" CONTENT="s" HPOS="1244" VPOS="1329" WIDTH="2" HEIGHT="89" GC="0.9994">
                                <Shape>
                                    <Polygon POINTS="1246 1329 1244 1418 1244 1418 1246 1329"/>
                                </Shape>
                            </Glyph>
                            <Glyph ID="char_326" CONTENT="o" HPOS="1287" VPOS="1322" WIDTH="11" HEIGHT="114" GC="0.9999">
                                <Shape>
                                    <Polygon POINTS="1289 1322 1287 1435 1296 1436 1298 1326"/>
                                </Shape>
                            </Glyph>
                            <Glyph ID="char_327" CONTENT="n" HPOS="1321" VPOS="1326" WIDTH="2" HEIGHT="110" GC="0.8261">
                                <Shape>
                                    <Polygon POINTS="1323 1326 1321 1436 1321 1436 1323 1326"/>
                                </Shape>
                            </Glyph>
                        </String>
                        <SP ID="segment_97" HPOS="1338"  VPOS="1326" WIDTH="11"  HEIGHT="111"/>
                        <String ID="segment_98" CONTENT="age" HPOS="1373" VPOS="1326" WIDTH="70" HEIGHT="101" WC="0.998">
                            <Shape>
                                <Polygon POINTS="1375 1326 1373 1427 1441 1413 1443 1339"/>
                            </Shape>
                            <Glyph ID="char_329" CONTENT="a" HPOS="1373" VPOS="1326" WIDTH="2" HEIGHT="101" GC="0.9945">
                                <Shape>
                                    <Polygon POINTS="1375 1326 1373 1427 1373 1427 1375 1326"/>
                                </Shape>
                            </Glyph>
                            <Glyph ID="char_330" CONTENT="g" HPOS="1407" VPOS="1326" WIDTH="2" HEIGHT="89" GC="0.9995">
                                <Shape>
                                    <Polygon POINTS="1409 1326 1407 1415 1407 1415 1409 1326"/>
                                </Shape>
                            </Glyph>
                            <Glyph ID="char_331" CONTENT="e" HPOS="1441" VPOS="1339" WIDTH="2" HEIGHT="74" GC="1.0">
                                <Shape>
                                    <Polygon POINTS="1443 1339 1441 1413 1441 1413 1443 1339"/>
                                </Shape>
                            </Glyph>
                        </String>
                        <SP ID="segment_99" HPOS="1475"  VPOS="1343" WIDTH="2"  HEIGHT="70"/>
                        <String ID="segment_100" CONTENT="et" HPOS="1492" VPOS="1342" WIDTH="36" HEIGHT="68" WC="1.0">
                            <Shape>
                                <Polygon POINTS="1494 1343 1492 1410 1526 1403 1528 1342"/>
                            </Shape>
                            <Glyph ID="char_333" CONTENT="e" HPOS="1492" VPOS="1343" WIDTH="2" HEIGHT="67" GC="1.0">
                                <Shape>
                                    <Polygon POINTS="1494 1343 1492 1410 1492 1410 1494 1343"/>
                                </Shape>
                            </Glyph>
                            <Glyph ID="char_334" CONTENT="t" HPOS="1526" VPOS="1342" WIDTH="2" HEIGHT="61" GC="1.0">
                                <Shape>
                                    <Polygon POINTS="1528 1342 1526 1403 1526 1403 1528 1342"/>
                                </Shape>
                            </Glyph>
                        </String>
                        <SP ID="segment_101" HPOS="1561"  VPOS="1340" WIDTH="10"  HEIGHT="77"/>
                        <String ID="segment_102" CONTENT="ses" HPOS="1586" VPOS="1338" WIDTH="79" HEIGHT="107" WC="0.9724">
                            <Shape>
                                <Polygon POINTS="1588 1340 1586 1427 1662 1445 1665 1344"/>
                            </Shape>
                            <Glyph ID="char_336" CONTENT="s" HPOS="1586" VPOS="1340" WIDTH="2" HEIGHT="87" GC="0.9708">
                                <Shape>
                                    <Polygon POINTS="1588 1340 1586 1427 1586 1427 1588 1340"/>
                                </Shape>
                            </Glyph>
                            <Glyph ID="char_337" CONTENT="e" HPOS="1636" VPOS="1338" WIDTH="3" HEIGHT="107" GC="0.9998">
                                <Shape>
                                    <Polygon POINTS="1639 1338 1636 1445 1636 1445 1639 1338"/>
                                </Shape>
                            </Glyph>
                            <Glyph ID="char_338" CONTENT="s" HPOS="1662" VPOS="1344" WIDTH="3" HEIGHT="101" GC="0.9467">
                                <Shape>
                                    <Polygon POINTS="1665 1344 1662 1445 1662 1445 1665 1344"/>
                                </Shape>
                            </Glyph>
                        </String>
                        <SP ID="segment_103" HPOS="1706"  VPOS="1334" WIDTH="10"  HEIGHT="105"/>
                        <String ID="segment_104" CONTENT="forces" HPOS="1731" VPOS="1323" WIDTH="148" HEIGHT="106" WC="0.9996">
                            <Shape>
                                <Polygon POINTS="1733 1337 1731 1426 1877 1429 1879 1354"/>
                            </Shape>
                            <Glyph ID="char_340" CONTENT="f" HPOS="1731" VPOS="1337" WIDTH="2" HEIGHT="89" GC="1.0">
                                <Shape>
                                    <Polygon POINTS="1733 1337 1731 1426 1731 1426 1733 1337"/>
                                </Shape>
                            </Glyph>
                            <Glyph ID="char_341" CONTENT="o" HPOS="1766" VPOS="1323" WIDTH="2" HEIGHT="88" GC="1.0">
                                <Shape>
                                    <Polygon POINTS="1768 1323 1766 1411 1766 1411 1768 1323"/>
                                </Shape>
                            </Glyph>
                            <Glyph ID="char_342" CONTENT="r" HPOS="1800" VPOS="1323" WIDTH="2" HEIGHT="97" GC="0.9995">
                                <Shape>
                                    <Polygon POINTS="1802 1323 1800 1420 1800 1420 1802 1323"/>
                                </Shape>
                            </Glyph>
                            <Glyph ID="char_343" CONTENT="c" HPOS="1825" VPOS="1330" WIDTH="2" HEIGHT="93" GC="1.0">
                                <Shape>
                                    <Polygon POINTS="1827 1330 1825 1423 1825 1423 1827 1330"/>
                                </Shape>
                            </Glyph>
                            <Glyph ID="char_344" CONTENT="e" HPOS="1851" VPOS="1345" WIDTH="2" HEIGHT="65" GC="0.9999">
                                <Shape>
                                    <Polygon POINTS="1853 1345 1851 1410 1851 1410 1853 1345"/>
                                </Shape>
                            </Glyph>
                            <Glyph ID="char_345" CONTENT="s" HPOS="1877" VPOS="1354" WIDTH="2" HEIGHT="75" GC="0.9981">
                                <Shape>
                                    <Polygon POINTS="1879 1354 1877 1429 1877 1429 1879 1354"/>
                                </Shape>
                            </Glyph>
                        </String>
                        <SP ID="segment_105" HPOS="1928"  VPOS="1332" WIDTH="10"  HEIGHT="77"/>
                        <String ID="segment_106" CONTENT="le" HPOS="1954" VPOS="1328" WIDTH="36" HEIGHT="107" WC="1.0">
                            <Shape>
                                <Polygon POINTS="1956 1328 1954 1416 1988 1435 1990 1328"/>
                            </Shape>
                            <Glyph ID="char_347" CONTENT="l" HPOS="1954" VPOS="1328" WIDTH="2" HEIGHT="88" GC="1.0">
                                <Shape>
                                    <Polygon POINTS="1956 1328 1954 1416 1954 1416 1956 1328"/>
                                </Shape>
                            </Glyph>
                            <Glyph ID="char_348" CONTENT="e" HPOS="1988" VPOS="1328" WIDTH="2" HEIGHT="107" GC="1.0">
                                <Shape>
                                    <Polygon POINTS="1990 1328 1988 1435 1988 1435 1990 1328"/>
                                </Shape>
                            </Glyph>
                        </String>
                        <SP ID="segment_107" HPOS="2013"  VPOS="1328" WIDTH="11"  HEIGHT="102"/>
                        <String ID="segment_108" CONTENT="permettront," HPOS="2039" VPOS="1329" WIDTH="421" HEIGHT="135" WC="0.9528">
                            <Shape>
                                <Polygon POINTS="2041 1329 2039 1418 2457 1464 2460 1361"/>
                            </Shape>
                            <Glyph ID="char_350" CONTENT="p" HPOS="2039" VPOS="1329" WIDTH="2" HEIGHT="89" GC="0.8872">
                                <Shape>
                                    <Polygon POINTS="2041 1329 2039 1418 2039 1418 2041 1329"/>
                                </Shape>
                            </Glyph>
                            <Glyph ID="char_351" CONTENT="e" HPOS="2099" VPOS="1344" WIDTH="2" HEIGHT="65" GC="0.883">
                                <Shape>
                                    <Polygon POINTS="2101 1344 2099 1409 2099 1409 2101 1344"/>
                                </Shape>
                            </Glyph>
                            <Glyph ID="char_352" CONTENT="r" HPOS="2124" VPOS="1355" WIDTH="2" HEIGHT="54" GC="0.9994">
                                <Shape>
                                    <Polygon POINTS="2126 1355 2124 1409 2124 1409 2126 1355"/>
                                </Shape>
                            </Glyph>
                            <Glyph ID="char_353" CONTENT="m" HPOS="2176" VPOS="1360" WIDTH="1" HEIGHT="50" GC="0.9946">
                                <Shape>
                                    <Polygon POINTS="2177 1360 2176 1410 2176 1410 2177 1360"/>
                                </Shape>
                            </Glyph>
                            <Glyph ID="char_354" CONTENT="e" HPOS="2218" VPOS="1351" WIDTH="2" HEIGHT="59" GC="0.9954">
                                <Shape>
                                    <Polygon POINTS="2220 1351 2218 1410 2218 1410 2220 1351"/>
                                </Shape>
                            </Glyph>
                            <Glyph ID="char_355" CONTENT="t" HPOS="2244" VPOS="1344" WIDTH="2" HEIGHT="67" GC="0.9988">
                                <Shape>
                                    <Polygon POINTS="2246 1344 2244 1411 2244 1411 2246 1344"/>
                                </Shape>
                            </Glyph>
                            <Glyph ID="char_356" CONTENT="t" HPOS="2270" VPOS="1344" WIDTH="2" HEIGHT="67" GC="0.8857">
                                <Shape>
                                    <Polygon POINTS="2272 1344 2270 1411 2270 1411 2272 1344"/>
                                </Shape>
                            </Glyph>
                            <Glyph ID="char_357" CONTENT="r" HPOS="2304" VPOS="1344" WIDTH="2" HEIGHT="68" GC="0.9939">
                                <Shape>
                                    <Polygon POINTS="2306 1344 2304 1412 2304 1412 2306 1344"/>
                                </Shape>
                            </Glyph>
                            <Glyph ID="char_358" CONTENT="o" HPOS="2329" VPOS="1346" WIDTH="2" HEIGHT="69" GC="0.9995">
                                <Shape>
                                    <Polygon POINTS="2331 1346 2329 1415 2329 1415 2331 1346"/>
                                </Shape>
                            </Glyph>
                            <Glyph ID="char_359" CONTENT="n" HPOS="2371" VPOS="1357" WIDTH="3" HEIGHT="94" GC="0.9996">
                                <Shape>
                                    <Polygon POINTS="2374 1357 2371 1451 2371 1451 2374 1357"/>
                                </Shape>
                            </Glyph>
                            <Glyph ID="char_360" CONTENT="t" HPOS="2414" VPOS="1349" WIDTH="3" HEIGHT="112" GC="0.8169">
                                <Shape>
                                    <Polygon POINTS="2417 1349 2414 1461 2414 1461 2417 1349"/>
                                </Shape>
                            </Glyph>
                            <Glyph ID="char_361" CONTENT="," HPOS="2457" VPOS="1361" WIDTH="3" HEIGHT="103" GC="0.9796">
                                <Shape>
                                    <Polygon POINTS="2460 1361 2457 1464 2457 1464 2460 1361"/>
                                </Shape>
                            </Glyph>
                        </String>
                        <SP ID="segment_109" HPOS="2465"  VPOS="1363" WIDTH="11"  HEIGHT="101"/>
                        <String ID="segment_110" CONTENT="afin" HPOS="2491" VPOS="1342" WIDTH="88" HEIGHT="120" WC="0.9755">
                            <Shape>
                                <Polygon POINTS="2493 1365 2491 1462 2577 1419 2579 1342"/>
                            </Shape>
                            <Glyph ID="char_363" CONTENT="a" HPOS="2491" VPOS="1365" WIDTH="2" HEIGHT="97" GC="0.9997">
                                <Shape>
                                    <Polygon POINTS="2493 1365 2491 1462 2491 1462 2493 1365"/>
                                </Shape>
                            </Glyph>
                            <Glyph ID="char_364" CONTENT="f" HPOS="2526" VPOS="1365" WIDTH="1" HEIGHT="69" GC="0.9788">
                                <Shape>
                                    <Polygon POINTS="2527 1365 2526 1434 2526 1434 2527 1365"/>
                                </Shape>
                            </Glyph>
                            <Glyph ID="char_365" CONTENT="i" HPOS="2552" VPOS="1348" WIDTH="2" HEIGHT="72" GC="0.9997">
                                <Shape>
                                    <Polygon POINTS="2554 1348 2552 1420 2552 1420 2554 1348"/>
                                </Shape>
                            </Glyph>
                            <Glyph ID="char_366" CONTENT="n" HPOS="2577" VPOS="1342" WIDTH="2" HEIGHT="77" GC="0.9238">
                                <Shape>
                                    <Polygon POINTS="2579 1342 2577 1419 2577 1419 2579 1342"/>
                                </Shape>
                            </Glyph>
                        </String>
                    </TextLine>

                    <TextLine ID="72ea0fa2-25e8-4519-82fb-74bf868a295b" HPOS="1070.0" VPOS="1441.0" WIDTH="1551.0" HEIGHT="120.0" BASELINE="1072.0 1499.0 2621.0 1534.0" TAGREFS="LINE_TYPE_1">
                        <Shape>
                            <Polygon POINTS="1072.0 1499.0 1070.0 1517.0 1251.0 1521.0 1276.0 1542.0 1278.0 1542.0 1280.0 1542.0 1282.0 1542.0 1284.0 1542.0 1322.0 1528.0 1361.0 1538.0 1363.0 1538.0 1365.0 1538.0 1406.0 1530.0 1449.0 1544.0 1452.0 1544.0 1454.0 1544.0 1575.0 1523.0 1614.0 1554.0 1617.0 1554.0 1619.0 1554.0 1709.0 1556.0 1711.0 1556.0 1784.0 1544.0 1959.0 1554.0 1961.0 1554.0 1963.0 1554.0 1965.0 1554.0 1982.0 1540.0 2074.0 1561.0 2076.0 1561.0 2215.0 1538.0 2421.0 1540.0 2549.0 1561.0 2551.0 1561.0 2619.0 1546.0 2621.0 1534.0 2619.0 1501.0 2578.0 1501.0 2555.0 1480.0 2553.0 1480.0 2551.0 1480.0 2549.0 1480.0 2547.0 1480.0 2495.0 1497.0 2353.0 1497.0 2301.0 1490.0 2272.0 1468.0 2270.0 1468.0 2268.0 1468.0 2266.0 1468.0 2264.0 1468.0 2262.0 1468.0 2237.0 1484.0 2215.0 1466.0 2213.0 1466.0 2211.0 1466.0 2208.0 1466.0 2206.0 1466.0 2138.0 1488.0 2112.0 1470.0 2109.0 1470.0 2107.0 1470.0 2105.0 1470.0 2103.0 1470.0 2054.0 1484.0 1986.0 1457.0 1984.0 1457.0 1940.0 1457.0 1938.0 1457.0 1936.0 1457.0 1934.0 1457.0 1918.0 1472.0 1897.0 1455.0 1895.0 1455.0 1893.0 1455.0 1810.0 1455.0 1808.0 1455.0 1806.0 1455.0 1757.0 1478.0 1713.0 1451.0 1711.0 1451.0 1709.0 1451.0 1707.0 1451.0 1647.0 1464.0 1629.0 1455.0 1627.0 1455.0 1625.0 1455.0 1623.0 1455.0 1621.0 1455.0 1592.0 1476.0 1326.0 1472.0 1295.0 1445.0 1293.0 1445.0 1291.0 1445.0 1256.0 1441.0 1218.0 1441.0 1216.0 1441.0 1214.0 1441.0 1212.0 1441.0 1188.0 1462.0 1163.0 1441.0 1161.0 1441.0 1159.0 1441.0 1157.0 1441.0 1072.0 1460.0 1072.0 1499.0"/>
                        </Shape>
                        <String ID="segment_111" CONTENT="de" HPOS="1093" VPOS="1441" WIDTH="66" HEIGHT="78" WC="1.0">
                            <Shape>
                                <Polygon POINTS="1094 1455 1093 1517 1158 1519 1159 1441"/>
                            </Shape>
                            <Glyph ID="char_367" CONTENT="d" HPOS="1093" VPOS="1455" WIDTH="1" HEIGHT="62" GC="1.0">
                                <Shape>
                                    <Polygon POINTS="1094 1455 1093 1517 1093 1517 1094 1455"/>
                                </Shape>
                            </Glyph>
                            <Glyph ID="char_368" CONTENT="e" HPOS="1158" VPOS="1441" WIDTH="1" HEIGHT="78" GC="1.0">
                                <Shape>
                                    <Polygon POINTS="1159 1441 1158 1519 1158 1519 1159 1441"/>
                                </Shape>
                            </Glyph>
                        </String>
                        <SP ID="segment_112" HPOS="1172"  VPOS="1450" WIDTH="8"  HEIGHT="69"/>
                        <String ID="segment_113" CONTENT="lui" HPOS="1186" VPOS="1441" WIDTH="66" HEIGHT="80" WC="0.8623">
                            <Shape>
                                <Polygon POINTS="1187 1461 1186 1520 1251 1521 1252 1441"/>
                            </Shape>
                            <Glyph ID="char_370" CONTENT="l" HPOS="1186" VPOS="1461" WIDTH="1" HEIGHT="59" GC="0.9377">
                                <Shape>
                                    <Polygon POINTS="1187 1461 1186 1520 1186 1520 1187 1461"/>
                                </Shape>
                            </Glyph>
                            <Glyph ID="char_371" CONTENT="u" HPOS="1222" VPOS="1441" WIDTH="1" HEIGHT="79" GC="0.6491">
                                <Shape>
                                    <Polygon POINTS="1223 1441 1222 1520 1222 1520 1223 1441"/>
                                </Shape>
                            </Glyph>
                            <Glyph ID="char_372" CONTENT="i" HPOS="1251" VPOS="1441" WIDTH="1" HEIGHT="80" GC="1.0">
                                <Shape>
                                    <Polygon POINTS="1252 1441 1251 1521 1251 1521 1252 1441"/>
                                </Shape>
                            </Glyph>
                        </String>
                        <SP ID="segment_114" HPOS="1278"  VPOS="1444" WIDTH="10"  HEIGHT="98"/>
                        <String ID="segment_115" CONTENT="procurer" HPOS="1300" VPOS="1451" WIDTH="245" HEIGHT="91" WC="0.9998">
                            <Shape>
                                <Polygon POINTS="1302 1451 1300 1536 1543 1528 1545 1475"/>
                            </Shape>
                            <Glyph ID="char_374" CONTENT="p" HPOS="1300" VPOS="1451" WIDTH="2" HEIGHT="85" GC="0.9994">
                                <Shape>
                                    <Polygon POINTS="1302 1451 1300 1536 1300 1536 1302 1451"/>
                                </Shape>
                            </Glyph>
                            <Glyph ID="char_375" CONTENT="r" HPOS="1357" VPOS="1472" WIDTH="9" HEIGHT="66" GC="1.0">
                                <Shape>
                                    <Polygon POINTS="1359 1472 1357 1537 1364 1538 1366 1473"/>
                                </Shape>
                            </Glyph>
                            <Glyph ID="char_376" CONTENT="o" HPOS="1379" VPOS="1473" WIDTH="2" HEIGHT="62" GC="1.0">
                                <Shape>
                                    <Polygon POINTS="1381 1473 1379 1535 1379 1535 1381 1473"/>
                                </Shape>
                            </Glyph>
                            <Glyph ID="char_377" CONTENT="c" HPOS="1407" VPOS="1473" WIDTH="2" HEIGHT="57" GC="0.9997">
                                <Shape>
                                    <Polygon POINTS="1409 1473 1407 1530 1407 1530 1409 1473"/>
                                </Shape>
                            </Glyph>
                            <Glyph ID="char_378" CONTENT="u" HPOS="1443" VPOS="1474" WIDTH="2" HEIGHT="68" GC="0.9997">
                                <Shape>
                                    <Polygon POINTS="1445 1474 1443 1542 1443 1542 1445 1474"/>
                                </Shape>
                            </Glyph>
                            <Glyph ID="char_379" CONTENT="r" HPOS="1479" VPOS="1474" WIDTH="2" HEIGHT="66" GC="0.9999">
                                <Shape>
                                    <Polygon POINTS="1481 1474 1479 1540 1479 1540 1481 1474"/>
                                </Shape>
                            </Glyph>
                            <Glyph ID="char_380" CONTENT="e" HPOS="1514" VPOS="1475" WIDTH="2" HEIGHT="59" GC="0.9997">
                                <Shape>
                                    <Polygon POINTS="1516 1475 1514 1534 1514 1534 1516 1475"/>
                                </Shape>
                            </Glyph>
                            <Glyph ID="char_381" CONTENT="r" HPOS="1543" VPOS="1475" WIDTH="2" HEIGHT="53" GC="1.0">
                                <Shape>
                                    <Polygon POINTS="1545 1475 1543 1528 1543 1528 1545 1475"/>
                                </Shape>
                            </Glyph>
                        </String>
                        <SP ID="segment_116" HPOS="1607"  VPOS="1458" WIDTH="10"  HEIGHT="96"/>
                        <String ID="segment_117" CONTENT="les" HPOS="1629" VPOS="1454" WIDTH="66" HEIGHT="102" WC="1.0">
                            <Shape>
                                <Polygon POINTS="1631 1456 1629 1554 1693 1556 1695 1454"/>
                            </Shape>
                            <Glyph ID="char_383" CONTENT="l" HPOS="1629" VPOS="1456" WIDTH="2" HEIGHT="98" GC="0.9999">
                                <Shape>
                                    <Polygon POINTS="1631 1456 1629 1554 1629 1554 1631 1456"/>
                                </Shape>
                            </Glyph>
                            <Glyph ID="char_384" CONTENT="e" HPOS="1665" VPOS="1460" WIDTH="2" HEIGHT="95" GC="1.0">
                                <Shape>
                                    <Polygon POINTS="1667 1460 1665 1555 1665 1555 1667 1460"/>
                                </Shape>
                            </Glyph>
                            <Glyph ID="char_385" CONTENT="s" HPOS="1693" VPOS="1454" WIDTH="2" HEIGHT="102" GC="1.0">
                                <Shape>
                                    <Polygon POINTS="1695 1454 1693 1556 1693 1556 1695 1454"/>
                                </Shape>
                            </Glyph>
                        </String>
                        <SP ID="segment_118" HPOS="1743"  VPOS="1471" WIDTH="9"  HEIGHT="80"/>
                        <String ID="segment_119" CONTENT="facultes" HPOS="1772" VPOS="1455" WIDTH="224" HEIGHT="99" WC="0.956">
                            <Shape>
                                <Polygon POINTS="1774 1470 1772 1546 1994 1543 1996 1461"/>
                            </Shape>
                            <Glyph ID="char_387" CONTENT="f" HPOS="1772" VPOS="1470" WIDTH="2" HEIGHT="76" GC="1.0">
                                <Shape>
                                    <Polygon POINTS="1774 1470 1772 1546 1772 1546 1774 1470"/>
                                </Shape>
                            </Glyph>
                            <Glyph ID="char_388" CONTENT="a" HPOS="1815" VPOS="1455" WIDTH="2" HEIGHT="91" GC="1.0">
                                <Shape>
                                    <Polygon POINTS="1817 1455 1815 1546 1815 1546 1817 1455"/>
                                </Shape>
                            </Glyph>
                            <Glyph ID="char_389" CONTENT="c" HPOS="1851" VPOS="1455" WIDTH="2" HEIGHT="93" GC="0.9996">
                                <Shape>
                                    <Polygon POINTS="1853 1455 1851 1548 1851 1548 1853 1455"/>
                                </Shape>
                            </Glyph>
                            <Glyph ID="char_390" CONTENT="u" HPOS="1879" VPOS="1455" WIDTH="2" HEIGHT="94" GC="1.0">
                                <Shape>
                                    <Polygon POINTS="1881 1455 1879 1549 1879 1549 1881 1455"/>
                                </Shape>
                            </Glyph>
                            <Glyph ID="char_391" CONTENT="l" HPOS="1915" VPOS="1471" WIDTH="2" HEIGHT="80" GC="0.9999">
                                <Shape>
                                    <Polygon POINTS="1917 1471 1915 1551 1915 1551 1917 1471"/>
                                </Shape>
                            </Glyph>
                            <Glyph ID="char_392" CONTENT="t" HPOS="1944" VPOS="1457" WIDTH="2" HEIGHT="96" GC="0.9988">
                                <Shape>
                                    <Polygon POINTS="1946 1457 1944 1553 1944 1553 1946 1457"/>
                                </Shape>
                            </Glyph>
                            <Glyph ID="char_393" CONTENT="e" HPOS="1965" VPOS="1457" WIDTH="2" HEIGHT="97" GC="1.0">
                                <Shape>
                                    <Polygon POINTS="1967 1457 1965 1554 1965 1554 1967 1457"/>
                                </Shape>
                            </Glyph>
                            <Glyph ID="char_394" CONTENT="s" HPOS="1994" VPOS="1461" WIDTH="2" HEIGHT="82" GC="0.6499">
                                <Shape>
                                    <Polygon POINTS="1996 1461 1994 1543 1994 1543 1996 1461"/>
                                </Shape>
                            </Glyph>
                        </String>
                        <SP ID="segment_120" HPOS="2044"  VPOS="1481" WIDTH="9"  HEIGHT="75"/>
                        <String ID="segment_121" CONTENT="de" HPOS="2058" VPOS="1470" WIDTH="52" HEIGHT="87" WC="0.8891">
                            <Shape>
                                <Polygon POINTS="2060 1482 2058 1557 2108 1556 2110 1470"/>
                            </Shape>
                            <Glyph ID="char_396" CONTENT="d" HPOS="2058" VPOS="1482" WIDTH="2" HEIGHT="75" GC="1.0">
                                <Shape>
                                    <Polygon POINTS="2060 1482 2058 1557 2058 1557 2060 1482"/>
                                </Shape>
                            </Glyph>
                            <Glyph ID="char_397" CONTENT="e" HPOS="2108" VPOS="1470" WIDTH="2" HEIGHT="86" GC="0.7782">
                                <Shape>
                                    <Polygon POINTS="2110 1470 2108 1556 2108 1556 2110 1470"/>
                                </Shape>
                            </Glyph>
                        </String>
                        <SP ID="segment_122" HPOS="2137"  VPOS="1486" WIDTH="9"  HEIGHT="65"/>
                        <String ID="segment_123" CONTENT="subvenir" HPOS="2158" VPOS="1466" WIDTH="237" HEIGHT="81" WC="0.981">
                            <Shape>
                                <Polygon POINTS="2160 1481 2158 1547 2394 1540 2395 1497"/>
                            </Shape>
                            <Glyph ID="char_399" CONTENT="s" HPOS="2158" VPOS="1481" WIDTH="2" HEIGHT="66" GC="0.9833">
                                <Shape>
                                    <Polygon POINTS="2160 1481 2158 1547 2158 1547 2160 1481"/>
                                </Shape>
                            </Glyph>
                            <Glyph ID="char_400" CONTENT="u" HPOS="2208" VPOS="1466" WIDTH="2" HEIGHT="73" GC="0.9986">
                                <Shape>
                                    <Polygon POINTS="2210 1466 2208 1539 2208 1539 2210 1466"/>
                                </Shape>
                            </Glyph>
                            <Glyph ID="char_401" CONTENT="b" HPOS="2244" VPOS="1478" WIDTH="2" HEIGHT="60" GC="0.8929">
                                <Shape>
                                    <Polygon POINTS="2246 1478 2244 1538 2244 1538 2246 1478"/>
                                </Shape>
                            </Glyph>
                            <Glyph ID="char_402" CONTENT="v" HPOS="2280" VPOS="1475" WIDTH="2" HEIGHT="64" GC="0.9801">
                                <Shape>
                                    <Polygon POINTS="2282 1475 2280 1539 2280 1539 2282 1475"/>
                                </Shape>
                            </Glyph>
                            <Glyph ID="char_403" CONTENT="e" HPOS="2301" VPOS="1490" WIDTH="2" HEIGHT="49" GC="0.9995">
                                <Shape>
                                    <Polygon POINTS="2303 1490 2301 1539 2301 1539 2303 1490"/>
                                </Shape>
                            </Glyph>
                            <Glyph ID="char_404" CONTENT="n" HPOS="2337" VPOS="1495" WIDTH="1" HEIGHT="44" GC="0.997">
                                <Shape>
                                    <Polygon POINTS="2338 1495 2337 1539 2337 1539 2338 1495"/>
                                </Shape>
                            </Glyph>
                            <Glyph ID="char_405" CONTENT="i" HPOS="2366" VPOS="1497" WIDTH="1" HEIGHT="42" GC="0.999">
                                <Shape>
                                    <Polygon POINTS="2367 1497 2366 1539 2366 1539 2367 1497"/>
                                </Shape>
                            </Glyph>
                            <Glyph ID="char_406" CONTENT="r" HPOS="2394" VPOS="1497" WIDTH="1" HEIGHT="43" GC="0.9979">
                                <Shape>
                                    <Polygon POINTS="2395 1497 2394 1540 2394 1540 2395 1497"/>
                                </Shape>
                            </Glyph>
                        </String>
                        <SP ID="segment_124" HPOS="2430"  VPOS="1497" WIDTH="8"  HEIGHT="46"/>
                        <String ID="segment_125" CONTENT="a" HPOS="2451" VPOS="1497" WIDTH="1" HEIGHT="48" WC="0.9992">
                            <Shape>
                                <Polygon POINTS="2452 1497 2451 1545 2451 1545 2452 1497"/>
                            </Shape>
                            <Glyph ID="char_408" CONTENT="a" HPOS="2451" VPOS="1497" WIDTH="1" HEIGHT="48" GC="0.9992">
                                <Shape>
                                    <Polygon POINTS="2452 1497 2451 1545 2451 1545 2452 1497"/>
                                </Shape>
                            </Glyph>
                        </String>
                        <SP ID="segment_126" HPOS="2480"  VPOS="1497" WIDTH="8"  HEIGHT="54"/>
                        <String ID="segment_127" CONTENT="ses" HPOS="2501" VPOS="1483" WIDTH="67" HEIGHT="76" WC="0.9842">
                            <Shape>
                                <Polygon POINTS="2502 1495 2501 1553 2566 1558 2568 1491"/>
                            </Shape>
                            <Glyph ID="char_410" CONTENT="s" HPOS="2501" VPOS="1495" WIDTH="1" HEIGHT="58" GC="0.9986">
                                <Shape>
                                    <Polygon POINTS="2502 1495 2501 1553 2501 1553 2502 1495"/>
                                </Shape>
                            </Glyph>
                            <Glyph ID="char_411" CONTENT="e" HPOS="2537" VPOS="1483" WIDTH="2" HEIGHT="76" GC="0.9984">
                                <Shape>
                                    <Polygon POINTS="2539 1483 2537 1559 2537 1559 2539 1483"/>
                                </Shape>
                            </Glyph>
                            <Glyph ID="char_412" CONTENT="s" HPOS="2566" VPOS="1491" WIDTH="2" HEIGHT="67" GC="0.9557">
                                <Shape>
                                    <Polygon POINTS="2568 1491 2566 1558 2566 1558 2568 1491"/>
                                </Shape>
                            </Glyph>
                        </String>
                    </TextLine>

                    <TextLine ID="5f255f7c-0624-42d6-ba9d-a78a55662956" HPOS="1076.0" VPOS="1579.0" WIDTH="1564.0" HEIGHT="120.0" BASELINE="1078.0 1629.0 2640.0 1660.0" TAGREFS="LINE_TYPE_1">
                        <Shape>
                            <Polygon POINTS="1078.0 1629.0 1076.0 1658.0 1093.0 1670.0 1095.0 1670.0 1097.0 1670.0 1099.0 1672.0 1161.0 1672.0 1161.0 1670.0 1260.0 1649.0 1334.0 1672.0 1336.0 1672.0 1338.0 1672.0 1340.0 1672.0 1390.0 1655.0 1431.0 1676.0 1433.0 1676.0 1435.0 1676.0 1437.0 1676.0 1439.0 1676.0 1487.0 1647.0 1524.0 1666.0 1526.0 1666.0 1528.0 1666.0 1530.0 1666.0 1596.0 1649.0 1687.0 1653.0 1720.0 1682.0 1722.0 1682.0 1724.0 1682.0 1726.0 1684.0 1763.0 1684.0 1763.0 1682.0 1909.0 1655.0 1942.0 1668.0 1944.0 1668.0 1947.0 1668.0 2093.0 1666.0 2128.0 1686.0 2130.0 1686.0 2132.0 1686.0 2134.0 1686.0 2136.0 1686.0 2178.0 1668.0 2310.0 1664.0 2347.0 1695.0 2349.0 1695.0 2351.0 1695.0 2429.0 1697.0 2431.0 1699.0 2477.0 1699.0 2477.0 1697.0 2479.0 1697.0 2481.0 1697.0 2505.0 1680.0 2567.0 1691.0 2569.0 1691.0 2571.0 1691.0 2637.0 1668.0 2640.0 1660.0 2635.0 1608.0 2549.0 1622.0 2425.0 1620.0 2406.0 1604.0 2404.0 1604.0 2402.0 1604.0 2400.0 1604.0 2237.0 1616.0 2132.0 1616.0 2074.0 1598.0 2072.0 1598.0 2070.0 1598.0 1951.0 1606.0 1924.0 1594.0 1922.0 1594.0 1920.0 1594.0 1848.0 1608.0 1802.0 1592.0 1800.0 1592.0 1798.0 1592.0 1796.0 1592.0 1767.0 1604.0 1699.0 1589.0 1697.0 1589.0 1695.0 1589.0 1647.0 1602.0 1612.0 1587.0 1610.0 1587.0 1608.0 1587.0 1522.0 1600.0 1501.0 1585.0 1499.0 1585.0 1497.0 1585.0 1441.0 1585.0 1439.0 1585.0 1437.0 1585.0 1435.0 1585.0 1414.0 1600.0 1365.0 1600.0 1346.0 1583.0 1344.0 1583.0 1342.0 1583.0 1340.0 1583.0 1338.0 1583.0 1307.0 1598.0 1148.0 1579.0 1146.0 1579.0 1078.0 1587.0 1078.0 1629.0"/>
                        </Shape>
                        <String ID="segment_128" CONTENT="dependes" HPOS="1103" VPOS="1581" WIDTH="261" HEIGHT="91" WC="0.9562">
                            <Shape>
                                <Polygon POINTS="1105 1584 1103 1672 1362 1664 1364 1599"/>
                            </Shape>
                            <Glyph ID="char_413" CONTENT="d" HPOS="1103" VPOS="1584" WIDTH="2" HEIGHT="88" GC="1.0">
                                <Shape>
                                    <Polygon POINTS="1105 1584 1103 1672 1103 1672 1105 1584"/>
                                </Shape>
                            </Glyph>
                            <Glyph ID="char_414" CONTENT="e" HPOS="1161" VPOS="1581" WIDTH="2" HEIGHT="89" GC="0.6526">
                                <Shape>
                                    <Polygon POINTS="1163 1581 1161 1670 1161 1670 1163 1581"/>
                                </Shape>
                            </Glyph>
                            <Glyph ID="char_415" CONTENT="p" HPOS="1187" VPOS="1584" WIDTH="2" HEIGHT="80" GC="1.0">
                                <Shape>
                                    <Polygon POINTS="1189 1584 1187 1664 1187 1664 1189 1584"/>
                                </Shape>
                            </Glyph>
                            <Glyph ID="char_416" CONTENT="e" HPOS="1246" VPOS="1591" WIDTH="1" HEIGHT="61" GC="1.0">
                                <Shape>
                                    <Polygon POINTS="1247 1591 1246 1652 1246 1652 1247 1591"/>
                                </Shape>
                            </Glyph>
                            <Glyph ID="char_417" CONTENT="n" HPOS="1272" VPOS="1594" WIDTH="1" HEIGHT="59" GC="1.0">
                                <Shape>
                                    <Polygon POINTS="1273 1594 1272 1653 1272 1653 1273 1594"/>
                                </Shape>
                            </Glyph>
                            <Glyph ID="char_418" CONTENT="d" HPOS="1310" VPOS="1596" WIDTH="2" HEIGHT="69" GC="0.9977">
                                <Shape>
                                    <Polygon POINTS="1312 1596 1310 1665 1310 1665 1312 1596"/>
                                </Shape>
                            </Glyph>
                            <Glyph ID="char_419" CONTENT="e" HPOS="1342" VPOS="1583" WIDTH="2" HEIGHT="88" GC="0.9998">
                                <Shape>
                                    <Polygon POINTS="1344 1583 1342 1671 1342 1671 1344 1583"/>
                                </Shape>
                            </Glyph>
                            <Glyph ID="char_420" CONTENT="s" HPOS="1362" VPOS="1599" WIDTH="2" HEIGHT="65" GC="0.9996">
                                <Shape>
                                    <Polygon POINTS="1364 1599 1362 1664 1362 1664 1364 1599"/>
                                </Shape>
                            </Glyph>
                        </String>
                        <SP ID="segment_129" HPOS="1426"  VPOS="1585" WIDTH="9"  HEIGHT="91"/>
                        <String ID="segment_130" CONTENT="&amp;" HPOS="1452" VPOS="1585" WIDTH="2" HEIGHT="83" WC="1.0">
                            <Shape>
                                <Polygon POINTS="1454 1585 1452 1668 1452 1668 1454 1585"/>
                            </Shape>
                            <Glyph ID="char_422" CONTENT="&amp;" HPOS="1452" VPOS="1585" WIDTH="2" HEIGHT="83" GC="1.0">
                                <Shape>
                                    <Polygon POINTS="1454 1585 1452 1668 1452 1668 1454 1585"/>
                                </Shape>
                            </Glyph>
                        </String>
                        <SP ID="segment_131" HPOS="1498"  VPOS="1585" WIDTH="8"  HEIGHT="71"/>
                        <String ID="segment_132" CONTENT="entretiens" HPOS="1517" VPOS="1587" WIDTH="241" HEIGHT="97" WC="0.9954">
                            <Shape>
                                <Polygon POINTS="1519 1598 1517 1663 1756 1684 1758 1602"/>
                            </Shape>
                            <Glyph ID="char_424" CONTENT="e" HPOS="1517" VPOS="1598" WIDTH="2" HEIGHT="65" GC="0.9978">
                                <Shape>
                                    <Polygon POINTS="1519 1598 1517 1663 1517 1663 1519 1598"/>
                                </Shape>
                            </Glyph>
                            <Glyph ID="char_425" CONTENT="n" HPOS="1549" VPOS="1596" WIDTH="2" HEIGHT="65" GC="0.9978">
                                <Shape>
                                    <Polygon POINTS="1551 1596 1549 1661 1549 1661 1551 1596"/>
                                </Shape>
                            </Glyph>
                            <Glyph ID="char_426" CONTENT="t" HPOS="1582" VPOS="1591" WIDTH="1" HEIGHT="62" GC="1.0">
                                <Shape>
                                    <Polygon POINTS="1583 1591 1582 1653 1582 1653 1583 1591"/>
                                </Shape>
                            </Glyph>
                            <Glyph ID="char_427" CONTENT="r" HPOS="1608" VPOS="1587" WIDTH="8" HEIGHT="63" GC="1.0">
                                <Shape>
                                    <Polygon POINTS="1609 1587 1608 1650 1615 1650 1616 1589"/>
                                </Shape>
                            </Glyph>
                            <Glyph ID="char_428" CONTENT="e" HPOS="1634" VPOS="1597" WIDTH="1" HEIGHT="54" GC="0.9998">
                                <Shape>
                                    <Polygon POINTS="1635 1597 1634 1651 1634 1651 1635 1597"/>
                                </Shape>
                            </Glyph>
                            <Glyph ID="char_429" CONTENT="t" HPOS="1660" VPOS="1598" WIDTH="1" HEIGHT="54" GC="0.9985">
                                <Shape>
                                    <Polygon POINTS="1661 1598 1660 1652 1660 1652 1661 1598"/>
                                </Shape>
                            </Glyph>
                            <Glyph ID="char_430" CONTENT="i" HPOS="1679" VPOS="1593" WIDTH="1" HEIGHT="60" GC="0.9675">
                                <Shape>
                                    <Polygon POINTS="1680 1593 1679 1653 1679 1653 1680 1593"/>
                                </Shape>
                            </Glyph>
                            <Glyph ID="char_431" CONTENT="e" HPOS="1698" VPOS="1589" WIDTH="2" HEIGHT="74" GC="1.0">
                                <Shape>
                                    <Polygon POINTS="1700 1589 1698 1663 1698 1663 1700 1589"/>
                                </Shape>
                            </Glyph>
                            <Glyph ID="char_432" CONTENT="n" HPOS="1724" VPOS="1595" WIDTH="2" HEIGHT="87" GC="1.0">
                                <Shape>
                                    <Polygon POINTS="1726 1595 1724 1682 1724 1682 1726 1595"/>
                                </Shape>
                            </Glyph>
                            <Glyph ID="char_433" CONTENT="s" HPOS="1756" VPOS="1602" WIDTH="2" HEIGHT="82" GC="0.9927">
                                <Shape>
                                    <Polygon POINTS="1758 1602 1756 1684 1756 1684 1758 1602"/>
                                </Shape>
                            </Glyph>
                        </String>
                        <SP ID="segment_133" HPOS="1840"  VPOS="1606" WIDTH="9"  HEIGHT="62"/>
                        <String ID="segment_134" CONTENT="et" HPOS="1859" VPOS="1599" WIDTH="35" HEIGHT="65" WC="1.0">
                            <Shape>
                                <Polygon POINTS="1861 1606 1859 1664 1893 1658 1894 1599"/>
                            </Shape>
                            <Glyph ID="char_435" CONTENT="e" HPOS="1859" VPOS="1606" WIDTH="2" HEIGHT="58" GC="1.0">
                                <Shape>
                                    <Polygon POINTS="1861 1606 1859 1664 1859 1664 1861 1606"/>
                                </Shape>
                            </Glyph>
                            <Glyph ID="char_436" CONTENT="t" HPOS="1893" VPOS="1599" WIDTH="1" HEIGHT="59" GC="1.0">
                                <Shape>
                                    <Polygon POINTS="1894 1599 1893 1658 1893 1658 1894 1599"/>
                                </Shape>
                            </Glyph>
                        </String>
                        <SP ID="segment_135" HPOS="1925"  VPOS="1595" WIDTH="8"  HEIGHT="69"/>
                        <String ID="segment_136" CONTENT="éviter" HPOS="1950" VPOS="1598" WIDTH="144" HEIGHT="70" WC="0.999">
                            <Shape>
                                <Polygon POINTS="1952 1606 1950 1668 2092 1666 2094 1604"/>
                            </Shape>
                            <Glyph ID="char_438" CONTENT="e" HPOS="1950" VPOS="1606" WIDTH="2" HEIGHT="62" GC="1.0">
                                <Shape>
                                    <Polygon POINTS="1952 1606 1950 1668 1950 1668 1952 1606"/>
                                </Shape>
                            </Glyph>
                            <Glyph ID="char_439" CONTENT="́" HPOS="1957" VPOS="1605" WIDTH="8" HEIGHT="63" GC="1.0">
                                <Shape>
                                    <Polygon POINTS="1959 1605 1957 1668 1963 1668 1965 1605"/>
                                </Shape>
                            </Glyph>
                            <Glyph ID="char_440" CONTENT="v" HPOS="1989" VPOS="1603" WIDTH="2" HEIGHT="64" GC="1.0">
                                <Shape>
                                    <Polygon POINTS="1991 1603 1989 1667 1989 1667 1991 1603"/>
                                </Shape>
                            </Glyph>
                            <Glyph ID="char_441" CONTENT="i" HPOS="2015" VPOS="1602" WIDTH="2" HEIGHT="65" GC="1.0">
                                <Shape>
                                    <Polygon POINTS="2017 1602 2015 1667 2015 1667 2017 1602"/>
                                </Shape>
                            </Glyph>
                            <Glyph ID="char_442" CONTENT="t" HPOS="2041" VPOS="1600" WIDTH="2" HEIGHT="67" GC="1.0">
                                <Shape>
                                    <Polygon POINTS="2043 1600 2041 1667 2041 1667 2043 1600"/>
                                </Shape>
                            </Glyph>
                            <Glyph ID="char_443" CONTENT="e" HPOS="2066" VPOS="1598" WIDTH="2" HEIGHT="68" GC="0.994">
                                <Shape>
                                    <Polygon POINTS="2068 1598 2066 1666 2066 1666 2068 1598"/>
                                </Shape>
                            </Glyph>
                            <Glyph ID="char_444" CONTENT="r" HPOS="2092" VPOS="1604" WIDTH="2" HEIGHT="62" GC="0.9991">
                                <Shape>
                                    <Polygon POINTS="2094 1604 2092 1666 2092 1666 2094 1604"/>
                                </Shape>
                            </Glyph>
                        </String>
                        <SP ID="segment_137" HPOS="2125"  VPOS="1614" WIDTH="7"  HEIGHT="72"/>
                        <String ID="segment_138" CONTENT="poar" HPOS="2151" VPOS="1615" WIDTH="99" HEIGHT="64" WC="0.9985">
                            <Shape>
                                <Polygon POINTS="2152 1616 2151 1679 2248 1666 2250 1615"/>
                            </Shape>
                            <Glyph ID="char_446" CONTENT="p" HPOS="2151" VPOS="1616" WIDTH="1" HEIGHT="63" GC="0.9999">
                                <Shape>
                                    <Polygon POINTS="2152 1616 2151 1679 2151 1679 2152 1616"/>
                                </Shape>
                            </Glyph>
                            <Glyph ID="char_447" CONTENT="o" HPOS="2183" VPOS="1616" WIDTH="1" HEIGHT="52" GC="0.9955">
                                <Shape>
                                    <Polygon POINTS="2184 1616 2183 1668 2183 1668 2184 1616"/>
                                </Shape>
                            </Glyph>
                            <Glyph ID="char_448" CONTENT="a" HPOS="2215" VPOS="1616" WIDTH="1" HEIGHT="51" GC="0.9994">
                                <Shape>
                                    <Polygon POINTS="2216 1616 2215 1667 2215 1667 2216 1616"/>
                                </Shape>
                            </Glyph>
                            <Glyph ID="char_449" CONTENT="r" HPOS="2248" VPOS="1615" WIDTH="2" HEIGHT="51" GC="0.9992">
                                <Shape>
                                    <Polygon POINTS="2250 1615 2248 1666 2248 1666 2250 1615"/>
                                </Shape>
                            </Glyph>
                        </String>
                        <SP ID="segment_139" HPOS="2313"  VPOS="1610" WIDTH="8"  HEIGHT="62"/>
                        <String ID="segment_140" CONTENT="Ce" HPOS="2332" VPOS="1606" WIDTH="40" HEIGHT="89" WC="0.9994">
                            <Shape>
                                <Polygon POINTS="2334 1609 2332 1683 2370 1695 2372 1606"/>
                            </Shape>
                            <Glyph ID="char_451" CONTENT="C" HPOS="2332" VPOS="1609" WIDTH="2" HEIGHT="74" GC="0.9993">
                                <Shape>
                                    <Polygon POINTS="2334 1609 2332 1683 2332 1683 2334 1609"/>
                                </Shape>
                            </Glyph>
                            <Glyph ID="char_452" CONTENT="e" HPOS="2370" VPOS="1606" WIDTH="2" HEIGHT="89" GC="0.9996">
                                <Shape>
                                    <Polygon POINTS="2372 1606 2370 1695 2370 1695 2372 1606"/>
                                </Shape>
                            </Glyph>
                        </String>
                        <SP ID="segment_141" HPOS="2390"  VPOS="1605" WIDTH="2"  HEIGHT="91"/>
                        <String ID="segment_142" CONTENT="moyen" HPOS="2422" VPOS="1619" WIDTH="130" HEIGHT="80" WC="0.9955">
                            <Shape>
                                <Polygon POINTS="2423 1619 2422 1697 2551 1688 2552 1621"/>
                            </Shape>
                            <Glyph ID="char_454" CONTENT="m" HPOS="2422" VPOS="1619" WIDTH="1" HEIGHT="78" GC="0.9994">
                                <Shape>
                                    <Polygon POINTS="2423 1619 2422 1697 2422 1697 2423 1619"/>
                                </Shape>
                            </Glyph>
                            <Glyph ID="char_455" CONTENT="o" HPOS="2461" VPOS="1621" WIDTH="1" HEIGHT="78" GC="0.9999">
                                <Shape>
                                    <Polygon POINTS="2462 1621 2461 1699 2461 1699 2462 1621"/>
                                </Shape>
                            </Glyph>
                            <Glyph ID="char_456" CONTENT="y" HPOS="2506" VPOS="1621" WIDTH="1" HEIGHT="59" GC="0.9887">
                                <Shape>
                                    <Polygon POINTS="2507 1621 2506 1680 2506 1680 2507 1621"/>
                                </Shape>
                            </Glyph>
                            <Glyph ID="char_457" CONTENT="e" HPOS="2519" VPOS="1622" WIDTH="1" HEIGHT="61" GC="0.9996">
                                <Shape>
                                    <Polygon POINTS="2520 1622 2519 1683 2519 1683 2520 1622"/>
                                </Shape>
                            </Glyph>
                            <Glyph ID="char_458" CONTENT="n" HPOS="2551" VPOS="1621" WIDTH="1" HEIGHT="67" GC="0.9898">
                                <Shape>
                                    <Polygon POINTS="2552 1621 2551 1688 2551 1688 2552 1621"/>
                                </Shape>
                            </Glyph>
                        </String>
                    </TextLine>

                    <TextLine ID="d281d11a-b563-43fb-bde9-7aa6a01af6d0" HPOS="1113.0" VPOS="1693.0" WIDTH="1302.0" HEIGHT="117.0" BASELINE="1115.0 1744.0 2415.0 1785.0" TAGREFS="LINE_TYPE_1">
                        <Shape>
                            <Polygon POINTS="1115.0 1744.0 1113.0 1781.0 1173.0 1781.0 1175.0 1781.0 1177.0 1781.0 1216.0 1757.0 1390.0 1777.0 1392.0 1777.0 1631.0 1769.0 1666.0 1800.0 1666.0 1802.0 1668.0 1802.0 1670.0 1802.0 1829.0 1808.0 1831.0 1808.0 1833.0 1808.0 1835.0 1808.0 1864.0 1785.0 1889.0 1783.0 1903.0 1796.0 1905.0 1796.0 1907.0 1796.0 1909.0 1796.0 1911.0 1796.0 1951.0 1779.0 2023.0 1802.0 2025.0 1802.0 2027.0 1802.0 2029.0 1802.0 2089.0 1783.0 2116.0 1806.0 2118.0 1806.0 2120.0 1806.0 2122.0 1806.0 2124.0 1806.0 2149.0 1798.0 2159.0 1808.0 2161.0 1808.0 2163.0 1808.0 2165.0 1808.0 2266.0 1800.0 2353.0 1810.0 2355.0 1810.0 2357.0 1810.0 2359.0 1810.0 2359.0 1808.0 2378.0 1794.0 2413.0 1794.0 2415.0 1785.0 2415.0 1752.0 2336.0 1752.0 2289.0 1724.0 2287.0 1724.0 2285.0 1724.0 2155.0 1719.0 2153.0 1719.0 2151.0 1719.0 2149.0 1719.0 2114.0 1744.0 2089.0 1732.0 2087.0 1732.0 2085.0 1732.0 2083.0 1732.0 2081.0 1732.0 2068.0 1742.0 2008.0 1732.0 2006.0 1732.0 1790.0 1734.0 1765.0 1709.0 1765.0 1707.0 1763.0 1707.0 1761.0 1707.0 1732.0 1707.0 1730.0 1707.0 1728.0 1707.0 1726.0 1707.0 1707.0 1724.0 1693.0 1713.0 1693.0 1711.0 1691.0 1711.0 1689.0 1711.0 1687.0 1711.0 1685.0 1711.0 1683.0 1711.0 1662.0 1730.0 1610.0 1730.0 1577.0 1707.0 1575.0 1707.0 1573.0 1707.0 1571.0 1707.0 1569.0 1707.0 1528.0 1724.0 1454.0 1724.0 1408.0 1719.0 1379.0 1695.0 1377.0 1695.0 1375.0 1695.0 1373.0 1695.0 1371.0 1695.0 1346.0 1703.0 1311.0 1693.0 1309.0 1693.0 1307.0 1693.0 1305.0 1693.0 1264.0 1703.0 1237.0 1695.0 1235.0 1695.0 1233.0 1695.0 1231.0 1695.0 1200.0 1711.0 1175.0 1693.0 1173.0 1693.0 1171.0 1693.0 1169.0 1693.0 1167.0 1693.0 1115.0 1711.0 1115.0 1744.0"/>
                        </Shape>
                        <String ID="segment_143" CONTENT="qu&#39;il" HPOS="1141" VPOS="1695" WIDTH="117" HEIGHT="86" WC="0.9999">
                            <Shape>
                                <Polygon POINTS="1143 1701 1141 1781 1257 1762 1258 1701"/>
                            </Shape>
                            <Glyph ID="char_459" CONTENT="q" HPOS="1141" VPOS="1701" WIDTH="2" HEIGHT="80" GC="1.0">
                                <Shape>
                                    <Polygon POINTS="1143 1701 1141 1781 1141 1781 1143 1701"/>
                                </Shape>
                            </Glyph>
                            <Glyph ID="char_460" CONTENT="u" HPOS="1195" VPOS="1709" WIDTH="2" HEIGHT="61" GC="0.9999">
                                <Shape>
                                    <Polygon POINTS="1197 1709 1195 1770 1195 1770 1197 1709"/>
                                </Shape>
                            </Glyph>
                            <Glyph ID="char_461" CONTENT="&#39;" HPOS="1216" VPOS="1698" WIDTH="8" HEIGHT="60" GC="1.0">
                                <Shape>
                                    <Polygon POINTS="1217 1702 1216 1757 1223 1758 1224 1698"/>
                                </Shape>
                            </Glyph>
                            <Glyph ID="char_462" CONTENT="i" HPOS="1230" VPOS="1695" WIDTH="2" HEIGHT="64" GC="1.0">
                                <Shape>
                                    <Polygon POINTS="1232 1695 1230 1759 1230 1759 1232 1695"/>
                                </Shape>
                            </Glyph>
                            <Glyph ID="char_463" CONTENT="l" HPOS="1257" VPOS="1701" WIDTH="1" HEIGHT="61" GC="0.9998">
                                <Shape>
                                    <Polygon POINTS="1258 1701 1257 1762 1257 1762 1258 1701"/>
                                </Shape>
                            </Glyph>
                        </String>
                        <SP ID="segment_144" HPOS="1310"  VPOS="1693" WIDTH="10"  HEIGHT="76"/>
                        <String ID="segment_145" CONTENT="devienne" HPOS="1330" VPOS="1695" WIDTH="205" HEIGHT="82" WC="0.9963">
                            <Shape>
                                <Polygon POINTS="1333 1699 1330 1770 1533 1772 1535 1721"/>
                            </Shape>
                            <Glyph ID="char_465" CONTENT="d" HPOS="1330" VPOS="1699" WIDTH="3" HEIGHT="71" GC="1.0">
                                <Shape>
                                    <Polygon POINTS="1333 1699 1330 1770 1330 1770 1333 1699"/>
                                </Shape>
                            </Glyph>
                            <Glyph ID="char_466" CONTENT="e" HPOS="1371" VPOS="1695" WIDTH="3" HEIGHT="80" GC="0.9999">
                                <Shape>
                                    <Polygon POINTS="1374 1695 1371 1775 1371 1775 1374 1695"/>
                                </Shape>
                            </Glyph>
                            <Glyph ID="char_467" CONTENT="v" HPOS="1398" VPOS="1712" WIDTH="2" HEIGHT="65" GC="1.0">
                                <Shape>
                                    <Polygon POINTS="1400 1712 1398 1777 1398 1777 1400 1712"/>
                                </Shape>
                            </Glyph>
                            <Glyph ID="char_468" CONTENT="i" HPOS="1425" VPOS="1721" WIDTH="2" HEIGHT="55" GC="0.9717">
                                <Shape>
                                    <Polygon POINTS="1427 1721 1425 1776 1425 1776 1427 1721"/>
                                </Shape>
                            </Glyph>
                            <Glyph ID="char_469" CONTENT="e" HPOS="1445" VPOS="1723" WIDTH="2" HEIGHT="52" GC="0.9996">
                                <Shape>
                                    <Polygon POINTS="1447 1723 1445 1775 1445 1775 1447 1723"/>
                                </Shape>
                            </Glyph>
                            <Glyph ID="char_470" CONTENT="n" HPOS="1472" VPOS="1724" WIDTH="2" HEIGHT="50" GC="1.0">
                                <Shape>
                                    <Polygon POINTS="1474 1724 1472 1774 1472 1774 1474 1724"/>
                                </Shape>
                            </Glyph>
                            <Glyph ID="char_471" CONTENT="n" HPOS="1506" VPOS="1724" WIDTH="8" HEIGHT="49" GC="0.9997">
                                <Shape>
                                    <Polygon POINTS="1508 1724 1506 1773 1512 1773 1514 1724"/>
                                </Shape>
                            </Glyph>
                            <Glyph ID="char_472" CONTENT="e" HPOS="1533" VPOS="1721" WIDTH="2" HEIGHT="51" GC="0.9997">
                                <Shape>
                                    <Polygon POINTS="1535 1721 1533 1772 1533 1772 1535 1721"/>
                                </Shape>
                            </Glyph>
                        </String>
                        <SP ID="segment_146" HPOS="1566"  VPOS="1707" WIDTH="9"  HEIGHT="64"/>
                        <String ID="segment_147" CONTENT="à" HPOS="1587" VPOS="1715" WIDTH="22" HEIGHT="55" WC="1.0">
                            <Shape>
                                <Polygon POINTS="1589 1715 1587 1770 1607 1770 1609 1729"/>
                            </Shape>
                            <Glyph ID="char_474" CONTENT="a" HPOS="1587" VPOS="1715" WIDTH="2" HEIGHT="55" GC="0.9999">
                                <Shape>
                                    <Polygon POINTS="1589 1715 1587 1770 1587 1770 1589 1715"/>
                                </Shape>
                            </Glyph>
                            <Glyph ID="char_475" CONTENT="̀" HPOS="1600" VPOS="1724" WIDTH="9" HEIGHT="46" GC="1.0">
                                <Shape>
                                    <Polygon POINTS="1602 1724 1600 1770 1607 1770 1609 1729"/>
                                </Shape>
                            </Glyph>
                        </String>
                        <SP ID="segment_148" HPOS="1654"  VPOS="1729" WIDTH="9"  HEIGHT="66"/>
                        <String ID="segment_149" CONTENT="chargé" HPOS="1673" VPOS="1707" WIDTH="206" HEIGHT="101" WC="0.9795">
                            <Shape>
                                <Polygon POINTS="1676 1717 1673 1802 1877 1784 1879 1733"/>
                            </Shape>
                            <Glyph ID="char_477" CONTENT="c" HPOS="1673" VPOS="1717" WIDTH="3" HEIGHT="85" GC="0.9999">
                                <Shape>
                                    <Polygon POINTS="1676 1717 1673 1802 1673 1802 1676 1717"/>
                                </Shape>
                            </Glyph>
                            <Glyph ID="char_478" CONTENT="h" HPOS="1707" VPOS="1721" WIDTH="3" HEIGHT="82" GC="0.8568">
                                <Shape>
                                    <Polygon POINTS="1710 1721 1707 1803 1707 1803 1710 1721"/>
                                </Shape>
                            </Glyph>
                            <Glyph ID="char_479" CONTENT="a" HPOS="1761" VPOS="1707" WIDTH="3" HEIGHT="98" GC="0.9998">
                                <Shape>
                                    <Polygon POINTS="1764 1707 1761 1805 1761 1805 1764 1707"/>
                                </Shape>
                            </Glyph>
                            <Glyph ID="char_480" CONTENT="r" HPOS="1795" VPOS="1734" WIDTH="3" HEIGHT="73" GC="1.0">
                                <Shape>
                                    <Polygon POINTS="1798 1734 1795 1807 1795 1807 1798 1734"/>
                                </Shape>
                            </Glyph>
                            <Glyph ID="char_481" CONTENT="g" HPOS="1829" VPOS="1734" WIDTH="3" HEIGHT="74" GC="0.9999">
                                <Shape>
                                    <Polygon POINTS="1832 1734 1829 1808 1829 1808 1832 1734"/>
                                </Shape>
                            </Glyph>
                            <Glyph ID="char_482" CONTENT="e" HPOS="1863" VPOS="1733" WIDTH="2" HEIGHT="53" GC="1.0">
                                <Shape>
                                    <Polygon POINTS="1865 1733 1863 1786 1863 1786 1865 1733"/>
                                </Shape>
                            </Glyph>
                            <Glyph ID="char_483" CONTENT="́" HPOS="1870" VPOS="1733" WIDTH="9" HEIGHT="52" GC="1.0">
                                <Shape>
                                    <Polygon POINTS="1872 1733 1870 1785 1877 1784 1879 1733"/>
                                </Shape>
                            </Glyph>
                        </String>
                        <SP ID="segment_150" HPOS="1904"  VPOS="1733" WIDTH="2"  HEIGHT="63"/>
                        <String ID="segment_151" CONTENT="à" HPOS="1924" VPOS="1733" WIDTH="22" HEIGHT="58" WC="0.9999">
                            <Shape>
                                <Polygon POINTS="1926 1733 1924 1791 1944 1782 1946 1733"/>
                            </Shape>
                            <Glyph ID="char_485" CONTENT="a" HPOS="1924" VPOS="1733" WIDTH="2" HEIGHT="58" GC="1.0">
                                <Shape>
                                    <Polygon POINTS="1926 1733 1924 1791 1924 1791 1926 1733"/>
                                </Shape>
                            </Glyph>
                            <Glyph ID="char_486" CONTENT="̀" HPOS="1944" VPOS="1733" WIDTH="2" HEIGHT="49" GC="0.9998">
                                <Shape>
                                    <Polygon POINTS="1946 1733 1944 1782 1944 1782 1946 1733"/>
                                </Shape>
                            </Glyph>
                        </String>
                        <SP ID="segment_152" HPOS="1978"  VPOS="1732" WIDTH="9"  HEIGHT="58"/>
                        <String ID="segment_153" CONTENT="la" HPOS="1992" VPOS="1732" WIDTH="42" HEIGHT="69" WC="0.843">
                            <Shape>
                                <Polygon POINTS="1994 1732 1992 1792 2032 1801 2034 1736"/>
                            </Shape>
                            <Glyph ID="char_488" CONTENT="l" HPOS="1992" VPOS="1732" WIDTH="2" HEIGHT="60" GC="0.6862">
                                <Shape>
                                    <Polygon POINTS="1994 1732 1992 1792 1992 1792 1994 1732"/>
                                </Shape>
                            </Glyph>
                            <Glyph ID="char_489" CONTENT="a" HPOS="2032" VPOS="1736" WIDTH="2" HEIGHT="65" GC="0.9997">
                                <Shape>
                                    <Polygon POINTS="2034 1736 2032 1801 2032 1801 2034 1736"/>
                                </Shape>
                            </Glyph>
                        </String>
                        <SP ID="segment_154" HPOS="2100"  VPOS="1738" WIDTH="8"  HEIGHT="59"/>
                        <String ID="segment_155" CONTENT="Colonies," HPOS="2120" VPOS="1720" WIDTH="278" HEIGHT="87" WC="0.9749">
                            <Shape>
                                <Polygon POINTS="2122 1739 2120 1806 2397 1794 2398 1752"/>
                            </Shape>
                            <Glyph ID="char_491" CONTENT="C" HPOS="2120" VPOS="1739" WIDTH="2" HEIGHT="67" GC="0.996">
                                <Shape>
                                    <Polygon POINTS="2122 1739 2120 1806 2120 1806 2122 1739"/>
                                </Shape>
                            </Glyph>
                            <Glyph ID="char_492" CONTENT="o" HPOS="2187" VPOS="1720" WIDTH="2" HEIGHT="86" GC="0.9899">
                                <Shape>
                                    <Polygon POINTS="2189 1720 2187 1806 2187 1806 2189 1720"/>
                                </Shape>
                            </Glyph>
                            <Glyph ID="char_493" CONTENT="l" HPOS="2221" VPOS="1722" WIDTH="2" HEIGHT="82" GC="0.9954">
                                <Shape>
                                    <Polygon POINTS="2223 1722 2221 1804 2221 1804 2223 1722"/>
                                </Shape>
                            </Glyph>
                            <Glyph ID="char_494" CONTENT="o" HPOS="2248" VPOS="1723" WIDTH="2" HEIGHT="78" GC="0.9996">
                                <Shape>
                                    <Polygon POINTS="2250 1723 2248 1801 2248 1801 2250 1723"/>
                                </Shape>
                            </Glyph>
                            <Glyph ID="char_495" CONTENT="n" HPOS="2289" VPOS="1725" WIDTH="2" HEIGHT="78" GC="0.9995">
                                <Shape>
                                    <Polygon POINTS="2291 1725 2289 1803 2289 1803 2291 1725"/>
                                </Shape>
                            </Glyph>
                            <Glyph ID="char_496" CONTENT="i" HPOS="2302" VPOS="1733" WIDTH="2" HEIGHT="71" GC="1.0">
                                <Shape>
                                    <Polygon POINTS="2304 1733 2302 1804 2302 1804 2304 1733"/>
                                </Shape>
                            </Glyph>
                            <Glyph ID="char_497" CONTENT="e" HPOS="2329" VPOS="1749" WIDTH="1" HEIGHT="58" GC="0.8338">
                                <Shape>
                                    <Polygon POINTS="2330 1749 2329 1807 2329 1807 2330 1749"/>
                                </Shape>
                            </Glyph>
                            <Glyph ID="char_498" CONTENT="s" HPOS="2363" VPOS="1752" WIDTH="1" HEIGHT="53" GC="0.9979">
                                <Shape>
                                    <Polygon POINTS="2364 1752 2363 1805 2363 1805 2364 1752"/>
                                </Shape>
                            </Glyph>
                            <Glyph ID="char_499" CONTENT="," HPOS="2397" VPOS="1752" WIDTH="1" HEIGHT="42" GC="0.9619">
                                <Shape>
                                    <Polygon POINTS="2398 1752 2397 1794 2397 1794 2398 1752"/>
                                </Shape>
                            </Glyph>
                        </String>
                    </TextLine>

                    <TextLine ID="05c9f38d-29be-4235-ae23-5e101eddb64e" HPOS="1280.0" VPOS="1798.0" WIDTH="1403.0" HEIGHT="159.0" BASELINE="1282.0 1862.0 1757.0 1891.0 2683.0 1907.0" TAGREFS="LINE_TYPE_1">
                        <Shape>
                            <Polygon POINTS="1282.0 1862.0 1280.0 1884.0 1326.0 1886.0 1375.0 1928.0 1377.0 1928.0 1379.0 1928.0 1381.0 1928.0 1612.0 1924.0 1680.0 1936.0 1683.0 1936.0 1685.0 1936.0 1744.0 1911.0 1883.0 1919.0 1885.0 1919.0 1942.0 1907.0 1998.0 1936.0 2000.0 1936.0 2002.0 1936.0 2004.0 1936.0 2006.0 1936.0 2033.0 1913.0 2291.0 1913.0 2338.0 1952.0 2340.0 1952.0 2343.0 1952.0 2373.0 1954.0 2376.0 1957.0 2413.0 1957.0 2413.0 1954.0 2415.0 1954.0 2417.0 1954.0 2464.0 1924.0 2607.0 1936.0 2609.0 1936.0 2681.0 1921.0 2683.0 1907.0 2681.0 1876.0 2600.0 1864.0 2598.0 1864.0 2431.0 1868.0 2384.0 1827.0 2382.0 1827.0 2380.0 1827.0 2378.0 1827.0 2376.0 1827.0 2256.0 1860.0 2173.0 1835.0 2171.0 1835.0 2169.0 1835.0 2167.0 1835.0 2114.0 1860.0 2054.0 1816.0 2052.0 1816.0 2050.0 1816.0 1988.0 1814.0 1986.0 1814.0 1984.0 1814.0 1982.0 1814.0 1936.0 1853.0 1916.0 1853.0 1889.0 1841.0 1887.0 1841.0 1885.0 1841.0 1771.0 1851.0 1716.0 1825.0 1713.0 1825.0 1711.0 1825.0 1709.0 1825.0 1707.0 1825.0 1670.0 1847.0 1621.0 1847.0 1542.0 1802.0 1540.0 1802.0 1538.0 1802.0 1315.0 1798.0 1313.0 1798.0 1311.0 1798.0 1309.0 1798.0 1282.0 1814.0 1282.0 1862.0"/>
                        </Shape>
                        <String ID="segment_156" CONTENT="sobligeant" HPOS="1309" VPOS="1798" WIDTH="370" HEIGHT="137" WC="0.9952">
                            <Shape>
                                <Polygon POINTS="1314 1798 1309 1885 1673 1935 1679 1842"/>
                            </Shape>
                            <Glyph ID="char_500" CONTENT="s" HPOS="1309" VPOS="1798" WIDTH="5" HEIGHT="87" GC="1.0">
                                <Shape>
                                    <Polygon POINTS="1314 1798 1309 1885 1309 1885 1314 1798"/>
                                </Shape>
                            </Glyph>
                            <Glyph ID="char_501" CONTENT="o" HPOS="1388" VPOS="1799" WIDTH="8" HEIGHT="129" GC="0.9999">
                                <Shape>
                                    <Polygon POINTS="1396 1799 1388 1928 1388 1928 1396 1799"/>
                                </Shape>
                            </Glyph>
                            <Glyph ID="char_502" CONTENT="b" HPOS="1425" VPOS="1800" WIDTH="8" HEIGHT="127" GC="1.0">
                                <Shape>
                                    <Polygon POINTS="1433 1800 1425 1927 1425 1927 1433 1800"/>
                                </Shape>
                            </Glyph>
                            <Glyph ID="char_503" CONTENT="l" HPOS="1462" VPOS="1801" WIDTH="8" HEIGHT="126" GC="0.9842">
                                <Shape>
                                    <Polygon POINTS="1470 1801 1462 1927 1462 1927 1470 1801"/>
                                </Shape>
                            </Glyph>
                            <Glyph ID="char_504" CONTENT="i" HPOS="1489" VPOS="1801" WIDTH="8" HEIGHT="125" GC="1.0">
                                <Shape>
                                    <Polygon POINTS="1497 1801 1489 1926 1489 1926 1497 1801"/>
                                </Shape>
                            </Glyph>
                            <Glyph ID="char_505" CONTENT="g" HPOS="1527" VPOS="1802" WIDTH="7" HEIGHT="123" GC="1.0">
                                <Shape>
                                    <Polygon POINTS="1534 1802 1527 1925 1527 1925 1534 1802"/>
                                </Shape>
                            </Glyph>
                            <Glyph ID="char_506" CONTENT="e" HPOS="1554" VPOS="1813" WIDTH="7" HEIGHT="112" GC="0.9768">
                                <Shape>
                                    <Polygon POINTS="1561 1813 1554 1925 1554 1925 1561 1813"/>
                                </Shape>
                            </Glyph>
                            <Glyph ID="char_507" CONTENT="a" HPOS="1591" VPOS="1833" WIDTH="5" HEIGHT="91" GC="0.9993">
                                <Shape>
                                    <Polygon POINTS="1596 1833 1591 1924 1591 1924 1596 1833"/>
                                </Shape>
                            </Glyph>
                            <Glyph ID="char_508" CONTENT="n" HPOS="1628" VPOS="1847" WIDTH="5" HEIGHT="80" GC="1.0">
                                <Shape>
                                    <Polygon POINTS="1633 1847 1628 1927 1628 1927 1633 1847"/>
                                </Shape>
                            </Glyph>
                            <Glyph ID="char_509" CONTENT="t" HPOS="1673" VPOS="1842" WIDTH="6" HEIGHT="93" GC="0.9918">
                                <Shape>
                                    <Polygon POINTS="1679 1842 1673 1935 1673 1935 1679 1842"/>
                                </Shape>
                            </Glyph>
                        </String>
                        <SP ID="segment_157" HPOS="1701"  VPOS="1825" WIDTH="15"  HEIGHT="104"/>
                        <String ID="segment_158" CONTENT="en" HPOS="1719" VPOS="1829" WIDTH="40" HEIGHT="93" WC="0.7785">
                            <Shape>
                                <Polygon POINTS="1725 1829 1719 1922 1758 1912 1759 1845"/>
                            </Shape>
                            <Glyph ID="char_511" CONTENT="e" HPOS="1719" VPOS="1829" WIDTH="6" HEIGHT="93" GC="0.9678">
                                <Shape>
                                    <Polygon POINTS="1725 1829 1719 1922 1719 1922 1725 1829"/>
                                </Shape>
                            </Glyph>
                            <Glyph ID="char_512" CONTENT="n" HPOS="1758" VPOS="1845" WIDTH="1" HEIGHT="67" GC="0.5892">
                                <Shape>
                                    <Polygon POINTS="1759 1845 1758 1912 1758 1912 1759 1845"/>
                                </Shape>
                            </Glyph>
                        </String>
                        <SP ID="segment_159" HPOS="1777"  VPOS="1850" WIDTH="1"  HEIGHT="63"/>
                        <String ID="segment_160" CONTENT="outre" HPOS="1795" VPOS="1842" WIDTH="102" HEIGHT="77" WC="0.997">
                            <Shape>
                                <Polygon POINTS="1796 1849 1795 1914 1896 1917 1897 1845"/>
                            </Shape>
                            <Glyph ID="char_514" CONTENT="o" HPOS="1795" VPOS="1849" WIDTH="1" HEIGHT="65" GC="0.9954">
                                <Shape>
                                    <Polygon POINTS="1796 1849 1795 1914 1795 1914 1796 1849"/>
                                </Shape>
                            </Glyph>
                            <Glyph ID="char_515" CONTENT="u" HPOS="1832" VPOS="1846" WIDTH="1" HEIGHT="70" GC="0.9999">
                                <Shape>
                                    <Polygon POINTS="1833 1846 1832 1916 1832 1916 1833 1846"/>
                                </Shape>
                            </Glyph>
                            <Glyph ID="char_516" CONTENT="t" HPOS="1850" VPOS="1844" WIDTH="1" HEIGHT="73" GC="0.9998">
                                <Shape>
                                    <Polygon POINTS="1851 1844 1850 1917 1850 1917 1851 1844"/>
                                </Shape>
                            </Glyph>
                            <Glyph ID="char_517" CONTENT="r" HPOS="1877" VPOS="1842" WIDTH="1" HEIGHT="77" GC="0.9997">
                                <Shape>
                                    <Polygon POINTS="1878 1842 1877 1919 1877 1919 1878 1842"/>
                                </Shape>
                            </Glyph>
                            <Glyph ID="char_518" CONTENT="e" HPOS="1896" VPOS="1845" WIDTH="1" HEIGHT="72" GC="0.9903">
                                <Shape>
                                    <Polygon POINTS="1897 1845 1896 1917 1896 1917 1897 1845"/>
                                </Shape>
                            </Glyph>
                        </String>
                        <SP ID="segment_161" HPOS="1951"  VPOS="1832" WIDTH="10"  HEIGHT="84"/>
                        <String ID="segment_162" CONTENT="ledit" HPOS="1969" VPOS="1815" WIDTH="148" HEIGHT="121" WC="0.9968">
                            <Shape>
                                <Polygon POINTS="1970 1824 1969 1921 2116 1913 2117 1859"/>
                            </Shape>
                            <Glyph ID="char_520" CONTENT="l" HPOS="1969" VPOS="1824" WIDTH="1" HEIGHT="97" GC="0.9872">
                                <Shape>
                                    <Polygon POINTS="1970 1824 1969 1921 1969 1921 1970 1824"/>
                                </Shape>
                            </Glyph>
                            <Glyph ID="char_521" CONTENT="e" HPOS="2005" VPOS="1815" WIDTH="2" HEIGHT="121" GC="1.0">
                                <Shape>
                                    <Polygon POINTS="2007 1815 2005 1936 2005 1936 2007 1815"/>
                                </Shape>
                            </Glyph>
                            <Glyph ID="char_522" CONTENT="d" HPOS="2052" VPOS="1816" WIDTH="1" HEIGHT="97" GC="0.9997">
                                <Shape>
                                    <Polygon POINTS="2053 1816 2052 1913 2052 1913 2053 1816"/>
                                </Shape>
                            </Glyph>
                            <Glyph ID="char_523" CONTENT="i" HPOS="2089" VPOS="1842" WIDTH="10" HEIGHT="71" GC="1.0">
                                <Shape>
                                    <Polygon POINTS="2090 1842 2089 1913 2098 1913 2099 1849"/>
                                </Shape>
                            </Glyph>
                            <Glyph ID="char_524" CONTENT="t" HPOS="2116" VPOS="1859" WIDTH="1" HEIGHT="54" GC="0.997">
                                <Shape>
                                    <Polygon POINTS="2117 1859 2116 1913 2116 1913 2117 1859"/>
                                </Shape>
                            </Glyph>
                        </String>
                        <SP ID="segment_163" HPOS="2189"  VPOS="1840" WIDTH="11"  HEIGHT="73"/>
                        <String ID="segment_164" CONTENT="S^r" HPOS="2208" VPOS="1846" WIDTH="47" HEIGHT="67" WC="0.9993">
                            <Shape>
                                <Polygon POINTS="2209 1846 2208 1913 2254 1913 2255 1860"/>
                            </Shape>
                            <Glyph ID="char_526" CONTENT="S" HPOS="2208" VPOS="1846" WIDTH="1" HEIGHT="67" GC="0.9997">
                                <Shape>
                                    <Polygon POINTS="2209 1846 2208 1913 2208 1913 2209 1846"/>
                                </Shape>
                            </Glyph>
                            <Glyph ID="char_527" CONTENT="^" HPOS="2235" VPOS="1854" WIDTH="11" HEIGHT="59" GC="0.9994">
                                <Shape>
                                    <Polygon POINTS="2236 1854 2235 1913 2245 1913 2246 1857"/>
                                </Shape>
                            </Glyph>
                            <Glyph ID="char_528" CONTENT="r" HPOS="2254" VPOS="1860" WIDTH="1" HEIGHT="53" GC="0.9989">
                                <Shape>
                                    <Polygon POINTS="2255 1860 2254 1913 2254 1913 2255 1860"/>
                                </Shape>
                            </Glyph>
                        </String>
                        <SP ID="segment_165" HPOS="2290"  VPOS="1848" WIDTH="11"  HEIGHT="72"/>
                        <String ID="segment_166" CONTENT="Gourgue" HPOS="2317" VPOS="1830" WIDTH="195" HEIGHT="127" WC="0.8607">
                            <Shape>
                                <Polygon POINTS="2319 1843 2317 1935 2511 1928 2512 1866"/>
                            </Shape>
                            <Glyph ID="char_530" CONTENT="G" HPOS="2317" VPOS="1843" WIDTH="2" HEIGHT="92" GC="0.7315">
                                <Shape>
                                    <Polygon POINTS="2319 1843 2317 1935 2317 1935 2319 1843"/>
                                </Shape>
                            </Glyph>
                            <Glyph ID="char_531" CONTENT="o" HPOS="2363" VPOS="1830" WIDTH="2" HEIGHT="123" GC="0.9268">
                                <Shape>
                                    <Polygon POINTS="2365 1830 2363 1953 2363 1953 2365 1830"/>
                                </Shape>
                            </Glyph>
                            <Glyph ID="char_532" CONTENT="u" HPOS="2399" VPOS="1842" WIDTH="2" HEIGHT="115" GC="0.4511">
                                <Shape>
                                    <Polygon POINTS="2401 1842 2399 1957 2399 1957 2401 1842"/>
                                </Shape>
                            </Glyph>
                            <Glyph ID="char_533" CONTENT="r" HPOS="2418" VPOS="1858" WIDTH="2" HEIGHT="95" GC="0.9999">
                                <Shape>
                                    <Polygon POINTS="2420 1858 2418 1953 2418 1953 2420 1858"/>
                                </Shape>
                            </Glyph>
                            <Glyph ID="char_534" CONTENT="g" HPOS="2456" VPOS="1867" WIDTH="1" HEIGHT="62" GC="0.9943">
                                <Shape>
                                    <Polygon POINTS="2457 1867 2456 1929 2456 1929 2457 1867"/>
                                </Shape>
                            </Glyph>
                            <Glyph ID="char_535" CONTENT="u" HPOS="2492" VPOS="1867" WIDTH="1" HEIGHT="59" GC="0.9945">
                                <Shape>
                                    <Polygon POINTS="2493 1867 2492 1926 2492 1926 2493 1867"/>
                                </Shape>
                            </Glyph>
                            <Glyph ID="char_536" CONTENT="e" HPOS="2511" VPOS="1866" WIDTH="1" HEIGHT="62" GC="0.9268">
                                <Shape>
                                    <Polygon POINTS="2512 1866 2511 1928 2511 1928 2512 1866"/>
                                </Shape>
                            </Glyph>
                        </String>
                        <SP ID="segment_167" HPOS="2538"  VPOS="1865" WIDTH="1"  HEIGHT="65"/>
                        <String ID="segment_168" CONTENT="de" HPOS="2556" VPOS="1864" WIDTH="47" HEIGHT="72" WC="0.996">
                            <Shape>
                                <Polygon POINTS="2557 1865 2556 1932 2601 1936 2603 1864"/>
                            </Shape>
                            <Glyph ID="char_538" CONTENT="d" HPOS="2556" VPOS="1865" WIDTH="1" HEIGHT="67" GC="0.9955">
                                <Shape>
                                    <Polygon POINTS="2557 1865 2556 1932 2556 1932 2557 1865"/>
                                </Shape>
                            </Glyph>
                            <Glyph ID="char_539" CONTENT="e" HPOS="2601" VPOS="1864" WIDTH="2" HEIGHT="72" GC="0.9965">
                                <Shape>
                                    <Polygon POINTS="2603 1864 2601 1936 2601 1936 2603 1864"/>
                                </Shape>
                            </Glyph>
                        </String>
                    </TextLine>

                    <TextLine ID="29a36a71-d35f-4d3c-89e0-7e3cd3c5f51a" HPOS="1095.0" VPOS="1957.0" WIDTH="1448.0" HEIGHT="123.0" BASELINE="1097.0 2006.0 1371.0 2006.0 1598.0 2020.0 2543.0 2045.0" TAGREFS="LINE_TYPE_1">
                        <Shape>
                            <Polygon POINTS="1097.0 2006.0 1095.0 2033.0 1155.0 2033.0 1185.0 2047.0 1188.0 2047.0 1190.0 2047.0 1192.0 2047.0 1194.0 2047.0 1231.0 2023.0 1423.0 2023.0 1472.0 2058.0 1474.0 2058.0 1476.0 2058.0 1478.0 2058.0 1480.0 2058.0 1513.0 2043.0 1612.0 2049.0 1614.0 2049.0 1617.0 2049.0 1662.0 2031.0 1732.0 2031.0 1889.0 2039.0 1916.0 2058.0 1918.0 2058.0 1920.0 2058.0 1922.0 2058.0 1984.0 2049.0 2008.0 2070.0 2008.0 2072.0 2010.0 2072.0 2013.0 2072.0 2149.0 2076.0 2151.0 2076.0 2153.0 2076.0 2198.0 2058.0 2233.0 2066.0 2235.0 2066.0 2237.0 2066.0 2239.0 2066.0 2277.0 2047.0 2305.0 2062.0 2307.0 2062.0 2458.0 2064.0 2489.0 2080.0 2491.0 2080.0 2493.0 2080.0 2495.0 2080.0 2541.0 2058.0 2543.0 2045.0 2543.0 2010.0 2518.0 1985.0 2518.0 1983.0 2516.0 1983.0 2514.0 1983.0 2512.0 1983.0 2429.0 1992.0 2384.0 1979.0 2382.0 1979.0 2334.0 1979.0 2332.0 1979.0 2330.0 1979.0 2328.0 1979.0 2301.0 2002.0 2237.0 2002.0 2211.0 1977.0 2211.0 1975.0 2208.0 1975.0 2206.0 1975.0 2107.0 1973.0 2105.0 1973.0 1988.0 1994.0 1957.0 1975.0 1955.0 1975.0 1953.0 1975.0 1951.0 1975.0 1949.0 1975.0 1909.0 1992.0 1833.0 1965.0 1831.0 1965.0 1829.0 1965.0 1763.0 1973.0 1740.0 1963.0 1738.0 1963.0 1736.0 1963.0 1734.0 1963.0 1732.0 1963.0 1705.0 1985.0 1598.0 1985.0 1565.0 1961.0 1563.0 1961.0 1561.0 1961.0 1559.0 1961.0 1557.0 1961.0 1555.0 1961.0 1532.0 1975.0 1495.0 1957.0 1493.0 1957.0 1491.0 1957.0 1394.0 1975.0 1097.0 1971.0 1097.0 2006.0"/>
                        </Shape>
                        <String ID="segment_169" CONTENT="nourrir" HPOS="1162" VPOS="1972" WIDTH="151" HEIGHT="75" WC="0.9939">
                            <Shape>
                                <Polygon POINTS="1162 1972 1162 2036 1313 2023 1313 1974"/>
                            </Shape>
                            <Glyph ID="char_540" CONTENT="n" HPOS="1162" VPOS="1972" WIDTH="0" HEIGHT="64" GC="1.0">
                                <Shape>
                                    <Polygon POINTS="1162 1972 1162 2036 1162 2036 1162 1972"/>
                                </Shape>
                            </Glyph>
                            <Glyph ID="char_541" CONTENT="o" HPOS="1191" VPOS="1972" WIDTH="0" HEIGHT="75" GC="1.0">
                                <Shape>
                                    <Polygon POINTS="1191 1972 1191 2047 1191 2047 1191 1972"/>
                                </Shape>
                            </Glyph>
                            <Glyph ID="char_542" CONTENT="u" HPOS="1220" VPOS="1973" WIDTH="0" HEIGHT="57" GC="0.9734">
                                <Shape>
                                    <Polygon POINTS="1220 1973 1220 2030 1220 2030 1220 1973"/>
                                </Shape>
                            </Glyph>
                            <Glyph ID="char_543" CONTENT="r" HPOS="1241" VPOS="1973" WIDTH="0" HEIGHT="50" GC="0.9849">
                                <Shape>
                                    <Polygon POINTS="1241 1973 1241 2023 1241 2023 1241 1973"/>
                                </Shape>
                            </Glyph>
                            <Glyph ID="char_544" CONTENT="r" HPOS="1270" VPOS="1973" WIDTH="0" HEIGHT="50" GC="0.999">
                                <Shape>
                                    <Polygon POINTS="1270 1973 1270 2023 1270 2023 1270 1973"/>
                                </Shape>
                            </Glyph>
                            <Glyph ID="char_545" CONTENT="i" HPOS="1284" VPOS="1974" WIDTH="0" HEIGHT="49" GC="1.0">
                                <Shape>
                                    <Polygon POINTS="1284 1974 1284 2023 1284 2023 1284 1974"/>
                                </Shape>
                            </Glyph>
                            <Glyph ID="char_546" CONTENT="r" HPOS="1313" VPOS="1974" WIDTH="0" HEIGHT="49" GC="0.9999">
                                <Shape>
                                    <Polygon POINTS="1313 1974 1313 2023 1313 2023 1313 1974"/>
                                </Shape>
                            </Glyph>
                        </String>
                        <SP ID="segment_170" HPOS="1349"  VPOS="1974" WIDTH="8"  HEIGHT="49"/>
                        <String ID="segment_171" CONTENT="entretenir," HPOS="1371" VPOS="1959" WIDTH="318" HEIGHT="99" WC="0.9879">
                            <Shape>
                                <Polygon POINTS="1371 1975 1371 2023 1687 2031 1689 1985"/>
                            </Shape>
                            <Glyph ID="char_548" CONTENT="e" HPOS="1371" VPOS="1975" WIDTH="0" HEIGHT="48" GC="1.0">
                                <Shape>
                                    <Polygon POINTS="1371 1975 1371 2023 1371 2023 1371 1975"/>
                                </Shape>
                            </Glyph>
                            <Glyph ID="char_549" CONTENT="n" HPOS="1406" VPOS="1972" WIDTH="3" HEIGHT="51" GC="0.9564">
                                <Shape>
                                    <Polygon POINTS="1409 1972 1406 2023 1406 2023 1409 1972"/>
                                </Shape>
                            </Glyph>
                            <Glyph ID="char_550" CONTENT="t" HPOS="1448" VPOS="1964" WIDTH="5" HEIGHT="77" GC="0.9997">
                                <Shape>
                                    <Polygon POINTS="1453 1964 1448 2041 1448 2041 1453 1964"/>
                                </Shape>
                            </Glyph>
                            <Glyph ID="char_551" CONTENT="r" HPOS="1469" VPOS="1959" WIDTH="13" HEIGHT="99" GC="0.999">
                                <Shape>
                                    <Polygon POINTS="1475 1960 1469 2056 1476 2058 1482 1959"/>
                                </Shape>
                            </Glyph>
                            <Glyph ID="char_552" CONTENT="e" HPOS="1499" VPOS="1961" WIDTH="5" HEIGHT="89" GC="1.0">
                                <Shape>
                                    <Polygon POINTS="1504 1961 1499 2050 1499 2050 1504 1961"/>
                                </Shape>
                            </Glyph>
                            <Glyph ID="char_553" CONTENT="t" HPOS="1535" VPOS="1970" WIDTH="5" HEIGHT="74" GC="0.9984">
                                <Shape>
                                    <Polygon POINTS="1540 1970 1535 2044 1535 2044 1540 1970"/>
                                </Shape>
                            </Glyph>
                            <Glyph ID="char_554" CONTENT="e" HPOS="1556" VPOS="1961" WIDTH="5" HEIGHT="85" GC="0.9993">
                                <Shape>
                                    <Polygon POINTS="1561 1961 1556 2046 1556 2046 1561 1961"/>
                                </Shape>
                            </Glyph>
                            <Glyph ID="char_555" CONTENT="n" HPOS="1592" VPOS="1983" WIDTH="4" HEIGHT="65" GC="1.0">
                                <Shape>
                                    <Polygon POINTS="1596 1983 1592 2048 1592 2048 1596 1983"/>
                                </Shape>
                            </Glyph>
                            <Glyph ID="char_556" CONTENT="i" HPOS="1615" VPOS="1985" WIDTH="2" HEIGHT="64" GC="0.9978">
                                <Shape>
                                    <Polygon POINTS="1617 1985 1615 2049 1615 2049 1617 1985"/>
                                </Shape>
                            </Glyph>
                            <Glyph ID="char_557" CONTENT="r" HPOS="1651" VPOS="1985" WIDTH="2" HEIGHT="50" GC="1.0">
                                <Shape>
                                    <Polygon POINTS="1653 1985 1651 2035 1651 2035 1653 1985"/>
                                </Shape>
                            </Glyph>
                            <Glyph ID="char_558" CONTENT="," HPOS="1687" VPOS="1985" WIDTH="2" HEIGHT="46" GC="0.9159">
                                <Shape>
                                    <Polygon POINTS="1689 1985 1687 2031 1687 2031 1689 1985"/>
                                </Shape>
                            </Glyph>
                        </String>
                        <SP ID="segment_172" HPOS="1716"  VPOS="1969" WIDTH="9"  HEIGHT="62"/>
                        <String ID="segment_173" CONTENT="blanchir" HPOS="1745" VPOS="1966" WIDTH="246" HEIGHT="92" WC="0.9781">
                            <Shape>
                                <Polygon POINTS="1747 1966 1745 2032 1990 2054 1991 1993"/>
                            </Shape>
                            <Glyph ID="char_560" CONTENT="b" HPOS="1745" VPOS="1966" WIDTH="2" HEIGHT="66" GC="0.9994">
                                <Shape>
                                    <Polygon POINTS="1747 1966 1745 2032 1745 2032 1747 1966"/>
                                </Shape>
                            </Glyph>
                            <Glyph ID="char_561" CONTENT="l" HPOS="1788" VPOS="1970" WIDTH="2" HEIGHT="64" GC="0.9882">
                                <Shape>
                                    <Polygon POINTS="1790 1970 1788 2034 1788 2034 1790 1970"/>
                                </Shape>
                            </Glyph>
                            <Glyph ID="char_562" CONTENT="a" HPOS="1817" VPOS="1966" WIDTH="2" HEIGHT="69" GC="0.994">
                                <Shape>
                                    <Polygon POINTS="1819 1966 1817 2035 1817 2035 1819 1966"/>
                                </Shape>
                            </Glyph>
                            <Glyph ID="char_563" CONTENT="n" HPOS="1860" VPOS="1975" WIDTH="2" HEIGHT="63" GC="0.9978">
                                <Shape>
                                    <Polygon POINTS="1862 1975 1860 2038 1860 2038 1862 1975"/>
                                </Shape>
                            </Glyph>
                            <Glyph ID="char_564" CONTENT="c" HPOS="1889" VPOS="1985" WIDTH="2" HEIGHT="54" GC="0.9995">
                                <Shape>
                                    <Polygon POINTS="1891 1985 1889 2039 1889 2039 1891 1985"/>
                                </Shape>
                            </Glyph>
                            <Glyph ID="char_565" CONTENT="h" HPOS="1918" VPOS="1988" WIDTH="2" HEIGHT="70" GC="0.9997">
                                <Shape>
                                    <Polygon POINTS="1920 1988 1918 2058 1918 2058 1920 1988"/>
                                </Shape>
                            </Glyph>
                            <Glyph ID="char_566" CONTENT="i" HPOS="1961" VPOS="1979" WIDTH="2" HEIGHT="73" GC="0.9916">
                                <Shape>
                                    <Polygon POINTS="1963 1979 1961 2052 1961 2052 1963 1979"/>
                                </Shape>
                            </Glyph>
                            <Glyph ID="char_567" CONTENT="r" HPOS="1990" VPOS="1993" WIDTH="1" HEIGHT="61" GC="0.8547">
                                <Shape>
                                    <Polygon POINTS="1991 1993 1990 2054 1990 2054 1991 1993"/>
                                </Shape>
                            </Glyph>
                        </String>
                        <SP ID="segment_174" HPOS="2018"  VPOS="1987" WIDTH="10"  HEIGHT="85"/>
                        <String ID="segment_175" CONTENT="et" HPOS="2032" VPOS="1979" WIDTH="39" HEIGHT="95" WC="0.9768">
                            <Shape>
                                <Polygon POINTS="2035 1986 2032 2073 2068 2074 2071 1979"/>
                            </Shape>
                            <Glyph ID="char_569" CONTENT="e" HPOS="2032" VPOS="1986" WIDTH="3" HEIGHT="87" GC="0.9536">
                                <Shape>
                                    <Polygon POINTS="2035 1986 2032 2073 2032 2073 2035 1986"/>
                                </Shape>
                            </Glyph>
                            <Glyph ID="char_570" CONTENT="t" HPOS="2068" VPOS="1979" WIDTH="3" HEIGHT="95" GC="1.0">
                                <Shape>
                                    <Polygon POINTS="2071 1979 2068 2074 2068 2074 2071 1979"/>
                                </Shape>
                            </Glyph>
                        </String>
                        <SP ID="segment_176" HPOS="2090"  VPOS="1974" WIDTH="10"  HEIGHT="100"/>
                        <String ID="segment_177" CONTENT="loger" HPOS="2111" VPOS="1973" WIDTH="132" HEIGHT="103" WC="0.992">
                            <Shape>
                                <Polygon POINTS="2114 1973 2111 2075 2242 2065 2243 2002"/>
                            </Shape>
                            <Glyph ID="char_572" CONTENT="l" HPOS="2111" VPOS="1973" WIDTH="3" HEIGHT="102" GC="0.9965">
                                <Shape>
                                    <Polygon POINTS="2114 1973 2111 2075 2111 2075 2114 1973"/>
                                </Shape>
                            </Glyph>
                            <Glyph ID="char_573" CONTENT="o" HPOS="2147" VPOS="1974" WIDTH="3" HEIGHT="102" GC="0.9987">
                                <Shape>
                                    <Polygon POINTS="2150 1974 2147 2076 2147 2076 2150 1974"/>
                                </Shape>
                            </Glyph>
                            <Glyph ID="char_574" CONTENT="g" HPOS="2185" VPOS="1975" WIDTH="2" HEIGHT="88" GC="0.998">
                                <Shape>
                                    <Polygon POINTS="2187 1975 2185 2063 2185 2063 2187 1975"/>
                                </Shape>
                            </Glyph>
                            <Glyph ID="char_575" CONTENT="e" HPOS="2213" VPOS="1981" WIDTH="2" HEIGHT="80" GC="0.9973">
                                <Shape>
                                    <Polygon POINTS="2215 1981 2213 2061 2213 2061 2215 1981"/>
                                </Shape>
                            </Glyph>
                            <Glyph ID="char_576" CONTENT="r" HPOS="2242" VPOS="2002" WIDTH="1" HEIGHT="63" GC="0.9697">
                                <Shape>
                                    <Polygon POINTS="2243 2002 2242 2065 2242 2065 2243 2002"/>
                                </Shape>
                            </Glyph>
                        </String>
                        <SP ID="segment_178" HPOS="2293"  VPOS="2002" WIDTH="8"  HEIGHT="57"/>
                        <String ID="segment_179" CONTENT="le" HPOS="2314" VPOS="1979" WIDTH="31" HEIGHT="83" WC="0.9993">
                            <Shape>
                                <Polygon POINTS="2316 1990 2314 2062 2343 2062 2345 1979"/>
                            </Shape>
                            <Glyph ID="char_578" CONTENT="l" HPOS="2314" VPOS="1990" WIDTH="2" HEIGHT="72" GC="0.9992">
                                <Shape>
                                    <Polygon POINTS="2316 1990 2314 2062 2314 2062 2316 1990"/>
                                </Shape>
                            </Glyph>
                            <Glyph ID="char_579" CONTENT="e" HPOS="2343" VPOS="1979" WIDTH="2" HEIGHT="83" GC="0.9993">
                                <Shape>
                                    <Polygon POINTS="2345 1979 2343 2062 2343 2062 2345 1979"/>
                                </Shape>
                            </Glyph>
                        </String>
                        <SP ID="segment_180" HPOS="2372"  VPOS="1979" WIDTH="2"  HEIGHT="84"/>
                        <String ID="segment_181" CONTENT="dits" HPOS="2386" VPOS="1980" WIDTH="111" HEIGHT="100" WC="0.9967">
                            <Shape>
                                <Polygon POINTS="2388 1980 2386 2063 2494 2080 2497 1985"/>
                            </Shape>
                            <Glyph ID="char_581" CONTENT="d" HPOS="2386" VPOS="1980" WIDTH="2" HEIGHT="83" GC="0.9994">
                                <Shape>
                                    <Polygon POINTS="2388 1980 2386 2063 2386 2063 2388 1980"/>
                                </Shape>
                            </Glyph>
                            <Glyph ID="char_582" CONTENT="i" HPOS="2430" VPOS="1992" WIDTH="2" HEIGHT="72" GC="0.9902">
                                <Shape>
                                    <Polygon POINTS="2432 1992 2430 2064 2430 2064 2432 1992"/>
                                </Shape>
                            </Glyph>
                            <Glyph ID="char_583" CONTENT="t" HPOS="2458" VPOS="1989" WIDTH="2" HEIGHT="75" GC="0.9982">
                                <Shape>
                                    <Polygon POINTS="2460 1989 2458 2064 2458 2064 2460 1989"/>
                                </Shape>
                            </Glyph>
                            <Glyph ID="char_584" CONTENT="s" HPOS="2494" VPOS="1985" WIDTH="3" HEIGHT="95" GC="0.9991">
                                <Shape>
                                    <Polygon POINTS="2497 1985 2494 2080 2494 2080 2497 1985"/>
                                </Shape>
                            </Glyph>
                        </String>
                    </TextLine>

                    <TextLine ID="ecbeceeb-2897-4b1b-968e-1f76c34410ce" HPOS="1124.0" VPOS="2064.0" WIDTH="1384.0" HEIGHT="146.0" BASELINE="1126.0 2132.0 2508.0 2171.0" TAGREFS="LINE_TYPE_1">
                        <Shape>
                            <Polygon POINTS="1126.0 2132.0 1124.0 2165.0 1157.0 2161.0 1185.0 2185.0 1188.0 2185.0 1190.0 2185.0 1272.0 2190.0 1274.0 2190.0 1276.0 2190.0 1344.0 2159.0 1388.0 2192.0 1390.0 2192.0 1392.0 2192.0 1522.0 2196.0 1524.0 2196.0 1526.0 2196.0 1528.0 2196.0 1553.0 2175.0 1577.0 2196.0 1577.0 2198.0 1579.0 2198.0 1581.0 2198.0 1641.0 2200.0 1643.0 2200.0 1645.0 2200.0 1647.0 2200.0 1705.0 2165.0 1755.0 2194.0 1757.0 2194.0 1759.0 2194.0 1761.0 2194.0 1763.0 2194.0 1775.0 2183.0 1800.0 2204.0 1802.0 2204.0 1804.0 2204.0 1852.0 2206.0 1854.0 2206.0 1856.0 2206.0 1924.0 2169.0 2419.0 2183.0 2458.0 2210.0 2460.0 2210.0 2462.0 2210.0 2464.0 2210.0 2466.0 2210.0 2505.0 2188.0 2508.0 2171.0 2508.0 2134.0 2479.0 2111.0 2477.0 2111.0 2475.0 2111.0 2472.0 2111.0 2433.0 2119.0 2388.0 2105.0 2386.0 2105.0 2384.0 2105.0 2382.0 2105.0 2380.0 2105.0 2334.0 2132.0 2254.0 2130.0 2223.0 2101.0 2223.0 2099.0 2221.0 2099.0 2219.0 2099.0 2217.0 2099.0 2215.0 2099.0 2151.0 2128.0 2128.0 2105.0 2128.0 2103.0 2126.0 2103.0 2124.0 2103.0 2122.0 2103.0 2120.0 2103.0 2099.0 2111.0 2046.0 2091.0 2043.0 2091.0 2010.0 2091.0 2008.0 2091.0 2006.0 2091.0 1949.0 2122.0 1829.0 2119.0 1753.0 2089.0 1751.0 2089.0 1749.0 2089.0 1746.0 2089.0 1670.0 2113.0 1635.0 2103.0 1633.0 2103.0 1631.0 2103.0 1581.0 2111.0 1565.0 2099.0 1563.0 2099.0 1561.0 2099.0 1559.0 2099.0 1557.0 2099.0 1555.0 2099.0 1540.0 2109.0 1449.0 2109.0 1410.0 2084.0 1408.0 2084.0 1406.0 2084.0 1404.0 2084.0 1338.0 2097.0 1309.0 2072.0 1309.0 2070.0 1307.0 2070.0 1305.0 2070.0 1126.0 2064.0 1126.0 2132.0"/>
                        </Shape>
                        <String ID="segment_182" CONTENT="Augustin" HPOS="1158" VPOS="2065" WIDTH="289" HEIGHT="129" WC="0.9395">
                            <Shape>
                                <Polygon POINTS="1161 2065 1158 2162 1444 2194 1447 2108"/>
                            </Shape>
                            <Glyph ID="char_585" CONTENT="A" HPOS="1158" VPOS="2065" WIDTH="3" HEIGHT="97" GC="1.0">
                                <Shape>
                                    <Polygon POINTS="1161 2065 1158 2162 1158 2162 1161 2065"/>
                                </Shape>
                            </Glyph>
                            <Glyph ID="char_586" CONTENT="u" HPOS="1280" VPOS="2069" WIDTH="4" HEIGHT="119" GC="0.9999">
                                <Shape>
                                    <Polygon POINTS="1284 2069 1280 2188 1280 2188 1284 2069"/>
                                </Shape>
                            </Glyph>
                            <Glyph ID="char_587" CONTENT="g" HPOS="1305" VPOS="2070" WIDTH="3" HEIGHT="107" GC="0.9996">
                                <Shape>
                                    <Polygon POINTS="1308 2070 1305 2177 1305 2177 1308 2070"/>
                                </Shape>
                            </Glyph>
                            <Glyph ID="char_588" CONTENT="u" HPOS="1338" VPOS="2097" WIDTH="2" HEIGHT="65" GC="1.0">
                                <Shape>
                                    <Polygon POINTS="1340 2097 1338 2162 1338 2162 1340 2097"/>
                                </Shape>
                            </Glyph>
                            <Glyph ID="char_589" CONTENT="s" HPOS="1363" VPOS="2092" WIDTH="2" HEIGHT="81" GC="0.5191">
                                <Shape>
                                    <Polygon POINTS="1365 2092 1363 2173 1363 2173 1365 2092"/>
                                </Shape>
                            </Glyph>
                            <Glyph ID="char_590" CONTENT="t" HPOS="1395" VPOS="2085" WIDTH="3" HEIGHT="107" GC="0.9999">
                                <Shape>
                                    <Polygon POINTS="1398 2085 1395 2192 1395 2192 1398 2085"/>
                                </Shape>
                            </Glyph>
                            <Glyph ID="char_591" CONTENT="i" HPOS="1411" VPOS="2087" WIDTH="3" HEIGHT="106" GC="0.9987">
                                <Shape>
                                    <Polygon POINTS="1414 2087 1411 2193 1411 2193 1414 2087"/>
                                </Shape>
                            </Glyph>
                            <Glyph ID="char_592" CONTENT="n" HPOS="1444" VPOS="2108" WIDTH="3" HEIGHT="86" GC="0.9992">
                                <Shape>
                                    <Polygon POINTS="1447 2108 1444 2194 1444 2194 1447 2108"/>
                                </Shape>
                            </Glyph>
                        </String>
                        <SP ID="segment_183" HPOS="1509"  VPOS="2109" WIDTH="12"  HEIGHT="87"/>
                        <String ID="segment_184" CONTENT="jusqu&#39;à" HPOS="1535" VPOS="2090" WIDTH="207" HEIGHT="110" WC="0.9688">
                            <Shape>
                                <Polygon POINTS="1537 2109 1535 2191 1740 2185 1742 2090"/>
                            </Shape>
                            <Glyph ID="char_594" CONTENT="j" HPOS="1535" VPOS="2109" WIDTH="2" HEIGHT="82" GC="1.0">
                                <Shape>
                                    <Polygon POINTS="1537 2109 1535 2191 1535 2191 1537 2109"/>
                                </Shape>
                            </Glyph>
                            <Glyph ID="char_595" CONTENT="u" HPOS="1568" VPOS="2103" WIDTH="10" HEIGHT="92" GC="0.998">
                                <Shape>
                                    <Polygon POINTS="1570 2103 1568 2188 1575 2195 1578 2109"/>
                                </Shape>
                            </Glyph>
                            <Glyph ID="char_596" CONTENT="s" HPOS="1600" VPOS="2107" WIDTH="3" HEIGHT="92" GC="0.8392">
                                <Shape>
                                    <Polygon POINTS="1603 2107 1600 2199 1600 2199 1603 2107"/>
                                </Shape>
                            </Glyph>
                            <Glyph ID="char_597" CONTENT="q" HPOS="1632" VPOS="2103" WIDTH="3" HEIGHT="97" GC="1.0">
                                <Shape>
                                    <Polygon POINTS="1635 2103 1632 2200 1632 2200 1635 2103"/>
                                </Shape>
                            </Glyph>
                            <Glyph ID="char_598" CONTENT="u" HPOS="1674" VPOS="2111" WIDTH="2" HEIGHT="73" GC="1.0">
                                <Shape>
                                    <Polygon POINTS="1676 2111 1674 2184 1674 2184 1676 2111"/>
                                </Shape>
                            </Glyph>
                            <Glyph ID="char_599" CONTENT="&#39;" HPOS="1707" VPOS="2098" WIDTH="10" HEIGHT="73" GC="1.0">
                                <Shape>
                                    <Polygon POINTS="1709 2101 1707 2166 1715 2171 1717 2098"/>
                                </Shape>
                            </Glyph>
                            <Glyph ID="char_600" CONTENT="a" HPOS="1732" VPOS="2093" WIDTH="2" HEIGHT="88" GC="0.9992">
                                <Shape>
                                    <Polygon POINTS="1734 2093 1732 2181 1732 2181 1734 2093"/>
                                </Shape>
                            </Glyph>
                            <Glyph ID="char_601" CONTENT="̀" HPOS="1740" VPOS="2090" WIDTH="2" HEIGHT="95" GC="0.9139">
                                <Shape>
                                    <Polygon POINTS="1742 2090 1740 2185 1740 2185 1742 2090"/>
                                </Shape>
                            </Glyph>
                        </String>
                        <SP ID="segment_185" HPOS="1773"  VPOS="2098" WIDTH="2"  HEIGHT="87"/>
                        <String ID="segment_186" CONTENT="ce" HPOS="1789" VPOS="2104" WIDTH="43" HEIGHT="101" WC="0.9994">
                            <Shape>
                                <Polygon POINTS="1791 2104 1789 2194 1829 2205 1832 2119"/>
                            </Shape>
                            <Glyph ID="char_603" CONTENT="c" HPOS="1789" VPOS="2104" WIDTH="2" HEIGHT="90" GC="1.0">
                                <Shape>
                                    <Polygon POINTS="1791 2104 1789 2194 1789 2194 1791 2104"/>
                                </Shape>
                            </Glyph>
                            <Glyph ID="char_604" CONTENT="e" HPOS="1829" VPOS="2119" WIDTH="3" HEIGHT="86" GC="0.9989">
                                <Shape>
                                    <Polygon POINTS="1832 2119 1829 2205 1829 2205 1832 2119"/>
                                </Shape>
                            </Glyph>
                        </String>
                        <SP ID="segment_187" HPOS="1846"  VPOS="2119" WIDTH="11"  HEIGHT="87"/>
                        <String ID="segment_188" CONTENT="qu&#39;il" HPOS="1880" VPOS="2101" WIDTH="108" HEIGHT="92" WC="0.9759">
                            <Shape>
                                <Polygon POINTS="1882 2120 1880 2193 1986 2171 1988 2101"/>
                            </Shape>
                            <Glyph ID="char_606" CONTENT="q" HPOS="1880" VPOS="2120" WIDTH="2" HEIGHT="73" GC="0.9996">
                                <Shape>
                                    <Polygon POINTS="1882 2120 1880 2193 1880 2193 1882 2120"/>
                                </Shape>
                            </Glyph>
                            <Glyph ID="char_607" CONTENT="u" HPOS="1912" VPOS="2121" WIDTH="2" HEIGHT="54" GC="0.9995">
                                <Shape>
                                    <Polygon POINTS="1914 2121 1912 2175 1912 2175 1914 2121"/>
                                </Shape>
                            </Glyph>
                            <Glyph ID="char_608" CONTENT="&#39;" HPOS="1953" VPOS="2114" WIDTH="11" HEIGHT="56" GC="1.0">
                                <Shape>
                                    <Polygon POINTS="1955 2119 1953 2170 1962 2170 1964 2114"/>
                                </Shape>
                            </Glyph>
                            <Glyph ID="char_609" CONTENT="i" HPOS="1970" VPOS="2110" WIDTH="2" HEIGHT="60" GC="0.8884">
                                <Shape>
                                    <Polygon POINTS="1972 2110 1970 2170 1970 2170 1972 2110"/>
                                </Shape>
                            </Glyph>
                            <Glyph ID="char_610" CONTENT="l" HPOS="1986" VPOS="2101" WIDTH="2" HEIGHT="70" GC="0.992">
                                <Shape>
                                    <Polygon POINTS="1988 2101 1986 2171 1986 2171 1988 2101"/>
                                </Shape>
                            </Glyph>
                        </String>
                        <SP ID="segment_189" HPOS="2027"  VPOS="2091" WIDTH="11"  HEIGHT="81"/>
                        <String ID="segment_190" CONTENT="soit" HPOS="2052" VPOS="2094" WIDTH="125" HEIGHT="82" WC="0.7853">
                            <Shape>
                                <Polygon POINTS="2054 2094 2052 2173 2175 2176 2177 2116"/>
                            </Shape>
                            <Glyph ID="char_612" CONTENT="s" HPOS="2052" VPOS="2094" WIDTH="2" HEIGHT="79" GC="0.52">
                                <Shape>
                                    <Polygon POINTS="2054 2094 2052 2173 2052 2173 2054 2094"/>
                                </Shape>
                            </Glyph>
                            <Glyph ID="char_613" CONTENT="o" HPOS="2126" VPOS="2105" WIDTH="2" HEIGHT="70" GC="0.9852">
                                <Shape>
                                    <Polygon POINTS="2128 2105 2126 2175 2126 2175 2128 2105"/>
                                </Shape>
                            </Glyph>
                            <Glyph ID="char_614" CONTENT="i" HPOS="2150" VPOS="2128" WIDTH="2" HEIGHT="47" GC="0.638">
                                <Shape>
                                    <Polygon POINTS="2152 2128 2150 2175 2150 2175 2152 2128"/>
                                </Shape>
                            </Glyph>
                            <Glyph ID="char_615" CONTENT="t" HPOS="2175" VPOS="2116" WIDTH="2" HEIGHT="60" GC="0.9978">
                                <Shape>
                                    <Polygon POINTS="2177 2116 2175 2176 2175 2176 2177 2116"/>
                                </Shape>
                            </Glyph>
                        </String>
                        <SP ID="segment_191" HPOS="2224"  VPOS="2104" WIDTH="10"  HEIGHT="74"/>
                        <String ID="segment_192" CONTENT="en" HPOS="2249" VPOS="2127" WIDTH="42" HEIGHT="52" WC="0.9748">
                            <Shape>
                                <Polygon POINTS="2251 2127 2249 2178 2290 2179 2291 2131"/>
                            </Shape>
                            <Glyph ID="char_617" CONTENT="e" HPOS="2249" VPOS="2127" WIDTH="2" HEIGHT="51" GC="0.954">
                                <Shape>
                                    <Polygon POINTS="2251 2127 2249 2178 2249 2178 2251 2127"/>
                                </Shape>
                            </Glyph>
                            <Glyph ID="char_618" CONTENT="n" HPOS="2290" VPOS="2131" WIDTH="1" HEIGHT="48" GC="0.9956">
                                <Shape>
                                    <Polygon POINTS="2291 2131 2290 2179 2290 2179 2291 2131"/>
                                </Shape>
                            </Glyph>
                        </String>
                        <SP ID="segment_193" HPOS="2314"  VPOS="2132" WIDTH="9"  HEIGHT="48"/>
                        <String ID="segment_194" CONTENT="état" HPOS="2331" VPOS="2111" WIDTH="108" HEIGHT="84" WC="0.9937">
                            <Shape>
                                <Polygon POINTS="2332 2132 2331 2181 2437 2195 2439 2118"/>
                            </Shape>
                            <Glyph ID="char_620" CONTENT="e" HPOS="2331" VPOS="2132" WIDTH="1" HEIGHT="49" GC="0.9717">
                                <Shape>
                                    <Polygon POINTS="2332 2132 2331 2181 2331 2181 2332 2132"/>
                                </Shape>
                            </Glyph>
                            <Glyph ID="char_621" CONTENT="́" HPOS="2339" VPOS="2123" WIDTH="10" HEIGHT="58" GC="1.0">
                                <Shape>
                                    <Polygon POINTS="2341 2128 2339 2181 2347 2181 2349 2123"/>
                                </Shape>
                            </Glyph>
                            <Glyph ID="char_622" CONTENT="t" HPOS="2363" VPOS="2114" WIDTH="2" HEIGHT="67" GC="0.9979">
                                <Shape>
                                    <Polygon POINTS="2365 2114 2363 2181 2363 2181 2365 2114"/>
                                </Shape>
                            </Glyph>
                            <Glyph ID="char_623" CONTENT="a" HPOS="2404" VPOS="2111" WIDTH="2" HEIGHT="72" GC="0.9997">
                                <Shape>
                                    <Polygon POINTS="2406 2111 2404 2183 2404 2183 2406 2111"/>
                                </Shape>
                            </Glyph>
                            <Glyph ID="char_624" CONTENT="t" HPOS="2437" VPOS="2118" WIDTH="2" HEIGHT="77" GC="0.9991">
                                <Shape>
                                    <Polygon POINTS="2439 2118 2437 2195 2437 2195 2439 2118"/>
                                </Shape>
                            </Glyph>
                        </String>
                    </TextLine>

                    <TextLine ID="45961f74-48bb-454e-a8c8-a17d8ff8f1cf" HPOS="1122.0" VPOS="2206.0" WIDTH="1377.0" HEIGHT="126.0" BASELINE="1124.0 2262.0 2499.0 2291.0" TAGREFS="LINE_TYPE_1">
                        <Shape>
                            <Polygon POINTS="1122.0 2309.0 1309.0 2315.0 1311.0 2315.0 1313.0 2315.0 1315.0 2315.0 1348.0 2291.0 1419.0 2293.0 1421.0 2293.0 1423.0 2293.0 1445.0 2282.0 1507.0 2282.0 1530.0 2297.0 1532.0 2297.0 1534.0 2297.0 1536.0 2297.0 1538.0 2297.0 1588.0 2284.0 1643.0 2299.0 1645.0 2299.0 1647.0 2299.0 1751.0 2289.0 1771.0 2303.0 1773.0 2303.0 1775.0 2303.0 1777.0 2303.0 1779.0 2303.0 1812.0 2291.0 1843.0 2317.0 1843.0 2320.0 1845.0 2320.0 1848.0 2320.0 1850.0 2320.0 1852.0 2320.0 1854.0 2320.0 1874.0 2303.0 1918.0 2330.0 1920.0 2330.0 1922.0 2330.0 2010.0 2332.0 2013.0 2332.0 2015.0 2332.0 2066.0 2309.0 2155.0 2303.0 2219.0 2322.0 2221.0 2322.0 2223.0 2322.0 2285.0 2311.0 2305.0 2320.0 2307.0 2320.0 2310.0 2320.0 2312.0 2320.0 2347.0 2303.0 2402.0 2320.0 2404.0 2320.0 2406.0 2320.0 2409.0 2320.0 2411.0 2320.0 2435.0 2303.0 2497.0 2303.0 2499.0 2291.0 2499.0 2260.0 2456.0 2237.0 2454.0 2237.0 2452.0 2237.0 2380.0 2247.0 2357.0 2231.0 2355.0 2231.0 2353.0 2231.0 2303.0 2229.0 2186.0 2227.0 2184.0 2227.0 2182.0 2227.0 2180.0 2227.0 2180.0 2229.0 2157.0 2249.0 2107.0 2251.0 2064.0 2251.0 2048.0 2237.0 2048.0 2235.0 2046.0 2235.0 2043.0 2235.0 2041.0 2235.0 1984.0 2247.0 1967.0 2235.0 1967.0 2233.0 1965.0 2233.0 1963.0 2233.0 1961.0 2233.0 1959.0 2233.0 1916.0 2247.0 1864.0 2221.0 1862.0 2221.0 1829.0 2221.0 1827.0 2221.0 1825.0 2221.0 1823.0 2221.0 1794.0 2243.0 1645.0 2243.0 1592.0 2214.0 1590.0 2214.0 1528.0 2214.0 1526.0 2214.0 1524.0 2214.0 1454.0 2237.0 1274.0 2221.0 1272.0 2221.0 1270.0 2221.0 1247.0 2231.0 1225.0 2208.0 1225.0 2206.0 1223.0 2206.0 1221.0 2206.0 1218.0 2206.0 1216.0 2206.0 1144.0 2231.0 1126.0 2225.0 1124.0 2262.0 1122.0 2309.0"/>
                        </Shape>
                        <String ID="segment_195" CONTENT="de" HPOS="1153" VPOS="2212" WIDTH="46" HEIGHT="99" WC="0.9998">
                            <Shape>
                                <Polygon POINTS="1155 2227 1153 2310 1197 2311 1199 2212"/>
                            </Shape>
                            <Glyph ID="char_625" CONTENT="d" HPOS="1153" VPOS="2227" WIDTH="2" HEIGHT="83" GC="1.0">
                                <Shape>
                                    <Polygon POINTS="1155 2227 1153 2310 1153 2310 1155 2227"/>
                                </Shape>
                            </Glyph>
                            <Glyph ID="char_626" CONTENT="e" HPOS="1197" VPOS="2212" WIDTH="2" HEIGHT="99" GC="0.9996">
                                <Shape>
                                    <Polygon POINTS="1199 2212 1197 2311 1197 2311 1199 2212"/>
                                </Shape>
                            </Glyph>
                        </String>
                        <SP ID="segment_196" HPOS="1234"  VPOS="2219" WIDTH="2"  HEIGHT="94"/>
                        <String ID="segment_197" CONTENT="gagner" HPOS="1256" VPOS="2222" WIDTH="173" HEIGHT="92" WC="0.9996">
                            <Shape>
                                <Polygon POINTS="1258 2226 1256 2313 1427 2291 1429 2235"/>
                            </Shape>
                            <Glyph ID="char_628" CONTENT="g" HPOS="1256" VPOS="2226" WIDTH="2" HEIGHT="87" GC="0.9999">
                                <Shape>
                                    <Polygon POINTS="1258 2226 1256 2313 1256 2313 1258 2226"/>
                                </Shape>
                            </Glyph>
                            <Glyph ID="char_629" CONTENT="a" HPOS="1286" VPOS="2222" WIDTH="2" HEIGHT="92" GC="1.0">
                                <Shape>
                                    <Polygon POINTS="1288 2222 1286 2314 1286 2314 1288 2222"/>
                                </Shape>
                            </Glyph>
                            <Glyph ID="char_630" CONTENT="g" HPOS="1323" VPOS="2226" WIDTH="2" HEIGHT="83" GC="0.9999">
                                <Shape>
                                    <Polygon POINTS="1325 2226 1323 2309 1323 2309 1325 2226"/>
                                </Shape>
                            </Glyph>
                            <Glyph ID="char_631" CONTENT="n" HPOS="1360" VPOS="2229" WIDTH="2" HEIGHT="62" GC="0.9997">
                                <Shape>
                                    <Polygon POINTS="1362 2229 1360 2291 1360 2291 1362 2229"/>
                                </Shape>
                            </Glyph>
                            <Glyph ID="char_632" CONTENT="e" HPOS="1390" VPOS="2231" WIDTH="2" HEIGHT="61" GC="0.9989">
                                <Shape>
                                    <Polygon POINTS="1392 2231 1390 2292 1390 2292 1392 2231"/>
                                </Shape>
                            </Glyph>
                            <Glyph ID="char_633" CONTENT="r" HPOS="1427" VPOS="2235" WIDTH="2" HEIGHT="56" GC="0.9993">
                                <Shape>
                                    <Polygon POINTS="1429 2235 1427 2291 1427 2291 1429 2235"/>
                                </Shape>
                            </Glyph>
                        </String>
                        <SP ID="segment_198" HPOS="1494"  VPOS="2221" WIDTH="9"  HEIGHT="61"/>
                        <String ID="segment_199" CONTENT="sa" HPOS="1517" VPOS="2216" WIDTH="90" HEIGHT="73" WC="0.9794">
                            <Shape>
                                <Polygon POINTS="1518 2216 1517 2288 1606 2289 1607 2222"/>
                            </Shape>
                            <Glyph ID="char_635" CONTENT="s" HPOS="1517" VPOS="2216" WIDTH="1" HEIGHT="72" GC="0.9999">
                                <Shape>
                                    <Polygon POINTS="1518 2216 1517 2288 1517 2288 1518 2216"/>
                                </Shape>
                            </Glyph>
                            <Glyph ID="char_636" CONTENT="a" HPOS="1606" VPOS="2222" WIDTH="1" HEIGHT="67" GC="0.9589">
                                <Shape>
                                    <Polygon POINTS="1607 2222 1606 2289 1606 2289 1607 2222"/>
                                </Shape>
                            </Glyph>
                        </String>
                        <SP ID="segment_200" HPOS="1634"  VPOS="2238" WIDTH="2"  HEIGHT="59"/>
                        <String ID="segment_201" CONTENT="vie" HPOS="1656" VPOS="2243" WIDTH="62" HEIGHT="55" WC="0.9926">
                            <Shape>
                                <Polygon POINTS="1658 2243 1656 2298 1716 2292 1718 2243"/>
                            </Shape>
                            <Glyph ID="char_638" CONTENT="v" HPOS="1656" VPOS="2243" WIDTH="2" HEIGHT="55" GC="0.9786">
                                <Shape>
                                    <Polygon POINTS="1658 2243 1656 2298 1656 2298 1658 2243"/>
                                </Shape>
                            </Glyph>
                            <Glyph ID="char_639" CONTENT="i" HPOS="1686" VPOS="2243" WIDTH="2" HEIGHT="52" GC="0.9996">
                                <Shape>
                                    <Polygon POINTS="1688 2243 1686 2295 1686 2295 1688 2243"/>
                                </Shape>
                            </Glyph>
                            <Glyph ID="char_640" CONTENT="e" HPOS="1716" VPOS="2243" WIDTH="2" HEIGHT="49" GC="0.9996">
                                <Shape>
                                    <Polygon POINTS="1718 2243 1716 2292 1716 2292 1718 2243"/>
                                </Shape>
                            </Glyph>
                        </String>
                        <SP ID="segment_202" HPOS="1760"  VPOS="2243" WIDTH="10"  HEIGHT="58"/>
                        <String ID="segment_203" CONTENT="a" HPOS="1782" VPOS="2243" WIDTH="2" HEIGHT="59" WC="0.974">
                            <Shape>
                                <Polygon POINTS="1784 2243 1782 2302 1782 2302 1784 2243"/>
                            </Shape>
                            <Glyph ID="char_642" CONTENT="a" HPOS="1782" VPOS="2243" WIDTH="2" HEIGHT="59" GC="0.974">
                                <Shape>
                                    <Polygon POINTS="1784 2243 1782 2302 1782 2302 1784 2243"/>
                                </Shape>
                            </Glyph>
                        </String>
                        <SP ID="segment_204" HPOS="1819"  VPOS="2221" WIDTH="10"  HEIGHT="83"/>
                        <String ID="segment_205" CONTENT="tout" HPOS="1842" VPOS="2221" WIDTH="83" HEIGHT="109" WC="0.9796">
                            <Shape>
                                <Polygon POINTS="1844 2221 1842 2316 1923 2330 1925 2244"/>
                            </Shape>
                            <Glyph ID="char_644" CONTENT="t" HPOS="1842" VPOS="2221" WIDTH="2" HEIGHT="95" GC="0.9999">
                                <Shape>
                                    <Polygon POINTS="1844 2221 1842 2316 1842 2316 1844 2221"/>
                                </Shape>
                            </Glyph>
                            <Glyph ID="char_645" CONTENT="o" HPOS="1864" VPOS="2222" WIDTH="2" HEIGHT="89" GC="0.998">
                                <Shape>
                                    <Polygon POINTS="1866 2222 1864 2311 1864 2311 1866 2222"/>
                                </Shape>
                            </Glyph>
                            <Glyph ID="char_646" CONTENT="u" HPOS="1893" VPOS="2236" WIDTH="2" HEIGHT="79" GC="0.9219">
                                <Shape>
                                    <Polygon POINTS="1895 2236 1893 2315 1893 2315 1895 2236"/>
                                </Shape>
                            </Glyph>
                            <Glyph ID="char_647" CONTENT="t" HPOS="1923" VPOS="2244" WIDTH="2" HEIGHT="86" GC="0.9986">
                                <Shape>
                                    <Polygon POINTS="1925 2244 1923 2330 1923 2330 1925 2244"/>
                                </Shape>
                            </Glyph>
                        </String>
                        <SP ID="segment_206" HPOS="1982"  VPOS="2247" WIDTH="2"  HEIGHT="84"/>
                        <String ID="segment_207" CONTENT="quai" HPOS="2005" VPOS="2242" WIDTH="119" HEIGHT="90" WC="0.9211">
                            <Shape>
                                <Polygon POINTS="2007 2242 2005 2332 2123 2305 2124 2250"/>
                            </Shape>
                            <Glyph ID="char_649" CONTENT="q" HPOS="2005" VPOS="2242" WIDTH="2" HEIGHT="90" GC="1.0">
                                <Shape>
                                    <Polygon POINTS="2007 2242 2005 2332 2005 2332 2007 2242"/>
                                </Shape>
                            </Glyph>
                            <Glyph ID="char_650" CONTENT="u" HPOS="2064" VPOS="2251" WIDTH="1" HEIGHT="59" GC="0.9951">
                                <Shape>
                                    <Polygon POINTS="2065 2251 2064 2310 2064 2310 2065 2251"/>
                                </Shape>
                            </Glyph>
                            <Glyph ID="char_651" CONTENT="a" HPOS="2094" VPOS="2251" WIDTH="1" HEIGHT="56" GC="1.0">
                                <Shape>
                                    <Polygon POINTS="2095 2251 2094 2307 2094 2307 2095 2251"/>
                                </Shape>
                            </Glyph>
                            <Glyph ID="char_652" CONTENT="i" HPOS="2123" VPOS="2250" WIDTH="1" HEIGHT="55" GC="0.6892">
                                <Shape>
                                    <Polygon POINTS="2124 2250 2123 2305 2123 2305 2124 2250"/>
                                </Shape>
                            </Glyph>
                        </String>
                        <SP ID="segment_208" HPOS="2160"  VPOS="2238" WIDTH="10"  HEIGHT="69"/>
                        <String ID="segment_209" CONTENT="le" HPOS="2175" VPOS="2227" WIDTH="39" HEIGHT="93" WC="0.9983">
                            <Shape>
                                <Polygon POINTS="2177 2232 2175 2309 2212 2320 2214 2227"/>
                            </Shape>
                            <Glyph ID="char_654" CONTENT="l" HPOS="2175" VPOS="2232" WIDTH="2" HEIGHT="77" GC="0.9995">
                                <Shape>
                                    <Polygon POINTS="2177 2232 2175 2309 2175 2309 2177 2232"/>
                                </Shape>
                            </Glyph>
                            <Glyph ID="char_655" CONTENT="e" HPOS="2212" VPOS="2227" WIDTH="2" HEIGHT="93" GC="0.9971">
                                <Shape>
                                    <Polygon POINTS="2214 2227 2212 2320 2212 2320 2214 2227"/>
                                </Shape>
                            </Glyph>
                        </String>
                        <SP ID="segment_210" HPOS="2249"  VPOS="2228" WIDTH="2"  HEIGHT="89"/>
                        <String ID="segment_211" CONTENT="dit" HPOS="2271" VPOS="2228" WIDTH="62" HEIGHT="90" WC="0.8179">
                            <Shape>
                                <Polygon POINTS="2273 2228 2271 2313 2331 2311 2333 2230"/>
                            </Shape>
                            <Glyph ID="char_657" CONTENT="d" HPOS="2271" VPOS="2228" WIDTH="2" HEIGHT="85" GC="0.9603">
                                <Shape>
                                    <Polygon POINTS="2273 2228 2271 2313 2271 2313 2273 2228"/>
                                </Shape>
                            </Glyph>
                            <Glyph ID="char_658" CONTENT="i" HPOS="2301" VPOS="2229" WIDTH="2" HEIGHT="89" GC="0.8605">
                                <Shape>
                                    <Polygon POINTS="2303 2229 2301 2318 2301 2318 2303 2229"/>
                                </Shape>
                            </Glyph>
                            <Glyph ID="char_659" CONTENT="t" HPOS="2331" VPOS="2230" WIDTH="2" HEIGHT="81" GC="0.6328">
                                <Shape>
                                    <Polygon POINTS="2333 2230 2331 2311 2331 2311 2333 2230"/>
                                </Shape>
                            </Glyph>
                        </String>
                        <SP ID="segment_212" HPOS="2360"  VPOS="2234" WIDTH="10"  HEIGHT="76"/>
                        <String ID="segment_213" CONTENT="S^r" HPOS="2390" VPOS="2238" WIDTH="69" HEIGHT="78" WC="0.9845">
                            <Shape>
                                <Polygon POINTS="2392 2245 2390 2316 2457 2303 2459 2238"/>
                            </Shape>
                            <Glyph ID="char_661" CONTENT="S" HPOS="2390" VPOS="2245" WIDTH="2" HEIGHT="71" GC="1.0">
                                <Shape>
                                    <Polygon POINTS="2392 2245 2390 2316 2390 2316 2392 2245"/>
                                </Shape>
                            </Glyph>
                            <Glyph ID="char_662" CONTENT="^" HPOS="2434" VPOS="2238" WIDTH="10" HEIGHT="65" GC="0.9602">
                                <Shape>
                                    <Polygon POINTS="2436 2239 2434 2303 2442 2303 2444 2238"/>
                                </Shape>
                            </Glyph>
                            <Glyph ID="char_663" CONTENT="r" HPOS="2457" VPOS="2238" WIDTH="2" HEIGHT="65" GC="0.9933">
                                <Shape>
                                    <Polygon POINTS="2459 2238 2457 2303 2457 2303 2459 2238"/>
                                </Shape>
                            </Glyph>
                        </String>
                    </TextLine>

                    <TextLine ID="4d7ac597-2a38-40f9-91cb-431e94368b69" HPOS="1105.0" VPOS="2336.0" WIDTH="1557.0" HEIGHT="163.0" BASELINE="1109.0 2392.0 1542.0 2410.0 1775.0 2431.0 2225.0 2431.0 2662.0 2449.0" TAGREFS="LINE_TYPE_1">
                        <Shape>
                            <Polygon POINTS="1109.0 2392.0 1105.0 2472.0 1276.0 2472.0 1276.0 2470.0 1278.0 2470.0 1346.0 2431.0 1408.0 2480.0 1410.0 2480.0 1412.0 2480.0 1414.0 2482.0 1588.0 2482.0 1588.0 2480.0 1590.0 2480.0 1660.0 2441.0 1713.0 2489.0 1716.0 2489.0 1718.0 2489.0 1786.0 2493.0 1788.0 2493.0 1790.0 2493.0 1901.0 2449.0 1973.0 2499.0 1975.0 2499.0 1977.0 2499.0 1980.0 2499.0 2037.0 2497.0 2039.0 2497.0 2041.0 2497.0 2095.0 2456.0 2190.0 2458.0 2223.0 2487.0 2223.0 2489.0 2225.0 2489.0 2227.0 2489.0 2229.0 2489.0 2231.0 2489.0 2281.0 2464.0 2314.0 2493.0 2314.0 2495.0 2316.0 2495.0 2318.0 2495.0 2320.0 2495.0 2322.0 2495.0 2398.0 2466.0 2658.0 2472.0 2662.0 2449.0 2660.0 2385.0 2553.0 2408.0 2514.0 2408.0 2472.0 2379.0 2470.0 2379.0 2468.0 2379.0 2419.0 2379.0 2417.0 2379.0 2415.0 2379.0 2413.0 2379.0 2384.0 2402.0 2297.0 2402.0 2223.0 2375.0 2221.0 2375.0 2219.0 2375.0 2217.0 2375.0 2155.0 2392.0 2109.0 2367.0 2107.0 2367.0 1967.0 2363.0 1965.0 2363.0 1963.0 2363.0 1961.0 2363.0 1920.0 2388.0 1868.0 2388.0 1837.0 2359.0 1835.0 2359.0 1833.0 2359.0 1831.0 2359.0 1829.0 2359.0 1755.0 2381.0 1691.0 2381.0 1658.0 2361.0 1656.0 2361.0 1654.0 2361.0 1652.0 2361.0 1650.0 2361.0 1608.0 2375.0 1542.0 2348.0 1540.0 2348.0 1538.0 2348.0 1536.0 2348.0 1534.0 2348.0 1499.0 2373.0 1423.0 2373.0 1336.0 2359.0 1334.0 2359.0 1287.0 2365.0 1237.0 2338.0 1235.0 2338.0 1173.0 2336.0 1171.0 2336.0 1169.0 2336.0 1109.0 2359.0 1109.0 2392.0"/>
                        </Shape>
                        <String ID="segment_214" CONTENT="Gourques" HPOS="1136" VPOS="2338" WIDTH="267" HEIGHT="135" WC="0.9584">
                            <Shape>
                                <Polygon POINTS="1141 2347 1136 2472 1399 2473 1403 2370"/>
                            </Shape>
                            <Glyph ID="char_664" CONTENT="G" HPOS="1136" VPOS="2347" WIDTH="5" HEIGHT="125" GC="0.9999">
                                <Shape>
                                    <Polygon POINTS="1141 2347 1136 2472 1136 2472 1141 2347"/>
                                </Shape>
                            </Glyph>
                            <Glyph ID="char_665" CONTENT="o" HPOS="1217" VPOS="2338" WIDTH="5" HEIGHT="134" GC="0.9961">
                                <Shape>
                                    <Polygon POINTS="1222 2338 1217 2472 1217 2472 1222 2338"/>
                                </Shape>
                            </Glyph>
                            <Glyph ID="char_666" CONTENT="u" HPOS="1247" VPOS="2346" WIDTH="5" HEIGHT="126" GC="0.9962">
                                <Shape>
                                    <Polygon POINTS="1252 2346 1247 2472 1247 2472 1252 2346"/>
                                </Shape>
                            </Glyph>
                            <Glyph ID="char_667" CONTENT="r" HPOS="1268" VPOS="2357" WIDTH="5" HEIGHT="115" GC="0.9999">
                                <Shape>
                                    <Polygon POINTS="1273 2357 1268 2472 1268 2472 1273 2357"/>
                                </Shape>
                            </Glyph>
                            <Glyph ID="char_668" CONTENT="q" HPOS="1309" VPOS="2362" WIDTH="3" HEIGHT="90" GC="0.9869">
                                <Shape>
                                    <Polygon POINTS="1312 2362 1309 2452 1309 2452 1312 2362"/>
                                </Shape>
                            </Glyph>
                            <Glyph ID="char_669" CONTENT="u" HPOS="1349" VPOS="2362" WIDTH="3" HEIGHT="72" GC="0.6962">
                                <Shape>
                                    <Polygon POINTS="1352 2362 1349 2434 1349 2434 1352 2362"/>
                                </Shape>
                            </Glyph>
                            <Glyph ID="char_670" CONTENT="e" HPOS="1370" VPOS="2365" WIDTH="3" HEIGHT="85" GC="0.9926">
                                <Shape>
                                    <Polygon POINTS="1373 2365 1370 2450 1370 2450 1373 2365"/>
                                </Shape>
                            </Glyph>
                            <Glyph ID="char_671" CONTENT="s" HPOS="1399" VPOS="2370" WIDTH="4" HEIGHT="103" GC="0.9997">
                                <Shape>
                                    <Polygon POINTS="1403 2370 1399 2473 1399 2473 1403 2370"/>
                                </Shape>
                            </Glyph>
                        </String>
                        <SP ID="segment_215" HPOS="1429"  VPOS="2373" WIDTH="4"  HEIGHT="109"/>
                        <String ID="segment_216" CONTENT="affecté" HPOS="1459" VPOS="2354" WIDTH="199" HEIGHT="128" WC="0.9498">
                            <Shape>
                                <Polygon POINTS="1463 2373 1459 2482 1651 2446 1658 2361"/>
                            </Shape>
                            <Glyph ID="char_673" CONTENT="a" HPOS="1459" VPOS="2373" WIDTH="4" HEIGHT="109" GC="0.9993">
                                <Shape>
                                    <Polygon POINTS="1463 2373 1459 2482 1459 2482 1463 2373"/>
                                </Shape>
                            </Glyph>
                            <Glyph ID="char_674" CONTENT="f" HPOS="1490" VPOS="2373" WIDTH="4" HEIGHT="109" GC="0.8638">
                                <Shape>
                                    <Polygon POINTS="1494 2373 1490 2482 1490 2482 1494 2373"/>
                                </Shape>
                            </Glyph>
                            <Glyph ID="char_675" CONTENT="f" HPOS="1520" VPOS="2354" WIDTH="5" HEIGHT="128" GC="0.9906">
                                <Shape>
                                    <Polygon POINTS="1525 2354 1520 2482 1520 2482 1525 2354"/>
                                </Shape>
                            </Glyph>
                            <Glyph ID="char_676" CONTENT="e" HPOS="1566" VPOS="2362" WIDTH="11" HEIGHT="120" GC="0.8707">
                                <Shape>
                                    <Polygon POINTS="1577 2362 1566 2482 1566 2482 1577 2362"/>
                                </Shape>
                            </Glyph>
                            <Glyph ID="char_677" CONTENT="c" HPOS="1587" VPOS="2371" WIDTH="10" HEIGHT="111" GC="1.0">
                                <Shape>
                                    <Polygon POINTS="1597 2371 1587 2482 1587 2482 1597 2371"/>
                                </Shape>
                            </Glyph>
                            <Glyph ID="char_678" CONTENT="t" HPOS="1609" VPOS="2372" WIDTH="8" HEIGHT="98" GC="0.9999">
                                <Shape>
                                    <Polygon POINTS="1617 2372 1609 2470 1609 2470 1617 2372"/>
                                </Shape>
                            </Glyph>
                            <Glyph ID="char_679" CONTENT="e" HPOS="1630" VPOS="2362" WIDTH="18" HEIGHT="96" GC="0.9815">
                                <Shape>
                                    <Polygon POINTS="1638 2365 1630 2458 1640 2452 1648 2362"/>
                                </Shape>
                            </Glyph>
                            <Glyph ID="char_680" CONTENT="́" HPOS="1651" VPOS="2361" WIDTH="7" HEIGHT="85" GC="0.8929">
                                <Shape>
                                    <Polygon POINTS="1658 2361 1651 2446 1651 2446 1658 2361"/>
                                </Shape>
                            </Glyph>
                        </String>
                        <SP ID="segment_217" HPOS="1681"  VPOS="2379" WIDTH="17"  HEIGHT="89"/>
                        <String ID="segment_218" CONTENT="oblige" HPOS="1699" VPOS="2366" WIDTH="186" HEIGHT="127" WC="0.9889">
                            <Shape>
                                <Polygon POINTS="1708 2381 1699 2477 1885 2455 1885 2388"/>
                            </Shape>
                            <Glyph ID="char_682" CONTENT="o" HPOS="1699" VPOS="2381" WIDTH="9" HEIGHT="96" GC="0.9751">
                                <Shape>
                                    <Polygon POINTS="1708 2381 1699 2477 1699 2477 1708 2381"/>
                                </Shape>
                            </Glyph>
                            <Glyph ID="char_683" CONTENT="b" HPOS="1738" VPOS="2381" WIDTH="10" HEIGHT="109" GC="0.9855">
                                <Shape>
                                    <Polygon POINTS="1748 2381 1738 2490 1738 2490 1748 2381"/>
                                </Shape>
                            </Glyph>
                            <Glyph ID="char_684" CONTENT="l" HPOS="1785" VPOS="2372" WIDTH="0" HEIGHT="121" GC="0.9999">
                                <Shape>
                                    <Polygon POINTS="1785 2372 1785 2493 1785 2493 1785 2372"/>
                                </Shape>
                            </Glyph>
                            <Glyph ID="char_685" CONTENT="i" HPOS="1805" VPOS="2366" WIDTH="0" HEIGHT="121" GC="0.9965">
                                <Shape>
                                    <Polygon POINTS="1805 2366 1805 2487 1805 2487 1805 2366"/>
                                </Shape>
                            </Glyph>
                            <Glyph ID="char_686" CONTENT="g" HPOS="1845" VPOS="2366" WIDTH="0" HEIGHT="105" GC="0.9794">
                                <Shape>
                                    <Polygon POINTS="1845 2366 1845 2471 1845 2471 1845 2366"/>
                                </Shape>
                            </Glyph>
                            <Glyph ID="char_687" CONTENT="e" HPOS="1885" VPOS="2388" WIDTH="0" HEIGHT="67" GC="0.997">
                                <Shape>
                                    <Polygon POINTS="1885 2388 1885 2455 1885 2455 1885 2388"/>
                                </Shape>
                            </Glyph>
                        </String>
                        <SP ID="segment_219" HPOS="1926"  VPOS="2378" WIDTH="10"  HEIGHT="95"/>
                        <String ID="segment_220" CONTENT="&amp;" HPOS="1946" VPOS="2372" WIDTH="0" HEIGHT="108" WC="0.9995">
                            <Shape>
                                <Polygon POINTS="1946 2372 1946 2480 1946 2480 1946 2372"/>
                            </Shape>
                            <Glyph ID="char_689" CONTENT="&amp;" HPOS="1946" VPOS="2372" WIDTH="0" HEIGHT="108" GC="0.9995">
                                <Shape>
                                    <Polygon POINTS="1946 2372 1946 2480 1946 2480 1946 2372"/>
                                </Shape>
                            </Glyph>
                        </String>
                        <SP ID="segment_221" HPOS="2017"  VPOS="2364" WIDTH="10"  HEIGHT="134"/>
                        <String ID="segment_222" CONTENT="Spotheque" HPOS="2047" VPOS="2365" WIDTH="304" HEIGHT="128" WC="0.8966">
                            <Shape>
                                <Polygon POINTS="2047 2365 2047 2493 2348 2485 2351 2402"/>
                            </Shape>
                            <Glyph ID="char_691" CONTENT="S" HPOS="2047" VPOS="2365" WIDTH="0" HEIGHT="128" GC="0.9859">
                                <Shape>
                                    <Polygon POINTS="2047 2365 2047 2493 2047 2493 2047 2365"/>
                                </Shape>
                            </Glyph>
                            <Glyph ID="char_692" CONTENT="p" HPOS="2098" VPOS="2367" WIDTH="0" HEIGHT="89" GC="1.0">
                                <Shape>
                                    <Polygon POINTS="2098 2367 2098 2456 2098 2456 2098 2367"/>
                                </Shape>
                            </Glyph>
                            <Glyph ID="char_693" CONTENT="o" HPOS="2148" VPOS="2388" WIDTH="0" HEIGHT="69" GC="0.9743">
                                <Shape>
                                    <Polygon POINTS="2148 2388 2148 2457 2148 2457 2148 2388"/>
                                </Shape>
                            </Glyph>
                            <Glyph ID="char_694" CONTENT="t" HPOS="2178" VPOS="2386" WIDTH="0" HEIGHT="72" GC="0.9983">
                                <Shape>
                                    <Polygon POINTS="2178 2386 2178 2458 2178 2458 2178 2386"/>
                                </Shape>
                            </Glyph>
                            <Glyph ID="char_695" CONTENT="h" HPOS="2219" VPOS="2375" WIDTH="0" HEIGHT="108" GC="0.905">
                                <Shape>
                                    <Polygon POINTS="2219 2375 2219 2483 2219 2483 2219 2375"/>
                                </Shape>
                            </Glyph>
                            <Glyph ID="char_696" CONTENT="e" HPOS="2257" VPOS="2389" WIDTH="3" HEIGHT="87" GC="0.5084">
                                <Shape>
                                    <Polygon POINTS="2260 2389 2257 2476 2257 2476 2260 2389"/>
                                </Shape>
                            </Glyph>
                            <Glyph ID="char_697" CONTENT="q" HPOS="2287" VPOS="2399" WIDTH="3" HEIGHT="70" GC="0.9982">
                                <Shape>
                                    <Polygon POINTS="2290 2399 2287 2469 2287 2469 2290 2399"/>
                                </Shape>
                            </Glyph>
                            <Glyph ID="char_698" CONTENT="u" HPOS="2327" VPOS="2402" WIDTH="4" HEIGHT="91" GC="0.9983">
                                <Shape>
                                    <Polygon POINTS="2331 2402 2327 2493 2327 2493 2331 2402"/>
                                </Shape>
                            </Glyph>
                            <Glyph ID="char_699" CONTENT="e" HPOS="2348" VPOS="2402" WIDTH="3" HEIGHT="83" GC="0.7008">
                                <Shape>
                                    <Polygon POINTS="2351 2402 2348 2485 2348 2485 2351 2402"/>
                                </Shape>
                            </Glyph>
                        </String>
                        <SP ID="segment_223" HPOS="2378"  VPOS="2396" WIDTH="13"  HEIGHT="78"/>
                        <String ID="segment_224" CONTENT="fenoralle" HPOS="2398" VPOS="2379" WIDTH="227" HEIGHT="92" WC="0.8948">
                            <Shape>
                                <Polygon POINTS="2402 2388 2398 2466 2621 2471 2625 2393"/>
                            </Shape>
                            <Glyph ID="char_701" CONTENT="f" HPOS="2398" VPOS="2388" WIDTH="4" HEIGHT="78" GC="0.9916">
                                <Shape>
                                    <Polygon POINTS="2402 2388 2398 2466 2398 2466 2402 2388"/>
                                </Shape>
                            </Glyph>
                            <Glyph ID="char_702" CONTENT="e" HPOS="2429" VPOS="2379" WIDTH="4" HEIGHT="88" GC="0.9883">
                                <Shape>
                                    <Polygon POINTS="2433 2379 2429 2467 2429 2467 2433 2379"/>
                                </Shape>
                            </Glyph>
                            <Glyph ID="char_703" CONTENT="n" HPOS="2469" VPOS="2380" WIDTH="4" HEIGHT="88" GC="0.5547">
                                <Shape>
                                    <Polygon POINTS="2473 2380 2469 2468 2469 2468 2473 2380"/>
                                </Shape>
                            </Glyph>
                            <Glyph ID="char_704" CONTENT="o" HPOS="2499" VPOS="2400" WIDTH="3" HEIGHT="68" GC="0.9992">
                                <Shape>
                                    <Polygon POINTS="2502 2400 2499 2468 2499 2468 2502 2400"/>
                                </Shape>
                            </Glyph>
                            <Glyph ID="char_705" CONTENT="r" HPOS="2530" VPOS="2408" WIDTH="3" HEIGHT="61" GC="0.9959">
                                <Shape>
                                    <Polygon POINTS="2533 2408 2530 2469 2530 2469 2533 2408"/>
                                </Shape>
                            </Glyph>
                            <Glyph ID="char_706" CONTENT="a" HPOS="2550" VPOS="2408" WIDTH="3" HEIGHT="62" GC="0.8846">
                                <Shape>
                                    <Polygon POINTS="2553 2408 2550 2470 2550 2470 2553 2408"/>
                                </Shape>
                            </Glyph>
                            <Glyph ID="char_707" CONTENT="l" HPOS="2580" VPOS="2402" WIDTH="3" HEIGHT="68" GC="0.6886">
                                <Shape>
                                    <Polygon POINTS="2583 2402 2580 2470 2580 2470 2583 2402"/>
                                </Shape>
                            </Glyph>
                            <Glyph ID="char_708" CONTENT="l" HPOS="2600" VPOS="2397" WIDTH="3" HEIGHT="74" GC="0.9537">
                                <Shape>
                                    <Polygon POINTS="2603 2397 2600 2471 2600 2471 2603 2397"/>
                                </Shape>
                            </Glyph>
                            <Glyph ID="char_709" CONTENT="e" HPOS="2621" VPOS="2393" WIDTH="4" HEIGHT="78" GC="0.9968">
                                <Shape>
                                    <Polygon POINTS="2625 2393 2621 2471 2621 2471 2625 2393"/>
                                </Shape>
                            </Glyph>
                        </String>
                    </TextLine>

                    <TextLine ID="db2baa42-6646-42e9-8b4c-7ccb4365fbf8" HPOS="1029.0" VPOS="2487.0" WIDTH="1631.0" HEIGHT="144.0" BASELINE="1031.0 2544.0 1227.0 2542.0 2083.0 2594.0 2660.0 2608.0" TAGREFS="LINE_TYPE_1">
                        <Shape>
                            <Polygon POINTS="1031.0 2544.0 1029.0 2571.0 1086.0 2575.0 1089.0 2575.0 1091.0 2575.0 1093.0 2575.0 1119.0 2557.0 1383.0 2569.0 1421.0 2583.0 1423.0 2583.0 1425.0 2583.0 1538.0 2581.0 1577.0 2594.0 1579.0 2594.0 1581.0 2594.0 1650.0 2581.0 1668.0 2596.0 1668.0 2598.0 1670.0 2598.0 1672.0 2598.0 1674.0 2598.0 1738.0 2592.0 1794.0 2608.0 1796.0 2608.0 1798.0 2608.0 1870.0 2600.0 1889.0 2612.0 1891.0 2612.0 1893.0 2612.0 2046.0 2621.0 2048.0 2621.0 2130.0 2614.0 2188.0 2625.0 2190.0 2625.0 2192.0 2625.0 2250.0 2610.0 2316.0 2625.0 2318.0 2625.0 2320.0 2625.0 2349.0 2616.0 2458.0 2631.0 2460.0 2631.0 2658.0 2627.0 2660.0 2608.0 2660.0 2571.0 2648.0 2561.0 2646.0 2561.0 2644.0 2561.0 2642.0 2561.0 2640.0 2561.0 2615.0 2571.0 2588.0 2548.0 2586.0 2548.0 2584.0 2548.0 2512.0 2544.0 2510.0 2544.0 2508.0 2544.0 2466.0 2567.0 2307.0 2563.0 2277.0 2538.0 2274.0 2538.0 2272.0 2538.0 2270.0 2538.0 2188.0 2555.0 2155.0 2528.0 2153.0 2528.0 2151.0 2528.0 2116.0 2526.0 2114.0 2526.0 2006.0 2546.0 1903.0 2544.0 1876.0 2526.0 1874.0 2526.0 1872.0 2526.0 1870.0 2526.0 1815.0 2538.0 1767.0 2509.0 1765.0 2509.0 1763.0 2509.0 1724.0 2507.0 1722.0 2507.0 1720.0 2507.0 1680.0 2528.0 1643.0 2515.0 1641.0 2515.0 1639.0 2515.0 1637.0 2515.0 1594.0 2528.0 1419.0 2493.0 1416.0 2493.0 1320.0 2503.0 1284.0 2487.0 1282.0 2487.0 1280.0 2487.0 1278.0 2487.0 1210.0 2507.0 1119.0 2493.0 1117.0 2493.0 1031.0 2501.0 1031.0 2544.0"/>
                        </Shape>
                        <String ID="segment_225" CONTENT="ment" HPOS="1158" VPOS="2492" WIDTH="104" HEIGHT="71" WC="0.9997">
                            <Shape>
                                <Polygon POINTS="1158 2499 1158 2559 1258 2563 1262 2492"/>
                            </Shape>
                            <Glyph ID="char_710" CONTENT="m" HPOS="1158" VPOS="2499" WIDTH="0" HEIGHT="60" GC="0.9997">
                                <Shape>
                                    <Polygon POINTS="1158 2499 1158 2559 1158 2559 1158 2499"/>
                                </Shape>
                            </Glyph>
                            <Glyph ID="char_711" CONTENT="e" HPOS="1205" VPOS="2506" WIDTH="0" HEIGHT="55" GC="1.0">
                                <Shape>
                                    <Polygon POINTS="1205 2506 1205 2561 1205 2561 1205 2506"/>
                                </Shape>
                            </Glyph>
                            <Glyph ID="char_712" CONTENT="n" HPOS="1231" VPOS="2500" WIDTH="4" HEIGHT="62" GC="1.0">
                                <Shape>
                                    <Polygon POINTS="1235 2500 1231 2562 1231 2562 1235 2500"/>
                                </Shape>
                            </Glyph>
                            <Glyph ID="char_713" CONTENT="t" HPOS="1258" VPOS="2492" WIDTH="4" HEIGHT="71" GC="0.9991">
                                <Shape>
                                    <Polygon POINTS="1262 2492 1258 2563 1258 2563 1262 2492"/>
                                </Shape>
                            </Glyph>
                        </String>
                        <SP ID="segment_226" HPOS="1318"  VPOS="2502" WIDTH="11"  HEIGHT="64"/>
                        <String ID="segment_227" CONTENT="tous" HPOS="1345" VPOS="2495" WIDTH="111" HEIGHT="88" WC="1.0">
                            <Shape>
                                <Polygon POINTS="1349 2500 1345 2567 1451 2583 1456 2500"/>
                            </Shape>
                            <Glyph ID="char_715" CONTENT="t" HPOS="1345" VPOS="2500" WIDTH="4" HEIGHT="67" GC="1.0">
                                <Shape>
                                    <Polygon POINTS="1349 2500 1345 2567 1345 2567 1349 2500"/>
                                </Shape>
                            </Glyph>
                            <Glyph ID="char_716" CONTENT="o" HPOS="1385" VPOS="2496" WIDTH="4" HEIGHT="74" GC="1.0">
                                <Shape>
                                    <Polygon POINTS="1389 2496 1385 2570 1385 2570 1389 2496"/>
                                </Shape>
                            </Glyph>
                            <Glyph ID="char_717" CONTENT="u" HPOS="1424" VPOS="2495" WIDTH="5" HEIGHT="88" GC="1.0">
                                <Shape>
                                    <Polygon POINTS="1429 2495 1424 2583 1424 2583 1429 2495"/>
                                </Shape>
                            </Glyph>
                            <Glyph ID="char_718" CONTENT="s" HPOS="1451" VPOS="2500" WIDTH="5" HEIGHT="83" GC="0.9999">
                                <Shape>
                                    <Polygon POINTS="1456 2500 1451 2583 1451 2583 1456 2500"/>
                                </Shape>
                            </Glyph>
                        </String>
                        <SP ID="segment_228" HPOS="1484"  VPOS="2507" WIDTH="12"  HEIGHT="75"/>
                        <String ID="segment_229" CONTENT="ses" HPOS="1504" VPOS="2511" WIDTH="98" HEIGHT="81" WC="0.9982">
                            <Shape>
                                <Polygon POINTS="1508 2511 1504 2582 1598 2591 1602 2526"/>
                            </Shape>
                            <Glyph ID="char_720" CONTENT="s" HPOS="1504" VPOS="2511" WIDTH="4" HEIGHT="71" GC="0.9947">
                                <Shape>
                                    <Polygon POINTS="1508 2511 1504 2582 1504 2582 1508 2511"/>
                                </Shape>
                            </Glyph>
                            <Glyph ID="char_721" CONTENT="e" HPOS="1571" VPOS="2524" WIDTH="4" HEIGHT="68" GC="1.0">
                                <Shape>
                                    <Polygon POINTS="1575 2524 1571 2592 1571 2592 1575 2524"/>
                                </Shape>
                            </Glyph>
                            <Glyph ID="char_722" CONTENT="s" HPOS="1598" VPOS="2526" WIDTH="4" HEIGHT="65" GC="1.0">
                                <Shape>
                                    <Polygon POINTS="1602 2526 1598 2591 1598 2591 1602 2526"/>
                                </Shape>
                            </Glyph>
                        </String>
                        <SP ID="segment_230" HPOS="1658"  VPOS="2522" WIDTH="18"  HEIGHT="76"/>
                        <String ID="segment_231" CONTENT="biensmeubles" HPOS="1684" VPOS="2508" WIDTH="451" HEIGHT="112" WC="0.9995">
                            <Shape>
                                <Polygon POINTS="1689 2523 1684 2597 2133 2615 2135 2527"/>
                            </Shape>
                            <Glyph ID="char_724" CONTENT="b" HPOS="1684" VPOS="2523" WIDTH="5" HEIGHT="74" GC="0.999">
                                <Shape>
                                    <Polygon POINTS="1689 2523 1684 2597 1684 2597 1689 2523"/>
                                </Shape>
                            </Glyph>
                            <Glyph ID="char_725" CONTENT="i" HPOS="1738" VPOS="2508" WIDTH="5" HEIGHT="84" GC="0.9996">
                                <Shape>
                                    <Polygon POINTS="1743 2508 1738 2592 1738 2592 1743 2508"/>
                                </Shape>
                            </Glyph>
                            <Glyph ID="char_726" CONTENT="e" HPOS="1759" VPOS="2509" WIDTH="5" HEIGHT="89" GC="1.0">
                                <Shape>
                                    <Polygon POINTS="1764 2509 1759 2598 1759 2598 1764 2509"/>
                                </Shape>
                            </Glyph>
                            <Glyph ID="char_727" CONTENT="n" HPOS="1784" VPOS="2522" WIDTH="5" HEIGHT="83" GC="1.0">
                                <Shape>
                                    <Polygon POINTS="1789 2522 1784 2605 1784 2605 1789 2522"/>
                                </Shape>
                            </Glyph>
                            <Glyph ID="char_728" CONTENT="s" HPOS="1838" VPOS="2532" WIDTH="5" HEIGHT="72" GC="0.9999">
                                <Shape>
                                    <Polygon POINTS="1843 2532 1838 2604 1838 2604 1843 2532"/>
                                </Shape>
                            </Glyph>
                            <Glyph ID="char_729" CONTENT="m" HPOS="1918" VPOS="2544" WIDTH="4" HEIGHT="69" GC="0.9969">
                                <Shape>
                                    <Polygon POINTS="1922 2544 1918 2613 1918 2613 1922 2544"/>
                                </Shape>
                            </Glyph>
                            <Glyph ID="char_730" CONTENT="e" HPOS="1965" VPOS="2545" WIDTH="4" HEIGHT="71" GC="0.9993">
                                <Shape>
                                    <Polygon POINTS="1969 2545 1965 2616 1965 2616 1969 2545"/>
                                </Shape>
                            </Glyph>
                            <Glyph ID="char_731" CONTENT="u" HPOS="1998" VPOS="2546" WIDTH="4" HEIGHT="72" GC="1.0">
                                <Shape>
                                    <Polygon POINTS="2002 2546 1998 2618 1998 2618 2002 2546"/>
                                </Shape>
                            </Glyph>
                            <Glyph ID="char_732" CONTENT="b" HPOS="2032" VPOS="2540" WIDTH="5" HEIGHT="80" GC="1.0">
                                <Shape>
                                    <Polygon POINTS="2037 2540 2032 2620 2032 2620 2037 2540"/>
                                </Shape>
                            </Glyph>
                            <Glyph ID="char_733" CONTENT="l" HPOS="2065" VPOS="2534" WIDTH="5" HEIGHT="86" GC="0.9999">
                                <Shape>
                                    <Polygon POINTS="2070 2534 2065 2620 2065 2620 2070 2534"/>
                                </Shape>
                            </Glyph>
                            <Glyph ID="char_734" CONTENT="e" HPOS="2100" VPOS="2528" WIDTH="2" HEIGHT="89" GC="0.9999">
                                <Shape>
                                    <Polygon POINTS="2102 2528 2100 2617 2100 2617 2102 2528"/>
                                </Shape>
                            </Glyph>
                            <Glyph ID="char_735" CONTENT="s" HPOS="2133" VPOS="2527" WIDTH="2" HEIGHT="88" GC="0.9999">
                                <Shape>
                                    <Polygon POINTS="2135 2527 2133 2615 2133 2615 2135 2527"/>
                                </Shape>
                            </Glyph>
                        </String>
                        <SP ID="segment_232" HPOS="2187"  VPOS="2554" WIDTH="7"  HEIGHT="71"/>
                        <String ID="segment_233" CONTENT="et" HPOS="2207" VPOS="2544" WIDTH="35" HEIGHT="77" WC="0.9998">
                            <Shape>
                                <Polygon POINTS="2208 2551 2207 2621 2240 2613 2242 2544"/>
                            </Shape>
                            <Glyph ID="char_737" CONTENT="e" HPOS="2207" VPOS="2551" WIDTH="1" HEIGHT="70" GC="0.9998">
                                <Shape>
                                    <Polygon POINTS="2208 2551 2207 2621 2207 2621 2208 2551"/>
                                </Shape>
                            </Glyph>
                            <Glyph ID="char_738" CONTENT="t" HPOS="2240" VPOS="2544" WIDTH="2" HEIGHT="69" GC="0.9999">
                                <Shape>
                                    <Polygon POINTS="2242 2544 2240 2613 2240 2613 2242 2544"/>
                                </Shape>
                            </Glyph>
                        </String>
                        <SP ID="segment_234" HPOS="2274"  VPOS="2538" WIDTH="8"  HEIGHT="79"/>
                        <String ID="segment_235" CONTENT="immeubles" HPOS="2294" VPOS="2545" WIDTH="276" HEIGHT="86" WC="0.9996">
                            <Shape>
                                <Polygon POINTS="2295 2553 2294 2620 2568 2629 2570 2547"/>
                            </Shape>
                            <Glyph ID="char_740" CONTENT="i" HPOS="2294" VPOS="2553" WIDTH="1" HEIGHT="67" GC="0.9999">
                                <Shape>
                                    <Polygon POINTS="2295 2553 2294 2620 2294 2620 2295 2553"/>
                                </Shape>
                            </Glyph>
                            <Glyph ID="char_741" CONTENT="m" HPOS="2334" VPOS="2564" WIDTH="1" HEIGHT="57" GC="0.9996">
                                <Shape>
                                    <Polygon POINTS="2335 2564 2334 2621 2334 2621 2335 2564"/>
                                </Shape>
                            </Glyph>
                            <Glyph ID="char_742" CONTENT="m" HPOS="2388" VPOS="2565" WIDTH="1" HEIGHT="56" GC="0.9993">
                                <Shape>
                                    <Polygon POINTS="2389 2565 2388 2621 2388 2621 2389 2565"/>
                                </Shape>
                            </Glyph>
                            <Glyph ID="char_743" CONTENT="e" HPOS="2428" VPOS="2566" WIDTH="1" HEIGHT="61" GC="0.9995">
                                <Shape>
                                    <Polygon POINTS="2429 2566 2428 2627 2428 2627 2429 2566"/>
                                </Shape>
                            </Glyph>
                            <Glyph ID="char_744" CONTENT="u" HPOS="2454" VPOS="2567" WIDTH="1" HEIGHT="63" GC="1.0">
                                <Shape>
                                    <Polygon POINTS="2455 2567 2454 2630 2454 2630 2455 2567"/>
                                </Shape>
                            </Glyph>
                            <Glyph ID="char_745" CONTENT="b" HPOS="2481" VPOS="2558" WIDTH="1" HEIGHT="73" GC="0.9984">
                                <Shape>
                                    <Polygon POINTS="2482 2558 2481 2631 2481 2631 2482 2558"/>
                                </Shape>
                            </Glyph>
                            <Glyph ID="char_746" CONTENT="l" HPOS="2521" VPOS="2545" WIDTH="2" HEIGHT="85" GC="1.0">
                                <Shape>
                                    <Polygon POINTS="2523 2545 2521 2630 2521 2630 2523 2545"/>
                                </Shape>
                            </Glyph>
                            <Glyph ID="char_747" CONTENT="e" HPOS="2541" VPOS="2546" WIDTH="2" HEIGHT="83" GC="0.9997">
                                <Shape>
                                    <Polygon POINTS="2543 2546 2541 2629 2541 2629 2543 2546"/>
                                </Shape>
                            </Glyph>
                            <Glyph ID="char_748" CONTENT="s" HPOS="2568" VPOS="2547" WIDTH="2" HEIGHT="82" GC="0.9998">
                                <Shape>
                                    <Polygon POINTS="2570 2547 2568 2629 2568 2629 2570 2547"/>
                                </Shape>
                            </Glyph>
                        </String>
                    </TextLine>

                    <TextLine ID="000e78ff-9a7a-4c89-8e40-b99713837035" HPOS="1165.0" VPOS="2621.0" WIDTH="794.0" HEIGHT="132.0" BASELINE="1167.0 2699.0 1959.0 2718.0" TAGREFS="LINE_TYPE_1">
                        <Shape>
                            <Polygon POINTS="1167.0 2699.0 1165.0 2732.0 1264.0 2740.0 1266.0 2740.0 1268.0 2740.0 1297.0 2730.0 1317.0 2740.0 1320.0 2740.0 1322.0 2740.0 1324.0 2740.0 1326.0 2740.0 1334.0 2732.0 1344.0 2740.0 1344.0 2742.0 1346.0 2742.0 1348.0 2742.0 1350.0 2742.0 1408.0 2734.0 1474.0 2744.0 1476.0 2744.0 1478.0 2744.0 1480.0 2744.0 1480.0 2742.0 1495.0 2732.0 1513.0 2746.0 1515.0 2746.0 1518.0 2746.0 1722.0 2751.0 1724.0 2751.0 1726.0 2751.0 1779.0 2736.0 1825.0 2753.0 1827.0 2753.0 1829.0 2753.0 1957.0 2738.0 1959.0 2718.0 1959.0 2676.0 1823.0 2674.0 1771.0 2631.0 1769.0 2631.0 1767.0 2631.0 1765.0 2631.0 1763.0 2631.0 1761.0 2631.0 1695.0 2670.0 1629.0 2666.0 1610.0 2649.0 1610.0 2647.0 1608.0 2647.0 1606.0 2647.0 1604.0 2647.0 1602.0 2647.0 1573.0 2664.0 1522.0 2629.0 1520.0 2629.0 1518.0 2629.0 1515.0 2629.0 1513.0 2629.0 1511.0 2629.0 1489.0 2647.0 1458.0 2633.0 1456.0 2633.0 1454.0 2633.0 1452.0 2633.0 1381.0 2652.0 1348.0 2647.0 1328.0 2623.0 1326.0 2623.0 1326.0 2621.0 1324.0 2621.0 1322.0 2621.0 1320.0 2621.0 1167.0 2623.0 1167.0 2699.0"/>
                        </Shape>
                        <String ID="segment_236" CONTENT="présent" HPOS="1174" VPOS="2621" WIDTH="260" HEIGHT="120" WC="0.9951">
                            <Shape>
                                <Polygon POINTS="1177 2623 1174 2733 1431 2738 1434 2638"/>
                            </Shape>
                            <Glyph ID="char_749" CONTENT="p" HPOS="1174" VPOS="2623" WIDTH="3" HEIGHT="110" GC="1.0">
                                <Shape>
                                    <Polygon POINTS="1177 2623 1174 2733 1174 2733 1177 2623"/>
                                </Shape>
                            </Glyph>
                            <Glyph ID="char_750" CONTENT="r" HPOS="1265" VPOS="2622" WIDTH="3" HEIGHT="118" GC="0.9976">
                                <Shape>
                                    <Polygon POINTS="1268 2622 1265 2740 1265 2740 1268 2622"/>
                                </Shape>
                            </Glyph>
                            <Glyph ID="char_751" CONTENT="e" HPOS="1290" VPOS="2621" WIDTH="3" HEIGHT="111" GC="0.9993">
                                <Shape>
                                    <Polygon POINTS="1293 2621 1290 2732 1290 2732 1293 2621"/>
                                </Shape>
                            </Glyph>
                            <Glyph ID="char_752" CONTENT="́" HPOS="1299" VPOS="2621" WIDTH="3" HEIGHT="110" GC="1.0">
                                <Shape>
                                    <Polygon POINTS="1302 2621 1299 2731 1299 2731 1302 2621"/>
                                </Shape>
                            </Glyph>
                            <Glyph ID="char_753" CONTENT="s" HPOS="1332" VPOS="2631" WIDTH="3" HEIGHT="103" GC="1.0">
                                <Shape>
                                    <Polygon POINTS="1335 2631 1332 2734 1332 2734 1335 2631"/>
                                </Shape>
                            </Glyph>
                            <Glyph ID="char_754" CONTENT="e" HPOS="1357" VPOS="2649" WIDTH="2" HEIGHT="92" GC="1.0">
                                <Shape>
                                    <Polygon POINTS="1359 2649 1357 2741 1357 2741 1359 2649"/>
                                </Shape>
                            </Glyph>
                            <Glyph ID="char_755" CONTENT="n" HPOS="1398" VPOS="2647" WIDTH="2" HEIGHT="88" GC="0.9944">
                                <Shape>
                                    <Polygon POINTS="1400 2647 1398 2735 1398 2735 1400 2647"/>
                                </Shape>
                            </Glyph>
                            <Glyph ID="char_756" CONTENT="t" HPOS="1431" VPOS="2638" WIDTH="3" HEIGHT="100" GC="0.9694">
                                <Shape>
                                    <Polygon POINTS="1434 2638 1431 2738 1431 2738 1434 2638"/>
                                </Shape>
                            </Glyph>
                        </String>
                        <SP ID="segment_237" HPOS="1472"  VPOS="2640" WIDTH="11"  HEIGHT="104"/>
                        <String ID="segment_238" CONTENT="&amp;" HPOS="1489" VPOS="2638" WIDTH="11" HEIGHT="98" WC="0.9995">
                            <Shape>
                                <Polygon POINTS="1491 2645 1489 2736 1497 2734 1500 2638"/>
                            </Shape>
                            <Glyph ID="char_758" CONTENT="&amp;" HPOS="1489" VPOS="2638" WIDTH="11" HEIGHT="98" GC="0.9995">
                                <Shape>
                                    <Polygon POINTS="1491 2645 1489 2736 1497 2734 1500 2638"/>
                                </Shape>
                            </Glyph>
                        </String>
                        <SP ID="segment_239" HPOS="1572"  VPOS="2659" WIDTH="10"  HEIGHT="89"/>
                        <String ID="segment_240" CONTENT="avenir.※" HPOS="1605" VPOS="2631" WIDTH="275" HEIGHT="122" WC="0.9626">
                            <Shape>
                                <Polygon POINTS="1607 2647 1605 2748 1878 2747 1880 2675"/>
                            </Shape>
                            <Glyph ID="char_760" CONTENT="a" HPOS="1605" VPOS="2647" WIDTH="2" HEIGHT="101" GC="0.9984">
                                <Shape>
                                    <Polygon POINTS="1607 2647 1605 2748 1605 2748 1607 2647"/>
                                </Shape>
                            </Glyph>
                            <Glyph ID="char_761" CONTENT="v" HPOS="1646" VPOS="2667" WIDTH="2" HEIGHT="82" GC="0.8123">
                                <Shape>
                                    <Polygon POINTS="1648 2667 1646 2749 1646 2749 1648 2667"/>
                                </Shape>
                            </Glyph>
                            <Glyph ID="char_762" CONTENT="e" HPOS="1671" VPOS="2669" WIDTH="2" HEIGHT="81" GC="0.9977">
                                <Shape>
                                    <Polygon POINTS="1673 2669 1671 2750 1671 2750 1673 2669"/>
                                </Shape>
                            </Glyph>
                            <Glyph ID="char_763" CONTENT="n" HPOS="1704" VPOS="2663" WIDTH="2" HEIGHT="88" GC="0.9838">
                                <Shape>
                                    <Polygon POINTS="1706 2663 1704 2751 1704 2751 1706 2663"/>
                                </Shape>
                            </Glyph>
                            <Glyph ID="char_764" CONTENT="i" HPOS="1729" VPOS="2649" WIDTH="2" HEIGHT="101" GC="0.9926">
                                <Shape>
                                    <Polygon POINTS="1731 2649 1729 2750 1729 2750 1731 2649"/>
                                </Shape>
                            </Glyph>
                            <Glyph ID="char_765" CONTENT="r" HPOS="1762" VPOS="2631" WIDTH="3" HEIGHT="110" GC="0.9851">
                                <Shape>
                                    <Polygon POINTS="1765 2631 1762 2741 1762 2741 1765 2631"/>
                                </Shape>
                            </Glyph>
                            <Glyph ID="char_766" CONTENT="." HPOS="1828" VPOS="2674" WIDTH="2" HEIGHT="79" GC="0.9318">
                                <Shape>
                                    <Polygon POINTS="1830 2674 1828 2753 1828 2753 1830 2674"/>
                                </Shape>
                            </Glyph>
                            <Glyph ID="char_767" CONTENT="※" HPOS="1878" VPOS="2675" WIDTH="2" HEIGHT="72" GC="0.9989">
                                <Shape>
                                    <Polygon POINTS="1880 2675 1878 2747 1878 2747 1880 2675"/>
                                </Shape>
                            </Glyph>
                        </String>
                    </TextLine>

                    <TextLine ID="414e25e8-124b-4229-850b-c5616c8ab99e" HPOS="1330.0" VPOS="2759.0" WIDTH="1254.0" HEIGHT="140.0" BASELINE="1332.0 2829.0 1596.0 2837.0 2136.0 2872.0 2584.0 2876.0" TAGREFS="LINE_TYPE_1">
                        <Shape>
                            <Polygon POINTS="1332.0 2829.0 1330.0 2860.0 1414.0 2860.0 1443.0 2872.0 1445.0 2872.0 1447.0 2872.0 1449.0 2872.0 1452.0 2872.0 1472.0 2854.0 1520.0 2870.0 1522.0 2870.0 1524.0 2870.0 1592.0 2860.0 1619.0 2880.0 1621.0 2880.0 1623.0 2880.0 1625.0 2880.0 1720.0 2868.0 1740.0 2885.0 1742.0 2885.0 1744.0 2885.0 1746.0 2885.0 1944.0 2874.0 1992.0 2895.0 1994.0 2895.0 2079.0 2899.0 2081.0 2899.0 2157.0 2885.0 2229.0 2899.0 2231.0 2899.0 2582.0 2897.0 2584.0 2876.0 2584.0 2841.0 2402.0 2837.0 2373.0 2814.0 2371.0 2814.0 2369.0 2814.0 2367.0 2814.0 2365.0 2814.0 2363.0 2814.0 2334.0 2839.0 2291.0 2839.0 2272.0 2823.0 2272.0 2821.0 2270.0 2821.0 2268.0 2821.0 2266.0 2821.0 2264.0 2821.0 2262.0 2821.0 2244.0 2835.0 2188.0 2835.0 2138.0 2814.0 2136.0 2814.0 2134.0 2814.0 1986.0 2814.0 1955.0 2802.0 1953.0 2802.0 1951.0 2802.0 1949.0 2802.0 1947.0 2802.0 1934.0 2812.0 1866.0 2786.0 1864.0 2786.0 1862.0 2786.0 1860.0 2786.0 1858.0 2786.0 1835.0 2806.0 1812.0 2784.0 1812.0 2781.0 1810.0 2781.0 1808.0 2781.0 1806.0 2781.0 1804.0 2781.0 1732.0 2814.0 1695.0 2810.0 1635.0 2763.0 1633.0 2763.0 1631.0 2763.0 1334.0 2759.0 1332.0 2829.0"/>
                        </Shape>
                        <String ID="segment_241" CONTENT="Pour" HPOS="1354" VPOS="2759" WIDTH="131" HEIGHT="107" WC="0.9943">
                            <Shape>
                                <Polygon POINTS="1357 2759 1354 2860 1482 2857 1485 2761"/>
                            </Shape>
                            <Glyph ID="char_768" CONTENT="P" HPOS="1354" VPOS="2759" WIDTH="3" HEIGHT="101" GC="1.0">
                                <Shape>
                                    <Polygon POINTS="1357 2759 1354 2860 1354 2860 1357 2759"/>
                                </Shape>
                            </Glyph>
                            <Glyph ID="char_769" CONTENT="o" HPOS="1429" VPOS="2760" WIDTH="3" HEIGHT="106" GC="1.0">
                                <Shape>
                                    <Polygon POINTS="1432 2760 1429 2866 1429 2866 1432 2760"/>
                                </Shape>
                            </Glyph>
                            <Glyph ID="char_770" CONTENT="u" HPOS="1460" VPOS="2761" WIDTH="3" HEIGHT="104" GC="0.9771">
                                <Shape>
                                    <Polygon POINTS="1463 2761 1460 2865 1460 2865 1463 2761"/>
                                </Shape>
                            </Glyph>
                            <Glyph ID="char_771" CONTENT="r" HPOS="1482" VPOS="2761" WIDTH="3" HEIGHT="96" GC="1.0">
                                <Shape>
                                    <Polygon POINTS="1485 2761 1482 2857 1482 2857 1485 2761"/>
                                </Shape>
                            </Glyph>
                        </String>
                        <SP ID="segment_242" HPOS="1497"  VPOS="2761" WIDTH="3"  HEIGHT="101"/>
                        <String ID="segment_243" CONTENT="faire" HPOS="1512" VPOS="2761" WIDTH="120" HEIGHT="119" WC="0.8591">
                            <Shape>
                                <Polygon POINTS="1515 2761 1512 2867 1624 2880 1632 2763"/>
                            </Shape>
                            <Glyph ID="char_773" CONTENT="f" HPOS="1512" VPOS="2761" WIDTH="3" HEIGHT="106" GC="1.0">
                                <Shape>
                                    <Polygon POINTS="1515 2761 1512 2867 1512 2867 1515 2761"/>
                                </Shape>
                            </Glyph>
                            <Glyph ID="char_774" CONTENT="a" HPOS="1550" VPOS="2762" WIDTH="3" HEIGHT="104" GC="0.9988">
                                <Shape>
                                    <Polygon POINTS="1553 2762 1550 2866 1550 2866 1553 2762"/>
                                </Shape>
                            </Glyph>
                            <Glyph ID="char_775" CONTENT="i" HPOS="1581" VPOS="2762" WIDTH="3" HEIGHT="100" GC="0.6241">
                                <Shape>
                                    <Polygon POINTS="1584 2762 1581 2862 1581 2862 1584 2762"/>
                                </Shape>
                            </Glyph>
                            <Glyph ID="char_776" CONTENT="r" HPOS="1602" VPOS="2763" WIDTH="7" HEIGHT="104" GC="1.0">
                                <Shape>
                                    <Polygon POINTS="1609 2763 1602 2867 1602 2867 1609 2763"/>
                                </Shape>
                            </Glyph>
                            <Glyph ID="char_777" CONTENT="e" HPOS="1624" VPOS="2763" WIDTH="8" HEIGHT="117" GC="0.6727">
                                <Shape>
                                    <Polygon POINTS="1632 2763 1624 2880 1624 2880 1632 2763"/>
                                </Shape>
                            </Glyph>
                        </String>
                        <SP ID="segment_244" HPOS="1654"  VPOS="2783" WIDTH="14"  HEIGHT="93"/>
                        <String ID="segment_245" CONTENT="insinver" HPOS="1670" VPOS="2786" WIDTH="247" HEIGHT="99" WC="0.9736">
                            <Shape>
                                <Polygon POINTS="1675 2794 1670 2874 1912 2876 1917 2805"/>
                            </Shape>
                            <Glyph ID="char_779" CONTENT="i" HPOS="1670" VPOS="2794" WIDTH="5" HEIGHT="80" GC="0.8287">
                                <Shape>
                                    <Polygon POINTS="1675 2794 1670 2874 1670 2874 1675 2794"/>
                                </Shape>
                            </Glyph>
                            <Glyph ID="char_780" CONTENT="n" HPOS="1708" VPOS="2812" WIDTH="4" HEIGHT="58" GC="0.9953">
                                <Shape>
                                    <Polygon POINTS="1712 2812 1708 2870 1708 2870 1712 2812"/>
                                </Shape>
                            </Glyph>
                            <Glyph ID="char_781" CONTENT="s" HPOS="1752" VPOS="2802" WIDTH="5" HEIGHT="83" GC="1.0">
                                <Shape>
                                    <Polygon POINTS="1757 2802 1752 2885 1752 2885 1757 2802"/>
                                </Shape>
                            </Glyph>
                            <Glyph ID="char_782" CONTENT="i" HPOS="1783" VPOS="2788" WIDTH="6" HEIGHT="95" GC="0.9999">
                                <Shape>
                                    <Polygon POINTS="1789 2788 1783 2883 1783 2883 1789 2788"/>
                                </Shape>
                            </Glyph>
                            <Glyph ID="char_783" CONTENT="n" HPOS="1813" VPOS="2791" WIDTH="6" HEIGHT="90" GC="0.9873">
                                <Shape>
                                    <Polygon POINTS="1819 2791 1813 2881 1813 2881 1819 2791"/>
                                </Shape>
                            </Glyph>
                            <Glyph ID="char_784" CONTENT="v" HPOS="1852" VPOS="2786" WIDTH="6" HEIGHT="93" GC="0.9779">
                                <Shape>
                                    <Polygon POINTS="1858 2786 1852 2879 1852 2879 1858 2786"/>
                                </Shape>
                            </Glyph>
                            <Glyph ID="char_785" CONTENT="e" HPOS="1882" VPOS="2794" WIDTH="5" HEIGHT="83" GC="0.9998">
                                <Shape>
                                    <Polygon POINTS="1887 2794 1882 2877 1882 2877 1887 2794"/>
                                </Shape>
                            </Glyph>
                            <Glyph ID="char_786" CONTENT="r" HPOS="1912" VPOS="2805" WIDTH="5" HEIGHT="71" GC="1.0">
                                <Shape>
                                    <Polygon POINTS="1917 2805 1912 2876 1912 2876 1917 2805"/>
                                </Shape>
                            </Glyph>
                        </String>
                        <SP ID="segment_246" HPOS="1965"  VPOS="2808" WIDTH="12"  HEIGHT="78"/>
                        <String ID="segment_247" CONTENT="ces" HPOS="1987" VPOS="2814" WIDTH="80" HEIGHT="84" WC="0.8596">
                            <Shape>
                                <Polygon POINTS="1992 2814 1987 2893 2062 2898 2067 2814"/>
                            </Shape>
                            <Glyph ID="char_788" CONTENT="c" HPOS="1987" VPOS="2814" WIDTH="5" HEIGHT="79" GC="0.5816">
                                <Shape>
                                    <Polygon POINTS="1992 2814 1987 2893 1987 2893 1992 2814"/>
                                </Shape>
                            </Glyph>
                            <Glyph ID="char_789" CONTENT="e" HPOS="2025" VPOS="2814" WIDTH="5" HEIGHT="82" GC="0.9971">
                                <Shape>
                                    <Polygon POINTS="2030 2814 2025 2896 2025 2896 2030 2814"/>
                                </Shape>
                            </Glyph>
                            <Glyph ID="char_790" CONTENT="s" HPOS="2062" VPOS="2814" WIDTH="5" HEIGHT="84" GC="1.0">
                                <Shape>
                                    <Polygon POINTS="2067 2814 2062 2898 2062 2898 2067 2814"/>
                                </Shape>
                            </Glyph>
                        </String>
                        <SP ID="segment_248" HPOS="2085"  VPOS="2814" WIDTH="13"  HEIGHT="84"/>
                        <String ID="segment_249" CONTENT="présentes" HPOS="2108" VPOS="2814" WIDTH="297" HEIGHT="85" WC="0.9982">
                            <Shape>
                                <Polygon POINTS="2113 2814 2108 2894 2405 2898 2405 2837"/>
                            </Shape>
                            <Glyph ID="char_792" CONTENT="p" HPOS="2108" VPOS="2814" WIDTH="5" HEIGHT="80" GC="0.9967">
                                <Shape>
                                    <Polygon POINTS="2113 2814 2108 2894 2108 2894 2113 2814"/>
                                </Shape>
                            </Glyph>
                            <Glyph ID="char_793" CONTENT="r" HPOS="2178" VPOS="2831" WIDTH="0" HEIGHT="58" GC="0.9999">
                                <Shape>
                                    <Polygon POINTS="2178 2831 2178 2889 2178 2889 2178 2831"/>
                                </Shape>
                            </Glyph>
                            <Glyph ID="char_794" CONTENT="e" HPOS="2208" VPOS="2835" WIDTH="0" HEIGHT="60" GC="0.9932">
                                <Shape>
                                    <Polygon POINTS="2208 2835 2208 2895 2208 2895 2208 2835"/>
                                </Shape>
                            </Glyph>
                            <Glyph ID="char_795" CONTENT="́" HPOS="2216" VPOS="2835" WIDTH="0" HEIGHT="61" GC="0.9999">
                                <Shape>
                                    <Polygon POINTS="2216 2835 2216 2896 2216 2896 2216 2835"/>
                                </Shape>
                            </Glyph>
                            <Glyph ID="char_796" CONTENT="s" HPOS="2246" VPOS="2833" WIDTH="0" HEIGHT="66" GC="1.0">
                                <Shape>
                                    <Polygon POINTS="2246 2833 2246 2899 2246 2899 2246 2833"/>
                                </Shape>
                            </Glyph>
                            <Glyph ID="char_797" CONTENT="e" HPOS="2276" VPOS="2827" WIDTH="0" HEIGHT="72" GC="0.9976">
                                <Shape>
                                    <Polygon POINTS="2276 2827 2276 2899 2276 2899 2276 2827"/>
                                </Shape>
                            </Glyph>
                            <Glyph ID="char_798" CONTENT="n" HPOS="2306" VPOS="2839" WIDTH="0" HEIGHT="60" GC="0.9967">
                                <Shape>
                                    <Polygon POINTS="2306 2839 2306 2899 2306 2899 2306 2839"/>
                                </Shape>
                            </Glyph>
                            <Glyph ID="char_799" CONTENT="t" HPOS="2344" VPOS="2830" WIDTH="0" HEIGHT="68" GC="0.9987">
                                <Shape>
                                    <Polygon POINTS="2344 2830 2344 2898 2344 2898 2344 2830"/>
                                </Shape>
                            </Glyph>
                            <Glyph ID="char_800" CONTENT="e" HPOS="2367" VPOS="2814" WIDTH="0" HEIGHT="84" GC="0.9999">
                                <Shape>
                                    <Polygon POINTS="2367 2814 2367 2898 2367 2898 2367 2814"/>
                                </Shape>
                            </Glyph>
                            <Glyph ID="char_801" CONTENT="s" HPOS="2405" VPOS="2837" WIDTH="0" HEIGHT="61" GC="0.9999">
                                <Shape>
                                    <Polygon POINTS="2405 2837 2405 2898 2405 2898 2405 2837"/>
                                </Shape>
                            </Glyph>
                        </String>
                        <SP ID="segment_250" HPOS="2450"  VPOS="2838" WIDTH="7"  HEIGHT="60"/>
                        <String ID="segment_251" CONTENT="au" HPOS="2473" VPOS="2839" WIDTH="37" HEIGHT="59" WC="0.9975">
                            <Shape>
                                <Polygon POINTS="2473 2839 2473 2898 2510 2897 2510 2839"/>
                            </Shape>
                            <Glyph ID="char_803" CONTENT="a" HPOS="2473" VPOS="2839" WIDTH="0" HEIGHT="59" GC="0.9956">
                                <Shape>
                                    <Polygon POINTS="2473 2839 2473 2898 2473 2898 2473 2839"/>
                                </Shape>
                            </Glyph>
                            <Glyph ID="char_804" CONTENT="u" HPOS="2510" VPOS="2839" WIDTH="0" HEIGHT="58" GC="0.9994">
                                <Shape>
                                    <Polygon POINTS="2510 2839 2510 2897 2510 2897 2510 2839"/>
                                </Shape>
                            </Glyph>
                        </String>
                    </TextLine>

                    <TextLine ID="400bcaec-faec-4d61-bc72-ef724dbdbb0c" HPOS="1062.0" VPOS="2882.0" WIDTH="1547.0" HEIGHT="178.0" BASELINE="1066.0 2959.0 1689.0 2979.0 2128.0 3012.0 2609.0 3019.0" TAGREFS="LINE_TYPE_1">
                        <Shape>
                            <Polygon POINTS="1066.0 2959.0 1062.0 3014.0 1278.0 3021.0 1280.0 3021.0 1282.0 3021.0 1336.0 2994.0 1369.0 2996.0 1410.0 3027.0 1412.0 3027.0 1414.0 3027.0 1476.0 3029.0 1478.0 3029.0 1480.0 3029.0 1538.0 3008.0 1639.0 3035.0 1641.0 3035.0 1643.0 3035.0 1645.0 3035.0 1724.0 3008.0 1868.0 3021.0 1903.0 3045.0 1905.0 3045.0 1907.0 3045.0 1909.0 3045.0 2046.0 3023.0 2161.0 3029.0 2221.0 3058.0 2223.0 3058.0 2274.0 3060.0 2277.0 3060.0 2279.0 3060.0 2336.0 3033.0 2604.0 3039.0 2609.0 3019.0 2609.0 2979.0 2345.0 2971.0 2307.0 2942.0 2305.0 2942.0 2303.0 2942.0 2301.0 2942.0 2299.0 2942.0 2229.0 2965.0 2091.0 2961.0 2041.0 2940.0 2039.0 2940.0 2037.0 2940.0 2035.0 2940.0 2013.0 2951.0 1992.0 2932.0 1992.0 2930.0 1990.0 2930.0 1988.0 2930.0 1986.0 2930.0 1885.0 2932.0 1848.0 2911.0 1845.0 2911.0 1843.0 2911.0 1841.0 2911.0 1839.0 2911.0 1746.0 2936.0 1658.0 2907.0 1656.0 2907.0 1654.0 2907.0 1586.0 2922.0 1513.0 2901.0 1511.0 2901.0 1509.0 2901.0 1388.0 2930.0 1344.0 2895.0 1342.0 2895.0 1340.0 2895.0 1264.0 2891.0 1262.0 2891.0 1260.0 2891.0 1225.0 2903.0 1181.0 2887.0 1179.0 2887.0 1068.0 2882.0 1066.0 2959.0"/>
                        </Shape>
                        <String ID="segment_252" CONTENT="Greffe" HPOS="1100" VPOS="2884" WIDTH="168" HEIGHT="137" WC="0.9958">
                            <Shape>
                                <Polygon POINTS="1104 2884 1100 3015 1264 3021 1268 2891"/>
                            </Shape>
                            <Glyph ID="char_805" CONTENT="G" HPOS="1100" VPOS="2884" WIDTH="4" HEIGHT="131" GC="1.0">
                                <Shape>
                                    <Polygon POINTS="1104 2884 1100 3015 1100 3015 1104 2884"/>
                                </Shape>
                            </Glyph>
                            <Glyph ID="char_806" CONTENT="r" HPOS="1173" VPOS="2887" WIDTH="4" HEIGHT="131" GC="0.9969">
                                <Shape>
                                    <Polygon POINTS="1177 2887 1173 3018 1173 3018 1177 2887"/>
                                </Shape>
                            </Glyph>
                            <Glyph ID="char_807" CONTENT="e" HPOS="1191" VPOS="2892" WIDTH="4" HEIGHT="126" GC="1.0">
                                <Shape>
                                    <Polygon POINTS="1195 2892 1191 3018 1191 3018 1195 2892"/>
                                </Shape>
                            </Glyph>
                            <Glyph ID="char_808" CONTENT="f" HPOS="1219" VPOS="2902" WIDTH="4" HEIGHT="117" GC="0.9781">
                                <Shape>
                                    <Polygon POINTS="1223 2902 1219 3019 1219 3019 1223 2902"/>
                                </Shape>
                            </Glyph>
                            <Glyph ID="char_809" CONTENT="f" HPOS="1237" VPOS="2897" WIDTH="4" HEIGHT="123" GC="1.0">
                                <Shape>
                                    <Polygon POINTS="1241 2897 1237 3020 1237 3020 1241 2897"/>
                                </Shape>
                            </Glyph>
                            <Glyph ID="char_810" CONTENT="e" HPOS="1264" VPOS="2891" WIDTH="4" HEIGHT="130" GC="1.0">
                                <Shape>
                                    <Polygon POINTS="1268 2891 1264 3021 1264 3021 1268 2891"/>
                                </Shape>
                            </Glyph>
                        </String>
                        <SP ID="segment_253" HPOS="1282"  VPOS="2892" WIDTH="14"  HEIGHT="129"/>
                        <String ID="segment_254" CONTENT="du" HPOS="1301" VPOS="2893" WIDTH="67" HEIGHT="118" WC="0.722">
                            <Shape>
                                <Polygon POINTS="1305 2893 1301 3011 1365 2996 1368 2914"/>
                            </Shape>
                            <Glyph ID="char_812" CONTENT="d" HPOS="1301" VPOS="2893" WIDTH="4" HEIGHT="118" GC="1.0">
                                <Shape>
                                    <Polygon POINTS="1305 2893 1301 3011 1301 3011 1305 2893"/>
                                </Shape>
                            </Glyph>
                            <Glyph ID="char_813" CONTENT="u" HPOS="1365" VPOS="2914" WIDTH="3" HEIGHT="82" GC="0.444">
                                <Shape>
                                    <Polygon POINTS="1368 2914 1365 2996 1365 2996 1368 2914"/>
                                </Shape>
                            </Glyph>
                        </String>
                        <SP ID="segment_255" HPOS="1384"  VPOS="2928" WIDTH="11"  HEIGHT="86"/>
                        <String ID="segment_256" CONTENT="Siège" HPOS="1419" VPOS="2902" WIDTH="140" HEIGHT="127" WC="0.9525">
                            <Shape>
                                <Polygon POINTS="1422 2922 1419 3027 1556 3013 1559 2914"/>
                            </Shape>
                            <Glyph ID="char_815" CONTENT="S" HPOS="1419" VPOS="2922" WIDTH="3" HEIGHT="105" GC="0.7284">
                                <Shape>
                                    <Polygon POINTS="1422 2922 1419 3027 1419 3027 1422 2922"/>
                                </Shape>
                            </Glyph>
                            <Glyph ID="char_816" CONTENT="i" HPOS="1474" VPOS="2908" WIDTH="4" HEIGHT="121" GC="0.9999">
                                <Shape>
                                    <Polygon POINTS="1478 2908 1474 3029 1474 3029 1478 2908"/>
                                </Shape>
                            </Glyph>
                            <Glyph ID="char_817" CONTENT="e" HPOS="1492" VPOS="2904" WIDTH="4" HEIGHT="121" GC="1.0">
                                <Shape>
                                    <Polygon POINTS="1496 2904 1492 3025 1492 3025 1496 2904"/>
                                </Shape>
                            </Glyph>
                            <Glyph ID="char_818" CONTENT="̀" HPOS="1501" VPOS="2902" WIDTH="4" HEIGHT="119" GC="1.0">
                                <Shape>
                                    <Polygon POINTS="1505 2902 1501 3021 1501 3021 1505 2902"/>
                                </Shape>
                            </Glyph>
                            <Glyph ID="char_819" CONTENT="g" HPOS="1529" VPOS="2906" WIDTH="3" HEIGHT="105" GC="0.9943">
                                <Shape>
                                    <Polygon POINTS="1532 2906 1529 3011 1529 3011 1532 2906"/>
                                </Shape>
                            </Glyph>
                            <Glyph ID="char_820" CONTENT="e" HPOS="1556" VPOS="2914" WIDTH="3" HEIGHT="99" GC="0.9923">
                                <Shape>
                                    <Polygon POINTS="1559 2914 1556 3013 1556 3013 1559 2914"/>
                                </Shape>
                            </Glyph>
                        </String>
                        <SP ID="segment_257" HPOS="1583"  VPOS="2922" WIDTH="3"  HEIGHT="98"/>
                        <String ID="segment_258" CONTENT="Royal" HPOS="1601" VPOS="2914" WIDTH="179" HEIGHT="111" WC="0.9971">
                            <Shape>
                                <Polygon POINTS="1605 2918 1601 3025 1773 3012 1780 2927"/>
                            </Shape>
                            <Glyph ID="char_822" CONTENT="R" HPOS="1601" VPOS="2918" WIDTH="4" HEIGHT="107" GC="1.0">
                                <Shape>
                                    <Polygon POINTS="1605 2918 1601 3025 1601 3025 1605 2918"/>
                                </Shape>
                            </Glyph>
                            <Glyph ID="char_823" CONTENT="o" HPOS="1674" VPOS="2914" WIDTH="4" HEIGHT="111" GC="0.9872">
                                <Shape>
                                    <Polygon POINTS="1678 2914 1674 3025 1674 3025 1678 2914"/>
                                </Shape>
                            </Glyph>
                            <Glyph ID="char_824" CONTENT="y" HPOS="1709" VPOS="2926" WIDTH="7" HEIGHT="87" GC="1.0">
                                <Shape>
                                    <Polygon POINTS="1716 2926 1709 3013 1709 3013 1716 2926"/>
                                </Shape>
                            </Glyph>
                            <Glyph ID="char_825" CONTENT="a" HPOS="1737" VPOS="2935" WIDTH="5" HEIGHT="74" GC="0.9986">
                                <Shape>
                                    <Polygon POINTS="1742 2935 1737 3009 1737 3009 1742 2935"/>
                                </Shape>
                            </Glyph>
                            <Glyph ID="char_826" CONTENT="l" HPOS="1773" VPOS="2927" WIDTH="7" HEIGHT="85" GC="0.9995">
                                <Shape>
                                    <Polygon POINTS="1780 2927 1773 3012 1773 3012 1780 2927"/>
                                </Shape>
                            </Glyph>
                        </String>
                        <SP ID="segment_259" HPOS="1800"  VPOS="2919" WIDTH="7"  HEIGHT="96"/>
                        <String ID="segment_260" CONTENT="de" HPOS="1809" VPOS="2917" WIDTH="54" HEIGHT="103" WC="0.995">
                            <Shape>
                                <Polygon POINTS="1817 2917 1809 3016 1855 3020 1863 2919"/>
                            </Shape>
                            <Glyph ID="char_828" CONTENT="d" HPOS="1809" VPOS="2917" WIDTH="8" HEIGHT="99" GC="0.9903">
                                <Shape>
                                    <Polygon POINTS="1817 2917 1809 3016 1809 3016 1817 2917"/>
                                </Shape>
                            </Glyph>
                            <Glyph ID="char_829" CONTENT="e" HPOS="1855" VPOS="2919" WIDTH="8" HEIGHT="101" GC="0.9997">
                                <Shape>
                                    <Polygon POINTS="1863 2919 1855 3020 1855 3020 1863 2919"/>
                                </Shape>
                            </Glyph>
                        </String>
                        <SP ID="segment_261" HPOS="1881"  VPOS="2932" WIDTH="8"  HEIGHT="98"/>
                        <String ID="segment_262" CONTENT="Cuyenne," HPOS="1899" VPOS="2931" WIDTH="294" HEIGHT="113" WC="0.9157">
                            <Shape>
                                <Polygon POINTS="1907 2932 1899 3042 2192 3044 2193 2964"/>
                            </Shape>
                            <Glyph ID="char_831" CONTENT="C" HPOS="1899" VPOS="2932" WIDTH="8" HEIGHT="110" GC="0.9998">
                                <Shape>
                                    <Polygon POINTS="1907 2932 1899 3042 1899 3042 1907 2932"/>
                                </Shape>
                            </Glyph>
                            <Glyph ID="char_832" CONTENT="u" HPOS="1945" VPOS="2931" WIDTH="8" HEIGHT="108" GC="0.5467">
                                <Shape>
                                    <Polygon POINTS="1953 2931 1945 3039 1945 3039 1953 2931"/>
                                </Shape>
                            </Glyph>
                            <Glyph ID="char_833" CONTENT="y" HPOS="1991" VPOS="2937" WIDTH="7" HEIGHT="95" GC="1.0">
                                <Shape>
                                    <Polygon POINTS="1998 2937 1991 3032 1991 3032 1998 2937"/>
                                </Shape>
                            </Glyph>
                            <Glyph ID="char_834" CONTENT="e" HPOS="2018" VPOS="2945" WIDTH="6" HEIGHT="83" GC="0.9999">
                                <Shape>
                                    <Polygon POINTS="2024 2945 2018 3028 2018 3028 2024 2945"/>
                                </Shape>
                            </Glyph>
                            <Glyph ID="char_835" CONTENT="n" HPOS="2055" VPOS="2948" WIDTH="6" HEIGHT="75" GC="0.808">
                                <Shape>
                                    <Polygon POINTS="2061 2948 2055 3023 2055 3023 2061 2948"/>
                                </Shape>
                            </Glyph>
                            <Glyph ID="char_836" CONTENT="n" HPOS="2091" VPOS="2961" WIDTH="5" HEIGHT="64" GC="0.992">
                                <Shape>
                                    <Polygon POINTS="2096 2961 2091 3025 2091 3025 2096 2961"/>
                                </Shape>
                            </Glyph>
                            <Glyph ID="char_837" CONTENT="e" HPOS="2129" VPOS="2962" WIDTH="1" HEIGHT="65" GC="0.9966">
                                <Shape>
                                    <Polygon POINTS="2130 2962 2129 3027 2129 3027 2130 2962"/>
                                </Shape>
                            </Glyph>
                            <Glyph ID="char_838" CONTENT="," HPOS="2192" VPOS="2964" WIDTH="1" HEIGHT="80" GC="0.9829">
                                <Shape>
                                    <Polygon POINTS="2193 2964 2192 3044 2192 3044 2193 2964"/>
                                </Shape>
                            </Glyph>
                        </String>
                        <SP ID="segment_263" HPOS="2211"  VPOS="2965" WIDTH="10"  HEIGHT="92"/>
                        <String ID="segment_264" CONTENT="les" HPOS="2238" VPOS="2942" WIDTH="65" HEIGHT="118" WC="0.8706">
                            <Shape>
                                <Polygon POINTS="2239 2962 2238 3059 2302 3049 2303 2942"/>
                            </Shape>
                            <Glyph ID="char_840" CONTENT="l" HPOS="2238" VPOS="2962" WIDTH="1" HEIGHT="97" GC="0.9606">
                                <Shape>
                                    <Polygon POINTS="2239 2962 2238 3059 2238 3059 2239 2962"/>
                                </Shape>
                            </Glyph>
                            <Glyph ID="char_841" CONTENT="e" HPOS="2274" VPOS="2950" WIDTH="1" HEIGHT="110" GC="0.6601">
                                <Shape>
                                    <Polygon POINTS="2275 2950 2274 3060 2274 3060 2275 2950"/>
                                </Shape>
                            </Glyph>
                            <Glyph ID="char_842" CONTENT="s" HPOS="2302" VPOS="2942" WIDTH="1" HEIGHT="107" GC="0.991">
                                <Shape>
                                    <Polygon POINTS="2303 2942 2302 3049 2302 3049 2303 2942"/>
                                </Shape>
                            </Glyph>
                        </String>
                        <SP ID="segment_265" HPOS="2320"  VPOS="2953" WIDTH="1"  HEIGHT="88"/>
                        <String ID="segment_266" CONTENT="partier" HPOS="2338" VPOS="2967" WIDTH="201" HEIGHT="71" WC="0.998">
                            <Shape>
                                <Polygon POINTS="2339 2967 2338 3033 2538 3038 2539 2977"/>
                            </Shape>
                            <Glyph ID="char_844" CONTENT="p" HPOS="2338" VPOS="2967" WIDTH="1" HEIGHT="66" GC="0.9951">
                                <Shape>
                                    <Polygon POINTS="2339 2967 2338 3033 2338 3033 2339 2967"/>
                                </Shape>
                            </Glyph>
                            <Glyph ID="char_845" CONTENT="a" HPOS="2402" VPOS="2973" WIDTH="1" HEIGHT="61" GC="0.9981">
                                <Shape>
                                    <Polygon POINTS="2403 2973 2402 3034 2402 3034 2403 2973"/>
                                </Shape>
                            </Glyph>
                            <Glyph ID="char_846" CONTENT="r" HPOS="2429" VPOS="2974" WIDTH="1" HEIGHT="61" GC="0.9997">
                                <Shape>
                                    <Polygon POINTS="2430 2974 2429 3035 2429 3035 2430 2974"/>
                                </Shape>
                            </Glyph>
                            <Glyph ID="char_847" CONTENT="t" HPOS="2465" VPOS="2975" WIDTH="1" HEIGHT="61" GC="0.9992">
                                <Shape>
                                    <Polygon POINTS="2466 2975 2465 3036 2465 3036 2466 2975"/>
                                </Shape>
                            </Glyph>
                            <Glyph ID="char_848" CONTENT="i" HPOS="2484" VPOS="2975" WIDTH="1" HEIGHT="61" GC="1.0">
                                <Shape>
                                    <Polygon POINTS="2485 2975 2484 3036 2484 3036 2485 2975"/>
                                </Shape>
                            </Glyph>
                            <Glyph ID="char_849" CONTENT="e" HPOS="2502" VPOS="2976" WIDTH="1" HEIGHT="61" GC="0.9942">
                                <Shape>
                                    <Polygon POINTS="2503 2976 2502 3037 2502 3037 2503 2976"/>
                                </Shape>
                            </Glyph>
                            <Glyph ID="char_850" CONTENT="r" HPOS="2538" VPOS="2977" WIDTH="1" HEIGHT="61" GC="0.9998">
                                <Shape>
                                    <Polygon POINTS="2539 2977 2538 3038 2538 3038 2539 2977"/>
                                </Shape>
                            </Glyph>
                        </String>
                    </TextLine>
</TextBlock>
                <TextBlock ID="a4381348-887e-4a73-b4cd-ce9c87927305" HPOS="603.0" VPOS="867.0" WIDTH="477.0" HEIGHT="178.0" TAGREFS="REGION_TYPE_2">
<Shape>
                        <Polygon POINTS="603.0 867.0 1080.0 867.0 1080.0 1045.0 603.0 1045.0 603.0 867.0"/>
                    </Shape>
                    <TextLine ID="1e9fb9bc-97f3-420f-837f-61dc44bca4e6" HPOS="643.0" VPOS="897.0" WIDTH="410.0" HEIGHT="134.0" BASELINE="645.0 979.0 1053.0 981.0" TAGREFS="LINE_TYPE_1">
                        <Shape>
                            <Polygon POINTS="645.0 979.0 643.0 1010.0 761.0 1012.0 835.0 1031.0 837.0 1031.0 1051.0 1024.0 1053.0 981.0 1051.0 944.0 948.0 944.0 930.0 928.0 928.0 928.0 926.0 928.0 924.0 928.0 921.0 928.0 919.0 928.0 901.0 940.0 872.0 915.0 872.0 913.0 870.0 913.0 868.0 913.0 866.0 913.0 864.0 913.0 829.0 930.0 798.0 899.0 798.0 897.0 796.0 897.0 794.0 897.0 676.0 897.0 674.0 897.0 672.0 897.0 670.0 897.0 670.0 899.0 645.0 921.0 645.0 979.0"/>
                        </Shape>
                        <String ID="segment_267" CONTENT="(présentes)" HPOS="654" VPOS="897" WIDTH="399" HEIGHT="134" WC="0.973">
                            <Shape>
                                <Polygon POINTS="654 913 654 1010 1053 981 1053 981"/>
                            </Shape>
                            <Glyph ID="char_851" CONTENT="(" HPOS="654" VPOS="913" WIDTH="0" HEIGHT="97" GC="0.9691">
                                <Shape>
                                    <Polygon POINTS="654 913 654 1010 654 1010 654 913"/>
                                </Shape>
                            </Glyph>
                            <Glyph ID="char_852" CONTENT="p" HPOS="745" VPOS="897" WIDTH="0" HEIGHT="115" GC="0.9982">
                                <Shape>
                                    <Polygon POINTS="745 897 745 1012 745 1012 745 897"/>
                                </Shape>
                            </Glyph>
                            <Glyph ID="char_853" CONTENT="r" HPOS="800" VPOS="901" WIDTH="0" HEIGHT="121" GC="0.9995">
                                <Shape>
                                    <Polygon POINTS="800 901 800 1022 800 1022 800 901"/>
                                </Shape>
                            </Glyph>
                            <Glyph ID="char_854" CONTENT="e" HPOS="818" VPOS="919" WIDTH="0" HEIGHT="108" GC="0.9583">
                                <Shape>
                                    <Polygon POINTS="818 919 818 1027 818 1027 818 919"/>
                                </Shape>
                            </Glyph>
                            <Glyph ID="char_855" CONTENT="́" HPOS="827" VPOS="928" WIDTH="0" HEIGHT="101" GC="0.9966">
                                <Shape>
                                    <Polygon POINTS="827 928 827 1029 827 1029 827 928"/>
                                </Shape>
                            </Glyph>
                            <Glyph ID="char_856" CONTENT="s" HPOS="845" VPOS="922" WIDTH="0" HEIGHT="109" GC="0.7971">
                                <Shape>
                                    <Polygon POINTS="845 922 845 1031 845 1031 845 922"/>
                                </Shape>
                            </Glyph>
                            <Glyph ID="char_857" CONTENT="e" HPOS="873" VPOS="916" WIDTH="0" HEIGHT="114" GC="0.9997">
                                <Shape>
                                    <Polygon POINTS="873 916 873 1030 873 1030 873 916"/>
                                </Shape>
                            </Glyph>
                            <Glyph ID="char_858" CONTENT="n" HPOS="900" VPOS="939" WIDTH="0" HEIGHT="90" GC="0.9997">
                                <Shape>
                                    <Polygon POINTS="900 939 900 1029 900 1029 900 939"/>
                                </Shape>
                            </Glyph>
                            <Glyph ID="char_859" CONTENT="t" HPOS="918" VPOS="928" WIDTH="0" HEIGHT="100" GC="0.9976">
                                <Shape>
                                    <Polygon POINTS="918 928 918 1028 918 1028 918 928"/>
                                </Shape>
                            </Glyph>
                            <Glyph ID="char_860" CONTENT="e" HPOS="936" VPOS="934" WIDTH="0" HEIGHT="94" GC="0.9772">
                                <Shape>
                                    <Polygon POINTS="936 934 936 1028 936 1028 936 934"/>
                                </Shape>
                            </Glyph>
                            <Glyph ID="char_861" CONTENT="s" HPOS="955" VPOS="944" WIDTH="0" HEIGHT="83" GC="0.9879">
                                <Shape>
                                    <Polygon POINTS="955 944 955 1027 955 1027 955 944"/>
                                </Shape>
                            </Glyph>
                            <Glyph ID="char_862" CONTENT=")" HPOS="1046" VPOS="944" WIDTH="7" HEIGHT="80" GC="0.9949">
                                <Shape>
                                    <Polygon POINTS="1046 944 1046 1024 1053 981 1053 981"/>
                                </Shape>
                            </Glyph>
                        </String>
                    </TextLine>
</TextBlock>
                <TextBlock ID="textblock_3"  TAGREFS="REGION_TYPE_3">

                    <TextLine ID="47fd43cd-5f0f-491d-bc7a-1dce988da8cb" HPOS="1064.0" VPOS="3027.0" WIDTH="1520.0" HEIGHT="157.0" BASELINE="1066.0 3085.0 1674.0 3105.0 2116.0 3140.0 2584.0 3144.0" TAGREFS="LINE_TYPE_1">
                        <Shape>
                            <Polygon POINTS="1066.0 3085.0 1064.0 3124.0 1126.0 3132.0 1128.0 3132.0 1130.0 3132.0 1173.0 3122.0 1326.0 3155.0 1449.0 3161.0 1452.0 3161.0 1454.0 3161.0 1518.0 3136.0 1604.0 3146.0 1606.0 3146.0 1662.0 3136.0 1749.0 3171.0 1751.0 3171.0 1827.0 3175.0 1829.0 3175.0 1831.0 3175.0 1924.0 3149.0 2041.0 3184.0 2043.0 3184.0 2046.0 3184.0 2241.0 3159.0 2256.0 3169.0 2258.0 3169.0 2260.0 3169.0 2262.0 3169.0 2404.0 3165.0 2481.0 3179.0 2483.0 3179.0 2582.0 3169.0 2584.0 3144.0 2582.0 3097.0 2530.0 3087.0 2528.0 3087.0 2526.0 3087.0 2458.0 3103.0 2338.0 3101.0 2303.0 3070.0 2303.0 3068.0 2301.0 3068.0 2299.0 3068.0 2262.0 3066.0 2260.0 3066.0 2258.0 3066.0 2200.0 3093.0 2074.0 3091.0 2041.0 3076.0 2039.0 3076.0 2037.0 3076.0 1947.0 3085.0 1907.0 3068.0 1905.0 3068.0 1903.0 3068.0 1845.0 3076.0 1716.0 3047.0 1713.0 3047.0 1711.0 3047.0 1709.0 3047.0 1699.0 3058.0 1670.0 3045.0 1668.0 3045.0 1666.0 3045.0 1592.0 3060.0 1563.0 3039.0 1561.0 3039.0 1559.0 3039.0 1557.0 3039.0 1555.0 3039.0 1518.0 3054.0 1482.0 3039.0 1480.0 3039.0 1478.0 3039.0 1423.0 3050.0 1237.0 3027.0 1235.0 3027.0 1233.0 3027.0 1194.0 3047.0 1167.0 3033.0 1165.0 3033.0 1163.0 3033.0 1161.0 3033.0 1117.0 3052.0 1086.0 3037.0 1084.0 3037.0 1082.0 3037.0 1080.0 3037.0 1066.0 3041.0 1066.0 3085.0"/>
                        </Shape>
                        <String ID="segment_268" CONTENT="en" HPOS="1129" VPOS="3039" WIDTH="50" HEIGHT="93" WC="0.9691">
                            <Shape>
                                <Polygon POINTS="1132 3045 1129 3132 1176 3123 1179 3039"/>
                            </Shape>
                            <Glyph ID="char_863" CONTENT="e" HPOS="1129" VPOS="3045" WIDTH="3" HEIGHT="87" GC="0.9383">
                                <Shape>
                                    <Polygon POINTS="1132 3045 1129 3132 1129 3132 1132 3045"/>
                                </Shape>
                            </Glyph>
                            <Glyph ID="char_864" CONTENT="n" HPOS="1176" VPOS="3039" WIDTH="3" HEIGHT="84" GC="0.9998">
                                <Shape>
                                    <Polygon POINTS="1179 3039 1176 3123 1176 3123 1179 3039"/>
                                </Shape>
                            </Glyph>
                        </String>
                        <SP ID="segment_269" HPOS="1222"  VPOS="3027" WIDTH="12"  HEIGHT="107"/>
                        <String ID="segment_270" CONTENT="donnent" HPOS="1248" VPOS="3029" WIDTH="198" HEIGHT="132" WC="0.9692">
                            <Shape>
                                <Polygon POINTS="1252 3029 1248 3138 1442 3161 1446 3045"/>
                            </Shape>
                            <Glyph ID="char_866" CONTENT="d" HPOS="1248" VPOS="3029" WIDTH="4" HEIGHT="109" GC="0.9124">
                                <Shape>
                                    <Polygon POINTS="1252 3029 1248 3138 1248 3138 1252 3029"/>
                                </Shape>
                            </Glyph>
                            <Glyph ID="char_867" CONTENT="o" HPOS="1285" VPOS="3033" WIDTH="4" HEIGHT="113" GC="0.9981">
                                <Shape>
                                    <Polygon POINTS="1289 3033 1285 3146 1285 3146 1289 3033"/>
                                </Shape>
                            </Glyph>
                            <Glyph ID="char_868" CONTENT="n" HPOS="1313" VPOS="3037" WIDTH="4" HEIGHT="115" GC="1.0">
                                <Shape>
                                    <Polygon POINTS="1317 3037 1313 3152 1313 3152 1317 3037"/>
                                </Shape>
                            </Glyph>
                            <Glyph ID="char_869" CONTENT="n" HPOS="1341" VPOS="3040" WIDTH="4" HEIGHT="116" GC="0.9015">
                                <Shape>
                                    <Polygon POINTS="1345 3040 1341 3156 1341 3156 1345 3040"/>
                                </Shape>
                            </Glyph>
                            <Glyph ID="char_870" CONTENT="e" HPOS="1377" VPOS="3045" WIDTH="3" HEIGHT="112" GC="1.0">
                                <Shape>
                                    <Polygon POINTS="1380 3045 1377 3157 1377 3157 1380 3045"/>
                                </Shape>
                            </Glyph>
                            <Glyph ID="char_871" CONTENT="n" HPOS="1414" VPOS="3049" WIDTH="3" HEIGHT="110" GC="0.9782">
                                <Shape>
                                    <Polygon POINTS="1417 3049 1414 3159 1414 3159 1417 3049"/>
                                </Shape>
                            </Glyph>
                            <Glyph ID="char_872" CONTENT="t" HPOS="1442" VPOS="3045" WIDTH="4" HEIGHT="116" GC="0.9944">
                                <Shape>
                                    <Polygon POINTS="1446 3045 1442 3161 1442 3161 1446 3045"/>
                                </Shape>
                            </Glyph>
                        </String>
                        <SP ID="segment_271" HPOS="1470"  VPOS="3039" WIDTH="13"  HEIGHT="116"/>
                        <String ID="segment_272" CONTENT="pouvoir" HPOS="1497" VPOS="3047" WIDTH="255" HEIGHT="122" WC="0.9764">
                            <Shape>
                                <Polygon POINTS="1500 3047 1497 3144 1743 3169 1752 3055"/>
                            </Shape>
                            <Glyph ID="char_874" CONTENT="p" HPOS="1497" VPOS="3047" WIDTH="3" HEIGHT="97" GC="0.9999">
                                <Shape>
                                    <Polygon POINTS="1500 3047 1497 3144 1497 3144 1500 3047"/>
                                </Shape>
                            </Glyph>
                            <Glyph ID="char_875" CONTENT="o" HPOS="1580" VPOS="3054" WIDTH="3" HEIGHT="89" GC="0.8451">
                                <Shape>
                                    <Polygon POINTS="1583 3054 1580 3143 1580 3143 1583 3054"/>
                                </Shape>
                            </Glyph>
                            <Glyph ID="char_876" CONTENT="u" HPOS="1617" VPOS="3054" WIDTH="3" HEIGHT="90" GC="0.9999">
                                <Shape>
                                    <Polygon POINTS="1620 3054 1617 3144 1617 3144 1620 3054"/>
                                </Shape>
                            </Glyph>
                            <Glyph ID="char_877" CONTENT="v" HPOS="1655" VPOS="3047" WIDTH="3" HEIGHT="90" GC="1.0">
                                <Shape>
                                    <Polygon POINTS="1658 3047 1655 3137 1655 3137 1658 3047"/>
                                </Shape>
                            </Glyph>
                            <Glyph ID="char_878" CONTENT="o" HPOS="1689" VPOS="3057" WIDTH="8" HEIGHT="90" GC="0.9935">
                                <Shape>
                                    <Polygon POINTS="1697 3057 1689 3147 1689 3147 1697 3057"/>
                                </Shape>
                            </Glyph>
                            <Glyph ID="char_879" CONTENT="i" HPOS="1707" VPOS="3047" WIDTH="17" HEIGHT="111" GC="0.9999">
                                <Shape>
                                    <Polygon POINTS="1715 3047 1707 3154 1716 3158 1724 3049"/>
                                </Shape>
                            </Glyph>
                            <Glyph ID="char_880" CONTENT="r" HPOS="1743" VPOS="3055" WIDTH="9" HEIGHT="114" GC="0.9966">
                                <Shape>
                                    <Polygon POINTS="1752 3055 1743 3169 1743 3169 1752 3055"/>
                                </Shape>
                            </Glyph>
                        </String>
                        <SP ID="segment_273" HPOS="1771"  VPOS="3061" WIDTH="17"  HEIGHT="112"/>
                        <String ID="segment_274" CONTENT="au" HPOS="1798" VPOS="3067" WIDTH="45" HEIGHT="107" WC="0.771">
                            <Shape>
                                <Polygon POINTS="1806 3067 1798 3173 1835 3174 1843 3075"/>
                            </Shape>
                            <Glyph ID="char_882" CONTENT="a" HPOS="1798" VPOS="3067" WIDTH="8" HEIGHT="106" GC="0.9855">
                                <Shape>
                                    <Polygon POINTS="1806 3067 1798 3173 1798 3173 1806 3067"/>
                                </Shape>
                            </Glyph>
                            <Glyph ID="char_883" CONTENT="u" HPOS="1835" VPOS="3075" WIDTH="8" HEIGHT="99" GC="0.5565">
                                <Shape>
                                    <Polygon POINTS="1843 3075 1835 3174 1835 3174 1843 3075"/>
                                </Shape>
                            </Glyph>
                        </String>
                        <SP ID="segment_275" HPOS="1863"  VPOS="3072" WIDTH="8"  HEIGHT="94"/>
                        <String ID="segment_276" CONTENT="perteur" HPOS="1882" VPOS="3070" WIDTH="218" HEIGHT="113" WC="0.9979">
                            <Shape>
                                <Polygon POINTS="1889 3070 1882 3161 2093 3178 2100 3091"/>
                            </Shape>
                            <Glyph ID="char_885" CONTENT="p" HPOS="1882" VPOS="3070" WIDTH="7" HEIGHT="91" GC="0.9984">
                                <Shape>
                                    <Polygon POINTS="1889 3070 1882 3161 1882 3161 1889 3070"/>
                                </Shape>
                            </Glyph>
                            <Glyph ID="char_886" CONTENT="e" HPOS="1947" VPOS="3084" WIDTH="6" HEIGHT="72" GC="0.9999">
                                <Shape>
                                    <Polygon POINTS="1953 3084 1947 3156 1947 3156 1953 3084"/>
                                </Shape>
                            </Glyph>
                            <Glyph ID="char_887" CONTENT="r" HPOS="1965" VPOS="3083" WIDTH="6" HEIGHT="78" GC="1.0">
                                <Shape>
                                    <Polygon POINTS="1971 3083 1965 3161 1965 3161 1971 3083"/>
                                </Shape>
                            </Glyph>
                            <Glyph ID="char_888" CONTENT="t" HPOS="2001" VPOS="3079" WIDTH="8" HEIGHT="93" GC="0.9993">
                                <Shape>
                                    <Polygon POINTS="2009 3079 2001 3172 2001 3172 2009 3079"/>
                                </Shape>
                            </Glyph>
                            <Glyph ID="char_889" CONTENT="e" HPOS="2029" VPOS="3076" WIDTH="8" HEIGHT="104" GC="0.9973">
                                <Shape>
                                    <Polygon POINTS="2037 3076 2029 3180 2029 3180 2037 3076"/>
                                </Shape>
                            </Glyph>
                            <Glyph ID="char_890" CONTENT="u" HPOS="2057" VPOS="3087" WIDTH="7" HEIGHT="96" GC="0.9918">
                                <Shape>
                                    <Polygon POINTS="2064 3087 2057 3183 2057 3183 2064 3087"/>
                                </Shape>
                            </Glyph>
                            <Glyph ID="char_891" CONTENT="r" HPOS="2093" VPOS="3091" WIDTH="7" HEIGHT="87" GC="0.9988">
                                <Shape>
                                    <Polygon POINTS="2100 3091 2093 3178 2093 3178 2100 3091"/>
                                </Shape>
                            </Glyph>
                        </String>
                        <SP ID="segment_277" HPOS="2143"  VPOS="3092" WIDTH="10"  HEIGHT="80"/>
                        <String ID="segment_278" CONTENT="ou" HPOS="2179" VPOS="3085" WIDTH="38" HEIGHT="82" WC="0.9987">
                            <Shape>
                                <Polygon POINTS="2180 3093 2179 3167 2216 3162 2217 3085"/>
                            </Shape>
                            <Glyph ID="char_893" CONTENT="o" HPOS="2179" VPOS="3093" WIDTH="1" HEIGHT="74" GC="0.9985">
                                <Shape>
                                    <Polygon POINTS="2180 3093 2179 3167 2179 3167 2180 3093"/>
                                </Shape>
                            </Glyph>
                            <Glyph ID="char_894" CONTENT="u" HPOS="2216" VPOS="3085" WIDTH="1" HEIGHT="77" GC="0.999">
                                <Shape>
                                    <Polygon POINTS="2217 3085 2216 3162 2216 3162 2217 3085"/>
                                </Shape>
                            </Glyph>
                        </String>
                        <SP ID="segment_279" HPOS="2244"  VPOS="3068" WIDTH="10"  HEIGHT="99"/>
                        <String ID="segment_280" CONTENT="d&#39;une" HPOS="2262" VPOS="3066" WIDTH="149" HEIGHT="103" WC="0.9558">
                            <Shape>
                                <Polygon POINTS="2263 3066 2262 3169 2410 3166 2411 3102"/>
                            </Shape>
                            <Glyph ID="char_896" CONTENT="d" HPOS="2262" VPOS="3066" WIDTH="1" HEIGHT="103" GC="0.9071">
                                <Shape>
                                    <Polygon POINTS="2263 3066 2262 3169 2262 3169 2263 3066"/>
                                </Shape>
                            </Glyph>
                            <Glyph ID="char_897" CONTENT="&#39;" HPOS="2299" VPOS="3068" WIDTH="10" HEIGHT="100" GC="0.9982">
                                <Shape>
                                    <Polygon POINTS="2300 3068 2299 3168 2308 3168 2309 3075"/>
                                </Shape>
                            </Glyph>
                            <Glyph ID="char_898" CONTENT="u" HPOS="2327" VPOS="3092" WIDTH="1" HEIGHT="75" GC="0.9952">
                                <Shape>
                                    <Polygon POINTS="2328 3092 2327 3167 2327 3167 2328 3092"/>
                                </Shape>
                            </Glyph>
                            <Glyph ID="char_899" CONTENT="n" HPOS="2364" VPOS="3101" WIDTH="1" HEIGHT="65" GC="0.9998">
                                <Shape>
                                    <Polygon POINTS="2365 3101 2364 3166 2364 3166 2365 3101"/>
                                </Shape>
                            </Glyph>
                            <Glyph ID="char_900" CONTENT="e" HPOS="2410" VPOS="3102" WIDTH="1" HEIGHT="64" GC="0.8789">
                                <Shape>
                                    <Polygon POINTS="2411 3102 2410 3166 2410 3166 2411 3102"/>
                                </Shape>
                            </Glyph>
                        </String>
                    </TextLine>

                    <TextLine ID="2e0e4d10-dc27-447e-8fb6-bd372509857b" HPOS="1091.0" VPOS="3138.0" WIDTH="1466.0" HEIGHT="190.0" BASELINE="1095.0 3215.0 1862.0 3254.0 2079.0 3278.0 2557.0 3297.0" TAGREFS="LINE_TYPE_1">
                        <Shape>
                            <Polygon POINTS="1095.0 3215.0 1091.0 3266.0 1194.0 3272.0 1196.0 3272.0 1198.0 3272.0 1216.0 3262.0 1227.0 3272.0 1227.0 3274.0 1229.0 3274.0 1231.0 3274.0 1280.0 3276.0 1282.0 3276.0 1284.0 3276.0 1338.0 3260.0 1433.0 3278.0 1435.0 3278.0 1437.0 3278.0 1470.0 3268.0 1505.0 3289.0 1507.0 3289.0 1509.0 3289.0 1511.0 3289.0 1656.0 3283.0 1720.0 3299.0 1722.0 3299.0 1724.0 3299.0 1726.0 3299.0 1771.0 3283.0 1951.0 3301.0 1953.0 3301.0 1955.0 3301.0 1990.0 3291.0 2116.0 3320.0 2118.0 3320.0 2120.0 3320.0 2157.0 3303.0 2233.0 3320.0 2235.0 3320.0 2237.0 3320.0 2281.0 3307.0 2466.0 3313.0 2479.0 3326.0 2479.0 3328.0 2481.0 3328.0 2483.0 3328.0 2485.0 3328.0 2555.0 3318.0 2557.0 3297.0 2557.0 3252.0 2514.0 3231.0 2512.0 3231.0 2510.0 3231.0 2508.0 3231.0 2470.0 3248.0 2281.0 3241.0 2248.0 3219.0 2246.0 3219.0 2244.0 3219.0 2241.0 3219.0 2239.0 3219.0 2237.0 3219.0 2219.0 3231.0 2182.0 3198.0 2182.0 3196.0 2180.0 3196.0 2178.0 3196.0 2175.0 3196.0 2173.0 3196.0 2171.0 3196.0 2157.0 3208.0 2074.0 3196.0 2072.0 3196.0 2070.0 3196.0 2068.0 3196.0 2035.0 3219.0 1998.0 3206.0 1996.0 3206.0 1994.0 3206.0 1916.0 3221.0 1823.0 3217.0 1757.0 3182.0 1755.0 3182.0 1753.0 3182.0 1751.0 3182.0 1749.0 3182.0 1730.0 3196.0 1674.0 3175.0 1672.0 3175.0 1670.0 3175.0 1627.0 3184.0 1598.0 3161.0 1596.0 3161.0 1594.0 3161.0 1495.0 3157.0 1493.0 3157.0 1491.0 3157.0 1400.0 3184.0 1342.0 3149.0 1340.0 3149.0 1338.0 3149.0 1144.0 3138.0 1142.0 3138.0 1097.0 3149.0 1095.0 3215.0"/>
                        </Shape>
                        <String ID="segment_281" CONTENT="Expedition" HPOS="1095" VPOS="3141" WIDTH="334" HEIGHT="135" WC="0.9778">
                            <Shape>
                                <Polygon POINTS="1095 3215 1095 3215 1424 3276 1429 3175"/>
                            </Shape>
                            <Glyph ID="char_901" CONTENT="E" HPOS="1095" VPOS="3215" WIDTH="0" HEIGHT="0" GC="1.0">
                                <Shape>
                                    <Polygon POINTS="1095 3215 1095 3215 1095 3215 1095 3215"/>
                                </Shape>
                            </Glyph>
                            <Glyph ID="char_902" CONTENT="x" HPOS="1184" VPOS="3141" WIDTH="17" HEIGHT="131" GC="0.9998">
                                <Shape>
                                    <Polygon POINTS="1191 3141 1184 3271 1194 3272 1201 3141"/>
                                </Shape>
                            </Glyph>
                            <Glyph ID="char_903" CONTENT="p" HPOS="1222" VPOS="3143" WIDTH="6" HEIGHT="124" GC="0.9297">
                                <Shape>
                                    <Polygon POINTS="1228 3143 1222 3267 1222 3267 1228 3143"/>
                                </Shape>
                            </Glyph>
                            <Glyph ID="char_904" CONTENT="e" HPOS="1258" VPOS="3145" WIDTH="7" HEIGHT="130" GC="0.9984">
                                <Shape>
                                    <Polygon POINTS="1265 3145 1258 3275 1258 3275 1265 3145"/>
                                </Shape>
                            </Glyph>
                            <Glyph ID="char_905" CONTENT="d" HPOS="1295" VPOS="3147" WIDTH="7" HEIGHT="126" GC="0.9991">
                                <Shape>
                                    <Polygon POINTS="1302 3147 1295 3273 1295 3273 1302 3147"/>
                                </Shape>
                            </Glyph>
                            <Glyph ID="char_906" CONTENT="i" HPOS="1324" VPOS="3149" WIDTH="6" HEIGHT="115" GC="0.9994">
                                <Shape>
                                    <Polygon POINTS="1330 3149 1324 3264 1324 3264 1330 3149"/>
                                </Shape>
                            </Glyph>
                            <Glyph ID="char_907" CONTENT="t" HPOS="1351" VPOS="3158" WIDTH="5" HEIGHT="104" GC="0.9999">
                                <Shape>
                                    <Polygon POINTS="1356 3158 1351 3262 1351 3262 1356 3158"/>
                                </Shape>
                            </Glyph>
                            <Glyph ID="char_908" CONTENT="i" HPOS="1370" VPOS="3169" WIDTH="13" HEIGHT="99" GC="0.8553">
                                <Shape>
                                    <Polygon POINTS="1375 3169 1370 3266 1379 3268 1383 3174"/>
                                </Shape>
                            </Glyph>
                            <Glyph ID="char_909" CONTENT="o" HPOS="1388" VPOS="3179" WIDTH="13" HEIGHT="92" GC="0.9966">
                                <Shape>
                                    <Polygon POINTS="1392 3179 1388 3269 1397 3271 1401 3184"/>
                                </Shape>
                            </Glyph>
                            <Glyph ID="char_910" CONTENT="n" HPOS="1424" VPOS="3175" WIDTH="5" HEIGHT="101" GC="1.0">
                                <Shape>
                                    <Polygon POINTS="1429 3175 1424 3276 1424 3276 1429 3175"/>
                                </Shape>
                            </Glyph>
                        </String>
                        <SP ID="segment_282" HPOS="1471"  VPOS="3158" WIDTH="15"  HEIGHT="116"/>
                        <String ID="segment_283" CONTENT="d&#39;icelle" HPOS="1498" VPOS="3157" WIDTH="172" HEIGHT="131" WC="0.969">
                            <Shape>
                                <Polygon POINTS="1504 3157 1498 3285 1664 3285 1670 3175"/>
                            </Shape>
                            <Glyph ID="char_912" CONTENT="d" HPOS="1498" VPOS="3157" WIDTH="6" HEIGHT="128" GC="1.0">
                                <Shape>
                                    <Polygon POINTS="1504 3157 1498 3285 1498 3285 1504 3157"/>
                                </Shape>
                            </Glyph>
                            <Glyph ID="char_913" CONTENT="&#39;" HPOS="1526" VPOS="3159" WIDTH="6" HEIGHT="129" GC="0.9999">
                                <Shape>
                                    <Polygon POINTS="1532 3159 1526 3288 1526 3288 1532 3159"/>
                                </Shape>
                            </Glyph>
                            <Glyph ID="char_914" CONTENT="i" HPOS="1535" VPOS="3159" WIDTH="6" HEIGHT="129" GC="0.9996">
                                <Shape>
                                    <Polygon POINTS="1541 3159 1535 3288 1535 3288 1541 3159"/>
                                </Shape>
                            </Glyph>
                            <Glyph ID="char_915" CONTENT="c" HPOS="1563" VPOS="3160" WIDTH="6" HEIGHT="127" GC="0.9963">
                                <Shape>
                                    <Polygon POINTS="1569 3160 1563 3287 1563 3287 1569 3160"/>
                                </Shape>
                            </Glyph>
                            <Glyph ID="char_916" CONTENT="e" HPOS="1581" VPOS="3161" WIDTH="6" HEIGHT="125" GC="0.757">
                                <Shape>
                                    <Polygon POINTS="1587 3161 1581 3286 1581 3286 1587 3161"/>
                                </Shape>
                            </Glyph>
                            <Glyph ID="char_917" CONTENT="l" HPOS="1609" VPOS="3174" WIDTH="6" HEIGHT="111" GC="0.9999">
                                <Shape>
                                    <Polygon POINTS="1615 3174 1609 3285 1609 3285 1615 3174"/>
                                </Shape>
                            </Glyph>
                            <Glyph ID="char_918" CONTENT="l" HPOS="1636" VPOS="3181" WIDTH="5" HEIGHT="103" GC="0.9995">
                                <Shape>
                                    <Polygon POINTS="1641 3181 1636 3284 1636 3284 1641 3181"/>
                                </Shape>
                            </Glyph>
                            <Glyph ID="char_919" CONTENT="e" HPOS="1664" VPOS="3175" WIDTH="6" HEIGHT="110" GC="1.0">
                                <Shape>
                                    <Polygon POINTS="1670 3175 1664 3285 1664 3285 1670 3175"/>
                                </Shape>
                            </Glyph>
                        </String>
                        <SP ID="segment_284" HPOS="1701"  VPOS="3187" WIDTH="5"  HEIGHT="107"/>
                        <String ID="segment_285" CONTENT="dument" HPOS="1719" VPOS="3194" WIDTH="258" HEIGHT="105" WC="0.9986">
                            <Shape>
                                <Polygon POINTS="1724 3194 1719 3299 1967 3298 1977 3209"/>
                            </Shape>
                            <Glyph ID="char_921" CONTENT="d" HPOS="1719" VPOS="3194" WIDTH="5" HEIGHT="105" GC="1.0">
                                <Shape>
                                    <Polygon POINTS="1724 3194 1719 3299 1719 3299 1724 3194"/>
                                </Shape>
                            </Glyph>
                            <Glyph ID="char_922" CONTENT="u" HPOS="1784" VPOS="3199" WIDTH="5" HEIGHT="85" GC="1.0">
                                <Shape>
                                    <Polygon POINTS="1789 3199 1784 3284 1784 3284 1789 3199"/>
                                </Shape>
                            </Glyph>
                            <Glyph ID="char_923" CONTENT="m" HPOS="1858" VPOS="3219" WIDTH="4" HEIGHT="73" GC="0.9975">
                                <Shape>
                                    <Polygon POINTS="1862 3219 1858 3292 1858 3292 1862 3219"/>
                                </Shape>
                            </Glyph>
                            <Glyph ID="char_924" CONTENT="e" HPOS="1893" VPOS="3220" WIDTH="8" HEIGHT="75" GC="0.9996">
                                <Shape>
                                    <Polygon POINTS="1901 3220 1893 3295 1893 3295 1901 3220"/>
                                </Shape>
                            </Glyph>
                            <Glyph ID="char_925" CONTENT="n" HPOS="1929" VPOS="3217" WIDTH="10" HEIGHT="82" GC="0.9953">
                                <Shape>
                                    <Polygon POINTS="1939 3217 1929 3299 1929 3299 1939 3217"/>
                                </Shape>
                            </Glyph>
                            <Glyph ID="char_926" CONTENT="t" HPOS="1967" VPOS="3209" WIDTH="10" HEIGHT="89" GC="0.9991">
                                <Shape>
                                    <Polygon POINTS="1977 3209 1967 3298 1967 3298 1977 3209"/>
                                </Shape>
                            </Glyph>
                        </String>
                        <SP ID="segment_286" HPOS="1995"  VPOS="3208" WIDTH="18"  HEIGHT="86"/>
                        <String ID="segment_287" CONTENT="Collationnés" HPOS="2013" VPOS="3196" WIDTH="354" HEIGHT="124" WC="0.9345">
                            <Shape>
                                <Polygon POINTS="2022 3215 2013 3296 2365 3310 2367 3244"/>
                            </Shape>
                            <Glyph ID="char_928" CONTENT="C" HPOS="2013" VPOS="3215" WIDTH="9" HEIGHT="81" GC="0.9989">
                                <Shape>
                                    <Polygon POINTS="2022 3215 2013 3296 2013 3296 2022 3215"/>
                                </Shape>
                            </Glyph>
                            <Glyph ID="char_929" CONTENT="o" HPOS="2058" VPOS="3196" WIDTH="13" HEIGHT="111" GC="0.9368">
                                <Shape>
                                    <Polygon POINTS="2071 3196 2058 3307 2058 3307 2071 3196"/>
                                </Shape>
                            </Glyph>
                            <Glyph ID="char_930" CONTENT="l" HPOS="2097" VPOS="3200" WIDTH="5" HEIGHT="116" GC="0.9975">
                                <Shape>
                                    <Polygon POINTS="2102 3200 2097 3316 2097 3316 2102 3200"/>
                                </Shape>
                            </Glyph>
                            <Glyph ID="char_931" CONTENT="l" HPOS="2124" VPOS="3204" WIDTH="5" HEIGHT="114" GC="0.995">
                                <Shape>
                                    <Polygon POINTS="2129 3204 2124 3318 2124 3318 2129 3204"/>
                                </Shape>
                            </Glyph>
                            <Glyph ID="char_932" CONTENT="a" HPOS="2153" VPOS="3208" WIDTH="4" HEIGHT="97" GC="0.7502">
                                <Shape>
                                    <Polygon POINTS="2157 3208 2153 3305 2153 3305 2157 3208"/>
                                </Shape>
                            </Glyph>
                            <Glyph ID="char_933" CONTENT="t" HPOS="2189" VPOS="3208" WIDTH="5" HEIGHT="102" GC="0.6788">
                                <Shape>
                                    <Polygon POINTS="2194 3208 2189 3310 2189 3310 2194 3208"/>
                                </Shape>
                            </Glyph>
                            <Glyph ID="char_934" CONTENT="i" HPOS="2207" VPOS="3224" WIDTH="14" HEIGHT="92" GC="0.9999">
                                <Shape>
                                    <Polygon POINTS="2211 3224 2207 3314 2217 3316 2221 3230"/>
                                </Shape>
                            </Glyph>
                            <Glyph ID="char_935" CONTENT="o" HPOS="2235" VPOS="3219" WIDTH="4" HEIGHT="101" GC="0.9911">
                                <Shape>
                                    <Polygon POINTS="2239 3219 2235 3320 2235 3320 2239 3219"/>
                                </Shape>
                            </Glyph>
                            <Glyph ID="char_936" CONTENT="n" HPOS="2263" VPOS="3231" WIDTH="4" HEIGHT="81" GC="0.9774">
                                <Shape>
                                    <Polygon POINTS="2267 3231 2263 3312 2263 3312 2267 3231"/>
                                </Shape>
                            </Glyph>
                            <Glyph ID="char_937" CONTENT="n" HPOS="2301" VPOS="3242" WIDTH="2" HEIGHT="66" GC="0.993">
                                <Shape>
                                    <Polygon POINTS="2303 3242 2301 3308 2301 3308 2303 3242"/>
                                </Shape>
                            </Glyph>
                            <Glyph ID="char_938" CONTENT="e" HPOS="2338" VPOS="3243" WIDTH="2" HEIGHT="66" GC="0.8308">
                                <Shape>
                                    <Polygon POINTS="2340 3243 2338 3309 2338 3309 2340 3243"/>
                                </Shape>
                            </Glyph>
                            <Glyph ID="char_939" CONTENT="́" HPOS="2347" VPOS="3244" WIDTH="2" HEIGHT="65" GC="1.0">
                                <Shape>
                                    <Polygon POINTS="2349 3244 2347 3309 2347 3309 2349 3244"/>
                                </Shape>
                            </Glyph>
                            <Glyph ID="char_940" CONTENT="s" HPOS="2365" VPOS="3244" WIDTH="2" HEIGHT="66" GC="0.9984">
                                <Shape>
                                    <Polygon POINTS="2367 3244 2365 3310 2365 3310 2367 3244"/>
                                </Shape>
                            </Glyph>
                        </String>
                        <SP ID="segment_288" HPOS="2421"  VPOS="3246" WIDTH="11"  HEIGHT="66"/>
                        <String ID="segment_289" CONTENT="et." HPOS="2448" VPOS="3240" WIDTH="104" HEIGHT="88" WC="0.9731">
                            <Shape>
                                <Polygon POINTS="2450 3247 2448 3312 2549 3319 2552 3250"/>
                            </Shape>
                            <Glyph ID="char_942" CONTENT="e" HPOS="2448" VPOS="3247" WIDTH="2" HEIGHT="65" GC="0.9879">
                                <Shape>
                                    <Polygon POINTS="2450 3247 2448 3312 2448 3312 2450 3247"/>
                                </Shape>
                            </Glyph>
                            <Glyph ID="char_943" CONTENT="t" HPOS="2484" VPOS="3240" WIDTH="4" HEIGHT="88" GC="0.9997">
                                <Shape>
                                    <Polygon POINTS="2488 3240 2484 3328 2484 3328 2488 3240"/>
                                </Shape>
                            </Glyph>
                            <Glyph ID="char_944" CONTENT="." HPOS="2549" VPOS="3250" WIDTH="3" HEIGHT="69" GC="0.9318">
                                <Shape>
                                    <Polygon POINTS="2552 3250 2549 3319 2549 3319 2552 3250"/>
                                </Shape>
                            </Glyph>
                        </String>
                    </TextLine>

                    <TextLine ID="ffb59fd5-c6ac-4556-af49-b99367bc2131" HPOS="1119.0" VPOS="3272.0" WIDTH="840.0" HEIGHT="143.0" BASELINE="1124.0 3340.0 1957.0 3379.0" TAGREFS="LINE_TYPE_1">
                        <Shape>
                            <Polygon POINTS="1124.0 3340.0 1119.0 3388.0 1134.0 3402.0 1134.0 3404.0 1136.0 3404.0 1138.0 3404.0 1214.0 3408.0 1216.0 3408.0 1218.0 3408.0 1221.0 3408.0 1235.0 3398.0 1249.0 3410.0 1251.0 3410.0 1254.0 3410.0 1340.0 3415.0 1342.0 3415.0 1344.0 3415.0 1419.0 3386.0 1460.0 3400.0 1462.0 3400.0 1464.0 3400.0 1559.0 3386.0 1592.0 3390.0 1614.0 3412.0 1614.0 3415.0 1617.0 3415.0 1619.0 3415.0 1621.0 3415.0 1623.0 3415.0 1674.0 3398.0 1732.0 3412.0 1734.0 3412.0 1736.0 3412.0 1738.0 3412.0 1794.0 3398.0 1953.0 3402.0 1957.0 3379.0 1959.0 3322.0 1918.0 3307.0 1916.0 3307.0 1914.0 3307.0 1911.0 3307.0 1909.0 3307.0 1870.0 3334.0 1736.0 3297.0 1734.0 3297.0 1732.0 3297.0 1678.0 3305.0 1592.0 3291.0 1590.0 3291.0 1588.0 3291.0 1586.0 3291.0 1561.0 3313.0 1476.0 3316.0 1419.0 3313.0 1392.0 3295.0 1390.0 3295.0 1388.0 3295.0 1386.0 3295.0 1260.0 3305.0 1212.0 3272.0 1210.0 3272.0 1208.0 3272.0 1206.0 3272.0 1124.0 3283.0 1124.0 3340.0"/>
                        </Shape>
                        <String ID="segment_290" CONTENT="d&#39;en" HPOS="1167" VPOS="3272" WIDTH="79" HEIGHT="135" WC="1.0">
                            <Shape>
                                <Polygon POINTS="1173 3276 1167 3406 1241 3403 1246 3296"/>
                            </Shape>
                            <Glyph ID="char_945" CONTENT="d" HPOS="1167" VPOS="3276" WIDTH="6" HEIGHT="130" GC="0.9999">
                                <Shape>
                                    <Polygon POINTS="1173 3276 1167 3406 1167 3406 1173 3276"/>
                                </Shape>
                            </Glyph>
                            <Glyph ID="char_946" CONTENT="&#39;" HPOS="1186" VPOS="3273" WIDTH="15" HEIGHT="134" GC="1.0">
                                <Shape>
                                    <Polygon POINTS="1192 3274 1186 3407 1195 3407 1201 3273"/>
                                </Shape>
                            </Glyph>
                            <Glyph ID="char_947" CONTENT="e" HPOS="1204" VPOS="3272" WIDTH="6" HEIGHT="135" GC="1.0">
                                <Shape>
                                    <Polygon POINTS="1210 3272 1204 3407 1204 3407 1210 3272"/>
                                </Shape>
                            </Glyph>
                            <Glyph ID="char_948" CONTENT="n" HPOS="1241" VPOS="3296" WIDTH="5" HEIGHT="107" GC="0.9999">
                                <Shape>
                                    <Polygon POINTS="1246 3296 1241 3403 1241 3403 1246 3296"/>
                                </Shape>
                            </Glyph>
                        </String>
                        <SP ID="segment_291" HPOS="1269"  VPOS="3303" WIDTH="14"  HEIGHT="108"/>
                        <String ID="segment_292" CONTENT="reguerier" HPOS="1296" VPOS="3295" WIDTH="236" HEIGHT="120" WC="0.9751">
                            <Shape>
                                <Polygon POINTS="1301 3302 1296 3412 1528 3391 1532 3314"/>
                            </Shape>
                            <Glyph ID="char_950" CONTENT="r" HPOS="1296" VPOS="3302" WIDTH="5" HEIGHT="110" GC="1.0">
                                <Shape>
                                    <Polygon POINTS="1301 3302 1296 3412 1296 3412 1301 3302"/>
                                </Shape>
                            </Glyph>
                            <Glyph ID="char_951" CONTENT="e" HPOS="1342" VPOS="3298" WIDTH="5" HEIGHT="117" GC="0.9995">
                                <Shape>
                                    <Polygon POINTS="1347 3298 1342 3415 1342 3415 1347 3298"/>
                                </Shape>
                            </Glyph>
                            <Glyph ID="char_952" CONTENT="g" HPOS="1379" VPOS="3295" WIDTH="5" HEIGHT="106" GC="0.9451">
                                <Shape>
                                    <Polygon POINTS="1384 3295 1379 3401 1379 3401 1384 3295"/>
                                </Shape>
                            </Glyph>
                            <Glyph ID="char_953" CONTENT="u" HPOS="1426" VPOS="3314" WIDTH="4" HEIGHT="74" GC="0.9416">
                                <Shape>
                                    <Polygon POINTS="1430 3314 1426 3388 1426 3388 1430 3314"/>
                                </Shape>
                            </Glyph>
                            <Glyph ID="char_954" CONTENT="e" HPOS="1454" VPOS="3315" WIDTH="4" HEIGHT="83" GC="0.9978">
                                <Shape>
                                    <Polygon POINTS="1458 3315 1454 3398 1454 3398 1458 3315"/>
                                </Shape>
                            </Glyph>
                            <Glyph ID="char_955" CONTENT="r" HPOS="1491" VPOS="3315" WIDTH="4" HEIGHT="81" GC="0.9674">
                                <Shape>
                                    <Polygon POINTS="1495 3315 1491 3396 1491 3396 1495 3315"/>
                                </Shape>
                            </Glyph>
                            <Glyph ID="char_956" CONTENT="i" HPOS="1500" VPOS="3315" WIDTH="4" HEIGHT="80" GC="0.9446">
                                <Shape>
                                    <Polygon POINTS="1504 3315 1500 3395 1500 3395 1504 3315"/>
                                </Shape>
                            </Glyph>
                            <Glyph ID="char_957" CONTENT="e" HPOS="1509" VPOS="3315" WIDTH="4" HEIGHT="78" GC="0.9895">
                                <Shape>
                                    <Polygon POINTS="1513 3315 1509 3393 1509 3393 1513 3315"/>
                                </Shape>
                            </Glyph>
                            <Glyph ID="char_958" CONTENT="r" HPOS="1528" VPOS="3314" WIDTH="4" HEIGHT="77" GC="0.9902">
                                <Shape>
                                    <Polygon POINTS="1532 3314 1528 3391 1528 3391 1532 3314"/>
                                </Shape>
                            </Glyph>
                        </String>
                        <SP ID="segment_293" HPOS="1583"  VPOS="3291" WIDTH="14"  HEIGHT="99"/>
                        <String ID="segment_294" CONTENT="Aete" HPOS="1610" VPOS="3295" WIDTH="180" HEIGHT="116" WC="0.9774">
                            <Shape>
                                <Polygon POINTS="1616 3295 1610 3408 1786 3400 1790 3312"/>
                            </Shape>
                            <Glyph ID="char_960" CONTENT="A" HPOS="1610" VPOS="3295" WIDTH="6" HEIGHT="113" GC="0.9953">
                                <Shape>
                                    <Polygon POINTS="1616 3295 1610 3408 1610 3408 1616 3295"/>
                                </Shape>
                            </Glyph>
                            <Glyph ID="char_961" CONTENT="e" HPOS="1729" VPOS="3297" WIDTH="6" HEIGHT="114" GC="0.9837">
                                <Shape>
                                    <Polygon POINTS="1735 3297 1729 3411 1729 3411 1735 3297"/>
                                </Shape>
                            </Glyph>
                            <Glyph ID="char_962" CONTENT="t" HPOS="1758" VPOS="3304" WIDTH="4" HEIGHT="103" GC="0.9872">
                                <Shape>
                                    <Polygon POINTS="1762 3304 1758 3407 1758 3407 1762 3304"/>
                                </Shape>
                            </Glyph>
                            <Glyph ID="char_963" CONTENT="e" HPOS="1786" VPOS="3312" WIDTH="4" HEIGHT="88" GC="0.9435">
                                <Shape>
                                    <Polygon POINTS="1790 3312 1786 3400 1786 3400 1790 3312"/>
                                </Shape>
                            </Glyph>
                        </String>
                    </TextLine>
</TextBlock>
                <TextBlock ID="47ab161e-0b8f-4530-94f2-31b9db4f75f5" HPOS="2680.0" VPOS="1835.0" WIDTH="457.0" HEIGHT="136.0" TAGREFS="REGION_TYPE_2">
<Shape>
                        <Polygon POINTS="2680.0 1835.0 3137.0 1835.0 3137.0 1971.0 2680.0 1971.0 2680.0 1835.0"/>
                    </Shape>
                    <TextLine ID="856b9cd2-ea30-44e1-a975-bac3d7a29a86" HPOS="2710.0" VPOS="1847.0" WIDTH="396.0" HEIGHT="114.0" BASELINE="2712.0 1901.0 3106.0 1905.0" TAGREFS="LINE_TYPE_1">
                        <Shape>
                            <Polygon POINTS="2710.0 1942.0 2930.0 1961.0 2932.0 1961.0 3104.0 1944.0 3106.0 1905.0 3104.0 1874.0 3081.0 1874.0 3060.0 1853.0 3060.0 1851.0 3058.0 1851.0 3056.0 1851.0 3011.0 1851.0 3009.0 1851.0 3007.0 1851.0 3005.0 1851.0 3005.0 1853.0 2984.0 1874.0 2910.0 1874.0 2784.0 1868.0 2714.0 1847.0 2712.0 1901.0 2710.0 1942.0"/>
                        </Shape>
                        <String ID="segment_295" CONTENT="écrire" HPOS="2750" VPOS="1858" WIDTH="107" HEIGHT="97" WC="0.9916">
                            <Shape>
                                <Polygon POINTS="2750 1858 2750 1945 2856 1955 2857 1871"/>
                            </Shape>
                            <Glyph ID="char_964" CONTENT="e" HPOS="2750" VPOS="1858" WIDTH="8" HEIGHT="88" GC="0.9819">
                                <Shape>
                                    <Polygon POINTS="2750 1858 2750 1945 2758 1946 2758 1860"/>
                                </Shape>
                            </Glyph>
                            <Glyph ID="char_965" CONTENT="́" HPOS="2766" VPOS="1863" WIDTH="0" HEIGHT="84" GC="0.9983">
                                <Shape>
                                    <Polygon POINTS="2766 1863 2766 1947 2766 1947 2766 1863"/>
                                </Shape>
                            </Glyph>
                            <Glyph ID="char_966" CONTENT="c" HPOS="2781" VPOS="1867" WIDTH="0" HEIGHT="81" GC="0.9987">
                                <Shape>
                                    <Polygon POINTS="2781 1867 2781 1948 2781 1948 2781 1867"/>
                                </Shape>
                            </Glyph>
                            <Glyph ID="char_967" CONTENT="r" HPOS="2804" VPOS="1869" WIDTH="7" HEIGHT="82" GC="1.0">
                                <Shape>
                                    <Polygon POINTS="2804 1869 2804 1950 2811 1951 2811 1869"/>
                                </Shape>
                            </Glyph>
                            <Glyph ID="char_968" CONTENT="i" HPOS="2818" VPOS="1870" WIDTH="1" HEIGHT="81" GC="1.0">
                                <Shape>
                                    <Polygon POINTS="2819 1870 2818 1951 2818 1951 2819 1870"/>
                                </Shape>
                            </Glyph>
                            <Glyph ID="char_969" CONTENT="r" HPOS="2833" VPOS="1870" WIDTH="1" HEIGHT="83" GC="0.9692">
                                <Shape>
                                    <Polygon POINTS="2834 1870 2833 1953 2833 1953 2834 1870"/>
                                </Shape>
                            </Glyph>
                            <Glyph ID="char_970" CONTENT="e" HPOS="2856" VPOS="1871" WIDTH="1" HEIGHT="84" GC="0.9929">
                                <Shape>
                                    <Polygon POINTS="2857 1871 2856 1955 2856 1955 2857 1871"/>
                                </Shape>
                            </Glyph>
                        </String>
                        <SP ID="segment_296" HPOS="2879"  VPOS="1873" WIDTH="9"  HEIGHT="84"/>
                        <String ID="segment_297" CONTENT="n&#39;y" HPOS="2902" VPOS="1874" WIDTH="39" HEIGHT="87" WC="0.842">
                            <Shape>
                                <Polygon POINTS="2903 1874 2902 1959 2940 1960 2941 1874"/>
                            </Shape>
                            <Glyph ID="char_972" CONTENT="n" HPOS="2902" VPOS="1874" WIDTH="1" HEIGHT="85" GC="0.9962">
                                <Shape>
                                    <Polygon POINTS="2903 1874 2902 1959 2902 1959 2903 1874"/>
                                </Shape>
                            </Glyph>
                            <Glyph ID="char_973" CONTENT="&#39;" HPOS="2925" VPOS="1874" WIDTH="1" HEIGHT="87" GC="0.5429">
                                <Shape>
                                    <Polygon POINTS="2926 1874 2925 1961 2925 1961 2926 1874"/>
                                </Shape>
                            </Glyph>
                            <Glyph ID="char_974" CONTENT="y" HPOS="2940" VPOS="1874" WIDTH="1" HEIGHT="86" GC="0.9868">
                                <Shape>
                                    <Polygon POINTS="2941 1874 2940 1960 2940 1960 2941 1874"/>
                                </Shape>
                            </Glyph>
                        </String>
                        <SP ID="segment_298" HPOS="2963"  VPOS="1874" WIDTH="9"  HEIGHT="84"/>
                        <String ID="segment_299" CONTENT="signer" HPOS="2978" VPOS="1851" WIDTH="123" HEIGHT="105" WC="0.9075">
                            <Shape>
                                <Polygon POINTS="2979 1874 2978 1956 3101 1944 3101 1874"/>
                            </Shape>
                            <Glyph ID="char_976" CONTENT="s" HPOS="2978" VPOS="1874" WIDTH="1" HEIGHT="82" GC="0.7725">
                                <Shape>
                                    <Polygon POINTS="2979 1874 2978 1956 2978 1956 2979 1874"/>
                                </Shape>
                            </Glyph>
                            <Glyph ID="char_977" CONTENT="i" HPOS="3016" VPOS="1851" WIDTH="2" HEIGHT="102" GC="0.9978">
                                <Shape>
                                    <Polygon POINTS="3018 1851 3016 1953 3016 1953 3018 1851"/>
                                </Shape>
                            </Glyph>
                            <Glyph ID="char_978" CONTENT="g" HPOS="3033" VPOS="1851" WIDTH="1" HEIGHT="100" GC="0.9997">
                                <Shape>
                                    <Polygon POINTS="3034 1851 3033 1951 3033 1951 3034 1851"/>
                                </Shape>
                            </Glyph>
                            <Glyph ID="char_979" CONTENT="n" HPOS="3055" VPOS="1851" WIDTH="1" HEIGHT="98" GC="0.9988">
                                <Shape>
                                    <Polygon POINTS="3056 1851 3055 1949 3055 1949 3056 1851"/>
                                </Shape>
                            </Glyph>
                            <Glyph ID="char_980" CONTENT="e" HPOS="3078" VPOS="1871" WIDTH="0" HEIGHT="76" GC="0.9063">
                                <Shape>
                                    <Polygon POINTS="3078 1871 3078 1947 3078 1947 3078 1871"/>
                                </Shape>
                            </Glyph>
                            <Glyph ID="char_981" CONTENT="r" HPOS="3101" VPOS="1874" WIDTH="0" HEIGHT="70" GC="0.7702">
                                <Shape>
                                    <Polygon POINTS="3101 1874 3101 1944 3101 1944 3101 1874"/>
                                </Shape>
                            </Glyph>
                        </String>
                    </TextLine>
</TextBlock>
                <TextBlock ID="textblock_7"  TAGREFS="REGION_TYPE_3">

                    <TextLine ID="34cf9ab7-4b39-4429-9037-28f988e0408b" HPOS="3040.0" VPOS="3417.0" WIDTH="47.0" HEIGHT="72.0" BASELINE="3040.0 3472.0 3087.0 3472.0" TAGREFS="LINE_TYPE_1">
                        <Shape>
                            <Polygon POINTS="3040.0 3472.0 3040.0 3489.0 3087.0 3487.0 3087.0 3472.0 3083.0 3417.0 3040.0 3429.0 3040.0 3472.0"/>
                        </Shape>
                        <String ID="segment_300" CONTENT="0" HPOS="3051" VPOS="3426" WIDTH="0" HEIGHT="63" WC="0.9992">
                            <Shape>
                                <Polygon POINTS="3051 3426 3051 3489 3051 3489 3051 3426"/>
                            </Shape>
                            <Glyph ID="char_982" CONTENT="0" HPOS="3051" VPOS="3426" WIDTH="0" HEIGHT="63" GC="0.9992">
                                <Shape>
                                    <Polygon POINTS="3051 3426 3051 3489 3051 3489 3051 3426"/>
                                </Shape>
                            </Glyph>
                        </String>
                    </TextLine>
</TextBlock>
                <TextBlock ID="a811a8d8-0765-47fb-a27e-5a67c98ffebb" HPOS="2804.0" VPOS="2092.0" WIDTH="333.0" HEIGHT="358.0" TAGREFS="REGION_TYPE_4">
<Shape>
                        <Polygon POINTS="2804.0 2092.0 3137.0 2092.0 3137.0 2450.0 2804.0 2450.0 2804.0 2092.0"/>
                    </Shape></TextBlock>
            </PrintSpace>
        </Page>
    </Layout>
</alto>