3232 3688
168 1675 66 24 10

972 235 302 72 Beaucoup
1347 235 54 71 de
1459 235 167 69 monde
1687 235 178 64 courir
1931 235 124 42 sans
2215 235 0 35 e
2269 235 244 39 maison

978 303 41 83 du
1061 309 111 74 sieur
1235 314 215 77 Ducrocq
1526 308 83 82 quy
1665 296 126 83 etoit
1857 300 143 87 aussy
2045 284 113 74 allé
2219 287 43 71 Il
2309 288 50 70 vis
2427 280 112 80 dans

978 394 381 90 Laboutique
1426 387 44 78 du
1529 389 132 82 sieur
1713 382 175 82 Tache
1953 390 51 50 un
2075 373 212 67 homme
2353 360 112 90 quil
2513 369 38 67 ne

984 484 197 84 connoit
1252 489 91 78 pas
1430 476 198 84 couché
1679 473 98 80 sur
1834 467 92 85 une
1959 456 287 93 paillasse
2311 459 31 66 et
2382 451 19 83 le
2436 449 114 81 sieur

979 565 277 119 Raffizia
1323 567 83 104 quy
1456 557 213 107 pensoit
1738 566 81 86 une
1863 554 174 96 playe
2105 553 80 74 que
2229 525 168 82 ledit

980 676 192 66 homme
1250 657 142 81 avait
1440 652 124 76 dans
1637 648 38 78 le
1723 646 112 80 coté
1906 657 89 65 que
2053 629 284 85 quelques
2403 634 1 56 &

979 764 310 92 personnes
1356 751 90 95 luy
1495 745 177 97 ayant
1750 731 274 87 demandé
2090 726 272 75 comment
2412 721 38 64 ce

971 874 112 76 coup
1160 861 101 77 luy
1315 849 134 82 Etoit
1516 844 192 73 arrivé
1785 834 88 88 que
1933 823 157 84 cetoit
2169 831 41 57 un
2278 825 133 73 coup

997 946 398 95 malheureux
1468 931 114 99 dont
1641 926 45 86 le
1739 914 127 100 sieur
1905 909 190 94 Tache
2156 914 113 89 etoit
2308 922 244 76 jnocent

981 1051 38 82 ne
1058 1044 255 103 Layant
1373 1050 108 87 pas
1555 1030 121 100 fait
1736 1032 255 84 exprés.

1177 1139 93 79 quy
1309 1135 51 75 est
1417 1128 112 82 tout
1586 1135 33 75 ce
1652 1125 122 85 quil
1845 1131 1 53 a
1887 1118 49 66 dit
2013 1118 236 75 scavoir
2320 1102 205 85 Lecture

986 1235 1 59 a
1029 1228 87 83 luy
1181 1220 117 89 faite
1381 1215 44 73 de
1473 1219 68 73 sa
1600 1208 329 87 deposition
2014 1217 1 51 a
2056 1196 68 73 dit
2183 1191 178 89 quelle

977 1312 259 77 contient
1274 1301 187 84 verité
1519 1305 124 77 quil
1701 1311 3 69 y
1750 1286 245 86 persiste
2060 1286 33 73 et
2138 1287 3 63 a
2205 1268 148 91 signé
2420 1279 103 61 avec

980 1412 129 83 nous
1182 1404 37 68 et
1279 1397 25 79 le
1390 1389 206 97 greffier
1634 1377 287 87 commis.
1961 1360 196 100 signés
2232 1369 15 65 à
2287 1358 65 66 la

996 1486 236 99 minutte
1295 1485 374 86 Malaret,
1724 1458 255 101 Esteve,
2009 1460 43 86 et
2115 1447 43 88 L.
2194 1443 56 85 J.
2294 1438 234 89 Rivery

965 1585 223 106 Greffier
1241 1573 245 82 commis

1188 1655 371 100 Mathurne
1626 1650 290 109 Raffina
1982 1658 99 96 agé
2133 1651 39 84 de
2224 1647 152 102 vingt
2435 1635 138 105 quatre

956 1787 89 74 ans
1113 1768 326 92 apoticaire
1518 1775 43 65 en
1612 1760 135 75 cette
1803 1757 141 74 ville
1995 1770 1 63 y
2047 1741 350 81 demeurant
2459 1738 83 74 rue

955 1866 388 102 Espagnolle
1432 1857 210 86 lequel
1712 1856 180 90 aprés
1961 1837 288 90 serment
2311 1838 101 84 par
2460 1823 81 92 luy

976 1967 118 78 fait
1177 1961 43 73 de
1268 1957 107 80 dire
1440 1946 175 84 verité
1676 1944 145 79 nous
1888 1934 168 80 avoir
2129 1929 260 76 declaré
2450 1922 111 70 netre

992 2068 230 69 parent
1305 2053 139 72 allié
1508 2032 303 88 serviteur
1887 2029 93 83 ny
2020 2013 369 94 domestique
2441 2008 62 75 des

981 2156 242 88 parties
1291 2151 131 69 nous
1473 2130 150 86 avoir
1673 2118 378 105 representé
2125 2106 274 94 lexploit

979 2249 438 93 Dassignation
1494 2243 3 77 a
1541 2228 96 97 luy
1680 2220 191 95 donné
1914 2216 138 97 pour
2108 2208 249 89 deposer
2416 2215 1 55 a
2470 2194 41 90 la

965 2349 242 87 requete
1292 2347 59 83 du
1411 2341 329 73 procureur
1806 2322 59 68 du
1907 2317 90 89 roy
2045 2312 47 79 de
2127 2319 40 65 ce
2222 2302 134 90 jour
2410 2308 102 80 par

978 2438 290 81 Laliquet
1353 2429 217 91 huissier
1634 2417 45 76 de
1702 2415 39 72 ce
1787 2411 173 96 siege.
2000 2407 201 96 dépose
2302 2398 104 82 sur
2460 2396 70 80 les

977 2540 127 86 faits
1167 2538 183 80 enoncés
1426 2538 36 64 en
1510 2511 491 91 laremontrance
2062 2525 22 59 en
2146 2505 230 83 plainte
2420 2501 40 74 du

993 2643 314 72 procureur
1376 2623 58 64 du
1474 2635 76 66 roy
1620 2616 124 67 d'ont
1809 2611 221 80 lecture
2101 2604 82 82 luy
2241 2615 2 53 a
2302 2591 75 90 été
2412 2589 124 84 faite

981 2741 108 70 par
1151 2715 36 83 le
1249 2708 212 98 Greffier
1525 2705 198 85 commis
1814 2697 185 81 Etant
2063 2703 47 68 en
2167 2687 139 83 datte
2377 2686 53 69 du

972 2813 301 95 jourdhier
1358 2823 104 79 que
1519 2796 90 79 vers
1688 2789 90 87 les
1843 2786 124 96 deux
2039 2792 184 76 heures
2268 2777 43 86 de
2363 2775 169 94 laprés

998 2911 139 84 midy
1191 2915 81 80 du
1331 2896 306 95 jourdhier
1713 2882 258 88 sortant
2053 2891 53 78 de
2175 2883 149 77 diner
2393 2887 40 71 et

968 3015 233 87 setant
1276 3015 79 83 mis
1430 3006 73 86 sur
1564 3007 61 84 le
1660 3004 105 81 pas
1852 2996 41 72 de
1942 2985 67 92 sa
2058 2982 155 83 porte
2274 2972 47 82 Il

967 3106 265 91 entendit
1297 3099 130 88 lirer
1499 3102 57 90 un
1621 3112 130 76 coup
1842 3087 191 86 darme
2099 3079 129 87 chés
2300 3073 36 92 le
2374 3071 137 78 sieur

960 3207 169 81 Tache
1196 3215 39 73 et
1303 3200 63 110 vit
1432 3204 147 98 tout
1661 3200 32 104 de
1737 3200 153 103 suite
1958 3192 161 104 ledit
2171 3184 100 110 sieur
2331 3179 146 110 Tache
