3232 3672
169 1641 71 43 p0n0

1559 171 38 91 en
1637 167 110 98 trait
1795 165 53 88 des
1918 172 209 83 minuttes
2182 153 45 85 du
2283 157 145 96 Greffe

1561 267 46 75 du
1653 246 334 109 siegeroyal
2031 242 46 90 du
2116 252 151 85 Cap.

1262 352 404 109 Information
1727 348 124 108 faite
1880 351 106 97 par
2041 362 122 73 nous
2226 338 129 92 Jean
2393 334 203 108 baptitte

1246 464 139 92 Esteve
1441 450 249 97 conseiller
1744 447 42 92 du
1829 447 107 87 Roy
1990 439 256 85 senechal
2314 427 120 89 Juge
2476 428 112 76 civit

1265 568 39 66 et
1350 544 240 94 criminel
1647 544 47 79 du
1739 537 130 83 siege
1910 531 154 84 royal
2122 523 46 74 du
2213 527 89 73 cap
2372 527 3 67 a
2427 505 51 77 la

1287 634 208 100 requete
1562 628 52 93 du
1649 624 295 95 procureur
2005 611 51 89 du
2111 608 129 84 Roy
2276 594 36 72 de
2342 605 29 58 ce
2407 581 123 94 siege

1299 736 284 91 procedant
1639 724 45 79 de
1719 724 83 69 son
1854 705 124 87 office
2041 678 316 84 demandeur
2418 665 40 81 et

1307 821 306 92 accusateur
1660 807 166 82 contre
1865 798 48 79 le
1953 783 218 88 nomme
2218 762 232 87 Tache

1289 903 267 102 defsendeur
1616 900 170 82 accuse
1830 903 41 56 en
1933 870 271 90 exccusion
2267 853 34 79 de
2335 851 137 81 notre

1302 1005 333 90 ordonnance
1709 993 38 75 de
1779 1010 37 66 ce
1858 986 112 84 jour
2040 978 3 65 a
2108 950 277 92 laquelle

1305 1105 41 89 In
1394 1081 332 106 formation
1810 1088 175 72 arons
2054 1038 262 114 procede
2375 1035 165 85 ainty

1315 1212 116 78 qu'il
1487 1190 136 85 suit.

1130 1315 67 79 Du
1258 1304 146 94 treize
1466 1298 117 95 may
1656 1281 92 90 mil
1785 1277 127 104 sept
1943 1281 105 91 cent
2122 1257 289 93 soixante
2466 1242 81 80 six

1021 1421 98 87 cinq
1180 1410 195 83 heures
1444 1388 38 90 de
1511 1380 190 93 relevee

1244 1481 148 109 Julien
1457 1464 259 108 Roland
1773 1466 103 103 age
1908 1456 43 105 de
2000 1475 177 79 trente
2242 1450 109 90 huit
2408 1462 79 78 ans

1050 1594 291 105 marchand
1387 1607 49 62 en
1476 1578 112 88 cette
1635 1571 112 86 ville
1831 1564 5 89 y
1883 1562 340 84 demeurant
2276 1539 187 95 derriere
2510 1527 55 92 les

1014 1684 380 118 Religieuses
1461 1664 181 97 lequel
1704 1652 172 109 apres
1944 1644 280 100 serment
2284 1644 117 74 par
2437 1622 80 89 luy
2543 1613 63 89 fai

1029 1798 37 69 de
1108 1792 87 74 dire
1236 1778 161 71 verite
1449 1774 122 71 nous
1645 1766 138 74 avoir
1835 1745 217 85 declare
2127 1729 104 72 netre
2295 1714 211 92 parent

1019 1884 128 84 allie
1201 1868 245 84 serviteur
1514 1854 36 89 ni
1598 1838 313 105 domestique
1977 1826 64 95 des
2095 1817 232 97 parties
2402 1809 120 69 nous

1020 1986 143 85 avoir
1217 1949 356 115 represente
1627 1931 279 95 lexploit
1975 1912 363 99 dassignation
2413 1911 3 61 a
2459 1890 88 92 luy

1017 2071 164 82 donne
1240 2063 143 74 pour
1442 2034 213 104 deposer
1734 2043 4 60 a
1785 2023 48 85 la
1880 2009 213 102 requete
2152 2000 164 85 dudit
2362 1993 257 85 procureur

1018 2152 45 86 du
1109 2155 73 92 roy
1240 2147 42 87 ce
1323 2142 113 93 jour
1499 2123 101 97 par
1646 2112 319 101 Lalliquet
2039 2090 248 84 huissier
2339 2080 38 79 de
2410 2099 30 53 ce
2480 2070 107 104 siege

1213 2235 221 82 Depose
1487 2223 90 76 sur
1622 2215 66 88 les
1753 2205 145 88 faits
1965 2197 225 81 Enonces
2256 2208 40 62 en
2349 2184 51 77 la

1029 2321 430 102 Remontrance
1529 2333 45 70 en
1622 2304 264 91 plainte
1964 2297 50 71 du
2064 2271 316 91 procureur
2440 2267 40 89 du
2527 2273 67 86 roy

1019 2426 30 75 de
1079 2415 23 87 ce
1146 2411 89 86 jour
1292 2409 105 76 dont
1447 2400 191 92 lecture
1694 2386 97 96 luy
1842 2402 2 62 a
1908 2380 84 92 ete
2036 2370 129 97 faite
2209 2380 102 70 par
2356 2361 36 78 le

1018 2505 208 92 Greffier
1283 2501 207 71 commis
1554 2480 280 92 qu'avant
1892 2465 194 78 lheure
2145 2465 40 73 de
2236 2453 109 79 deux
2396 2448 163 77 heures

1034 2611 156 91 apres
1275 2578 139 105 midy
1468 2575 34 81 de
1544 2586 34 92 ce
1604 2576 99 86 jour
1767 2560 79 105 luy
1902 2546 294 114 deposant
2261 2533 211 105 doyant

1031 2684 250 94 Entendu
1349 2674 91 84 dire
1498 2687 132 68 qu'un
1705 2658 225 74 homue
2002 2651 143 80 avait
2210 2627 83 85 ete
2332 2623 78 90 lue
2455 2619 70 88 d'un

1045 2796 105 75 coup
1233 2779 35 86 de
1310 2769 232 93 pistolet
1604 2763 132 74 ches
1815 2760 43 73 un
1921 2745 284 83 armurier
2243 2734 120 73 dans
2425 2725 38 83 la
2495 2729 68 72 rne

1034 2861 304 103 Espagnole
1395 2855 45 99 Il
1512 2876 3 71 y
1559 2863 3 62 a
1641 2870 2 55 a
1689 2854 152 73 couru
1906 2851 194 60 comme
2144 2821 113 84 bien
2315 2809 201 86 dautres

1049 2976 373 88 personnes,
1463 2958 78 90 que
1612 2936 266 100 lorsqu'il
1949 2930 61 89 est
2081 2927 173 90 arrive
2299 2915 130 83 dans
2496 2904 95 90 cette

1044 3068 304 85 Boutique
1421 3051 36 86 Il
1524 3064 3 73 y
1587 3052 101 78 avu
1762 3053 136 71 quon
1966 3010 476 103 transportait

1038 3155 266 106 L'homme
1370 3133 167 103 blesse
1591 3135 117 109 dont
1769 3119 36 121 Il
1882 3115 182 121 ignore
2118 3131 35 70 le
2207 3117 165 87 nom,
2409 3108 43 81 de
2499 3093 42 97 la
