2880 3672
94 238 256 54 demande

71 310 135 79 prite패
243 283 178 98 qu'il.

120 397 126 78 quy

99 478 43 65 et
193 453 172 85 avait

80 575 90 59 nais
245 572 85 60 que

108 633 177 96 apart
324 628 35 72 du

97 716 175 85 mande패
320 709 75 78 sil

71 823 89 73 sier
202 809 180 80 Tache

112 902 35 86 Le
189 901 66 87 dit
310 897 129 88 Tache

85 1024 34 66 un
182 1001 218 80 mulheur

102 1115 152 83 part
316 1090 43 67 &t

85 1326 38 62 er
184 1292 215 90 Lecsure

70 1413 33 67 le
160 1393 259 78 contient

93 1494 215 62 Mous
392 1493 1 54 A

100 1585 56 62 ute
205 1564 282 92 Rocheron,

97 1661 26 75 il

70 1798 135 78 taille
273 1791 169 89 agede

82 1897 92 75 ille
233 1894 3 61 y
278 1881 214 78 demeurant

88 1996 2 54 e
167 1992 88 70 par
304 1957 95 99 luy

122 2068 131 68 netre
298 2055 173 74 parent

79 2157 129 69 etres
256 2154 133 60 nous

90 2238 99 80 tion
254 2237 5 57 a
313 2224 92 82 luy

109 2322 285 85 procreur

129 2405 35 100 de
200 2428 34 78 ce
278 2386 120 114 sie패ge

88 2545 40 59 en
173 2524 66 70 la

78 2625 35 78 uo
174 2615 48 86 du
270 2605 80 89 roy
405 2605 41 75 du

77 2720 99 77 aite
244 2703 194 92 parte

83 2817 144 76 aison
303 2811 94 69 vers
449 2801 58 70 les

144 2930 30 55 eu
252 2898 47 90 Il

88 2998 166 87 Sorty
313 2992 40 89 Il
395 2995 66 73 vit

70 3105 37 93 te
192 3098 131 100 quil
395 3106 4 83 y
428 3087 77 99 fut

115 3198 164 89 Ledit
332 3188 145 84 Tache

1021 234 152 70 Adit
1237 234 44 51 un
1345 234 202 69 homme
1610 234 110 65 quil
1766 234 40 61 ne
1853 234 206 55 connoir
2117 234 93 43 pas
2279 234 77 49 quy
2404 234 130 45 eroir

1036 301 172 100 Etendu
1254 300 94 86 par
1409 299 101 92 terre
1584 305 165 82 ayant
1802 294 93 72 rec퍊u
1964 298 38 75 un
2055 282 107 91 coup
2225 271 155 78 darme
2434 265 108 80 dans

1031 399 32 78 le
1094 400 101 76 cote패
1248 394 113 90 qu'il
1427 378 241 103 demanda
1728 383 72 87 une
1846 369 287 99 paillasse,
2152 367 38 85 et
2227 355 65 96 luy
2340 346 244 101 deposant

1032 502 25 77 et
1094 480 248 101 quelquau
1379 481 86 90 tres
1509 476 295 89 personnes
1863 456 166 97 mirent
2073 447 139 98 ledit
2285 442 213 81 homme
2543 428 56 87 sur

1024 577 56 75 la
1121 577 108 70 ditte
1271 559 248 89 paillasse
1581 551 261 89 quonsuite
1891 543 82 80 luy
2013 522 268 100 deposant
2324 528 86 76 luy

1049 649 228 84 demanda
1332 651 235 72 comment
1607 632 42 90 ce
1678 644 104 76 coup
1852 629 92 82 luy
1991 609 97 69 etoit
2141 607 166 64 arrive패
2368 591 102 80 quil
2518 585 84 90 luy

1048 734 235 73 repondit
1343 733 83 69 que
1491 715 136 65 cetoit
1684 714 37 65 le
1758 714 121 65 sieur
1925 697 166 70 Tache
2151 689 97 64 quy
2305 677 101 72 etoit
2468 678 1 53 a

1037 807 386 90 Raccomoder
1475 803 42 66 un
1592 793 214 77 pistolet
1869 797 3 58 a
1918 772 103 78 cote패
2068 769 136 77 deluy
2269 749 195 88 lequel

1045 893 211 97 pistolet
1321 886 181 84 ayant
1554 878 175 88 party
1780 867 34 75 le
1854 868 102 80 coup
2044 849 78 87 luy
2175 842 136 80 avait
2370 837 156 82 porte패

1050 990 116 72 dans
1228 972 164 82 lecote패
1455 956 103 87 quil
1614 949 82 89 luy
1744 936 272 85 demanda
2097 929 33 74 si
2180 925 26 78 le
2263 920 110 83 sieur
2418 918 151 79 Tache

1044 1073 191 78 Lavait
1295 1061 107 91 fait
1432 1045 186 96 expre패s
1669 1037 122 96 quil
1863 1041 90 84 luy
1981 1025 74 96 dit
2122 1019 86 94 que
2254 1017 79 63 non
2401 1013 92 78 que

1031 1169 152 65 cetoit
1242 1166 47 68 un
1335 1162 114 72 coup
1533 1127 396 82 malheureux
1992 1106 203 85 duquel
2255 1100 126 87 ledit
2423 1096 151 81 Tache

1056 1247 86 79 soit
1211 1232 301 93 jnnocent.

1192 1311 87 95 Luy
1319 1314 52 83 est
1416 1305 117 91 tout
1586 1310 38 84 ce
1655 1292 108 97 qu'il
1846 1302 3 74 a
1895 1292 59 93 dit
2029 1294 212 86 scavoir
2303 1270 212 94 Lecture
2569 1274 3 65 a

1064 1428 82 65 luy
1209 1404 113 99 faite
1385 1402 36 66 de
1470 1401 43 83 sa
1582 1384 305 101 deposition
1983 1393 3 66 a
2034 1375 50 88 dit
2139 1374 147 85 quelle
2336 1353 238 83 contient

1057 1501 152 84 verite패
1261 1498 115 88 qu'il
1447 1490 5 86 y
1509 1473 221 99 persiste
1788 1470 41 76 et
1875 1477 4 76 a
1936 1465 165 85 signe패
2159 1450 115 68 avec
2339 1440 139 61 nous
2537 1435 41 56 et

1038 1585 25 82 le
1115 1574 209 98 Greffier
1368 1560 228 92 commis
1719 1546 171 103 signe패s
1949 1553 18 65 a
2005 1539 40 82 la
2111 1523 198 84 minute
2357 1511 212 86 Brieau

1027 1666 203 95 Esteve,
1270 1680 33 66 et
1365 1646 48 97 L.
1458 1642 36 92 J.
1524 1640 226 100 Rivery
1797 1621 209 109 Greffier
2061 1597 317 94 commil.

1273 1747 244 78 Nicolas
1561 1738 194 85 Joseph
1820 1721 264 100 Malaret
2156 1739 90 65 age패
2299 1706 252 92 dehrente

1046 1846 129 74 trois
1226 1847 95 76 ans
1383 1828 246 81 resident
1690 1844 49 61 au
1806 1820 280 77 quartier
2142 1807 37 72 de
2217 1801 61 76 la
2334 1792 210 86 grande

1042 1936 252 79 Rivierre
1372 1944 49 73 au
1471 1924 149 91 Casip
1694 1903 163 92 dudit
1907 1894 90 89 lieu
2085 1887 196 97 lequel
2344 1882 167 91 apre패s

1037 2027 230 87 serment
1337 2022 104 76 par
1479 2011 88 82 luy
1623 2001 111 90 fait
1802 1997 40 77 de
1892 1986 95 83 dire
2042 1973 177 92 verite패
2294 1975 134 71 nous
2463 1951 127 72 avoir

1040 2120 195 89 declare패
1295 2107 133 94 netre
1480 2096 228 95 parent
1787 2072 144 92 allie패
1992 2066 278 75 serviteur
2345 2070 117 67 nyn

1046 2205 359 95 domessique
1462 2201 72 84 des
1604 2174 228 100 partiel
1909 2162 126 93 nous
2079 2160 222 91 avoirre
2339 2135 280 105 presente패

1041 2289 254 100 lexploit
1359 2256 393 118 dassignation
1831 2251 5 80 a
1873 2249 82 100 luy
2005 2244 157 77 donne패
2214 2250 39 77 ce
2290 2250 94 73 jour
2444 2233 126 70 pour

1034 2395 242 92 Deposer
1347 2397 3 50 a
1415 2380 56 77 la
1510 2357 217 98 requele
1798 2350 79 77 Du
1922 2347 324 84 procureur
2291 2319 48 76 du
2394 2316 159 80 Roy

1049 2503 99 66 par
1208 2465 320 87 Lalliquet
1601 2436 237 89 huissier
1905 2438 41 76 de
1975 2435 36 72 ce
2058 2421 193 90 siege.

1275 2580 185 79 Depose
1522 2566 102 77 sur
1678 2540 67 97 les
1805 2538 138 103 faits
2047 2528 208 103 Enonce패s
2296 2529 45 85 en
2409 2523 74 84 la

1058 2660 418 89 remontrance
1534 2670 37 62 en
1634 2639 231 85 plaiite
1917 2632 168 83 dudit
2144 2631 313 76 procureur
2504 2616 36 80 du

1035 2756 119 93 Roy
1206 2759 41 86 du
1313 2728 310 110 jourdhier
1690 2721 126 95 dont
1869 2711 204 100 lecture
2141 2717 89 80 luy
2284 2719 2 61 a
2326 2700 75 92 ete패
2448 2686 145 97 faite

1052 2865 108 78 par
1225 2839 26 100 le
1316 2839 212 97 Greffier
1585 2822 233 77 commis
1919 2815 87 87 que
2044 2801 45 99 le
2134 2786 287 106 jourdhier
2494 2782 121 71 vers

1055 2980 39 44 es
1172 2980 118 42 deux
1369 2925 192 79 reures
1643 2916 158 87 apre패s
1873 2906 131 83 midy
2069 2900 174 84 etant
2308 2891 101 59 ches
2474 2882 39 65 le

1057 3030 130 95 sieur
1251 3011 254 115 Raffina
1576 3004 129 75 dans
1795 3002 206 88 larve패
2059 2972 352 115 Espagnolle
2481 2966 46 77 de

1056 3144 99 75 cette
1224 3111 107 93 ville
1401 3125 24 71 jl
1508 3093 280 82 Entendit
1854 3099 49 81 un
1976 3103 130 71 coup
2206 3070 238 87 darme

1057 3235 250 90 quetant
1374 3199 148 101 sorty
1587 3194 101 98 sur
1739 3187 44 110 le
1820 3203 106 79 pas
2001 3178 52 105 de
2097 3182 51 98 la
2192 3171 146 95 porte
2407 3154 34 111 Il
2519 3159 65 92 vit
