3232 3856
941 311 344 113 declaration
1373 295 150 115 ledit
1585 302 123 115 Sieur
1779 295 334 128 Raffina
2237 339 0 63 a
2299 295 220 131 requise

909 449 95 120 acte
1090 460 0 87 a
1133 469 86 102 luy
1288 463 225 108 octroye패
1633 443 388 128 Cejourd'huy
2125 443 215 95 Treize
2487 471 112 94 may

935 601 106 96 mil
1121 589 155 115 sept
1356 584 155 109 cent
1566 586 367 109 soixante
1972 586 155 105 six
2287 611 59 100 et
2408 615 2 92 a
2457 595 148 109 signe패

923 769 0 90 a
985 758 315 103 laminutte
1392 764 100 103 des
1553 758 346 109 pre패sentes,
1945 758 223 95 Reste패e
2298 765 0 76 a
2344 761 231 97 devienne

913 914 365 115 L'unde패noin;
1309 916 32 100 .

1174 1081 155 142 acaz

1883 938 484 142 evienne

928 1630 209 136 Nous
1183 1613 113 148 Jean
1377 1661 269 100 Baptine
1716 1636 152 95 Esteve
1938 1604 216 135 Conseiller
2193 1615 46 95 du
2301 1617 109 101 Roy
2438 1584 183 128 fe패ne패chat

925 1783 106 111 Juge
1114 1786 137 86 Civil
1319 1767 50 107 Et
1405 1755 264 104 Crimnel
1742 1758 54 85 du
1837 1745 124 109 siege
2025 1730 194 107 Royal
2288 1728 42 91 du
2367 1738 127 91 Cap.
2525 1709 32 82 Et

930 1880 321 88 Lieutenant
1325 1866 197 91 Ge패ne패ral
1604 1866 47 76 de
1701 1850 274 92 L'amiraute패
2024 1846 133 83 dud.
2186 1831 223 89 Lieu

934 1960 347 124 Certiffions
1415 1952 47 93 Et
1502 1963 254 82 atessons
1856 1973 20 60 a
1908 1954 99 91 tous
2035 1924 134 121 Ceux
2254 1909 173 111 qu'il

954 2071 414 125 appartiendra
1474 2074 87 104 que
1621 2063 135 87 M^e
1799 2056 174 92 Lacaze
2064 2055 26 85 et
2125 2044 213 86 devienne
2397 2038 118 75 dont

909 2208 124 84 Les
1058 2183 288 108 signatures
1455 2173 106 73 sont
1633 2166 41 103 cy
1723 2162 152 75 dessus
1963 2160 308 96 appose패es,
2313 2136 106 101 sont
2462 2145 114 67 noe

948 2287 55 85 du
1095 2290 134 90 Roy
1283 2278 46 83 de
1399 2268 106 96 no팩tre
1573 2261 273 102 jusisdiction
1959 2271 68 76 que
2075 2254 76 73 ce
2191 2240 97 84 sont
2367 2241 153 67 leurs

928 2389 321 100 Veritables
1345 2373 294 117 signatures
1728 2354 45 96 Et
1827 2365 64 103 que
1946 2345 69 119 soy
2087 2348 11 110 y팯
2145 2336 60 97 Estt
2277 2322 320 105 adjonte패e

1024 2534 67 51 ant
1168 2502 96 98 En
1305 2495 276 103 jugement
1671 2475 314 85 Quehors,
2024 2477 39 72 en
2131 2455 299 97 Temoignage

953 2611 53 99 de
1053 2626 103 87 quoy
1232 2617 103 82 nous
1439 2597 152 87 avons
1674 2583 189 88 delivre패
1924 2591 103 71 ces
2061 2566 274 107 pre패sentes
2410 2558 46 88 Et
2496 2565 17 82 a

938 2729 38 92 Ic
1022 2745 107 74 elles
1208 2717 94 100 fait
1417 2715 245 92 appozer
1748 2695 53 83 le
1845 2688 211 85 sceaude
2125 2673 105 86 no팩tre
2325 2667 279 95 jurisdiction

961 2842 257 99 Donne패
1305 2855 59 70 au
1418 2832 159 97 Cap
1646 2799 289 126 francais
2119 2798 37 89 en
2210 2812 109 75 no팩tre
2413 2771 149 88 ho팩tel

927 2951 74 125 Le
1131 2952 75 109 dix
1256 2958 279 111 septieme
1630 2921 287 139 septembre
1995 2945 56 101 mil
2083 2914 119 130 sept
2269 2917 173 97 cent

1696 3133 3 126 e

951 3080 289 97 soixante
1339 3063 69 93 six
1535 3055 5 95 .

405 831 0 66 R
535 799 151 147 Trois
726 827 160 108 livres
