3136 4048
890 412 23 84 à
960 395 86 113 l'un
1107 395 32 105 de
1184 395 63 109 ses
1308 395 186 97 Etocs,
1525 429 39 68 un
1634 415 100 93 outil
1788 408 86 100 dont
1920 399 24 108 il
1990 415 108 91 avoit
2143 398 150 109 besoin
2367 398 228 110 l'Exposant

881 512 34 89 le
955 512 61 86 lui
1070 535 175 67 permit
1292 527 34 80 et
1387 525 81 81 avec
1515 510 195 91 plaisir.
1750 505 88 94 Tan
1946 507 196 91 s'occupa
2209 525 14 75 à
2263 504 74 96 son
2384 501 156 98 objet;
2587 516 0 64 –

873 613 35 68 et
970 600 292 100 l'Exposant
1339 606 42 88 se
1422 618 167 82 disposa
1666 631 21 72 à
1735 600 91 101 faire
1895 615 35 78 au
1979 600 181 99 Pistolet
2215 602 35 93 du
2299 601 118 91 sieur

873 697 290 102 Vrigneau,
1191 697 36 100 la
1290 703 269 99 réparation
1616 713 282 76 convenue.
1948 697 71 100 Ce
2075 697 184 103 Pistolet
2323 699 106 89 étoit

870 800 214 99 chargé;
1120 797 258 99 l'Exposant
1421 793 286 100 l'ignoroit;
1743 794 15 86 le
1793 793 50 94 S^r
1879 791 215 104 Vrigneau
2158 814 109 61 avoit
2322 798 117 79 en–

873 881 351 101 l'imprudence
1310 882 28 95 de
1395 910 36 75 ne
1495 899 79 83 pas
1660 883 79 91 l'en
1824 881 215 79 avertir.
2103 881 279 100 L'Exposant
2424 895 144 64 ayant

879 991 128 78 voulu
1061 987 202 95 assujettir
1323 994 88 60 cette
1458 991 155 77 arme
1701 986 107 73 dans
1896 1005 34 60 un
1984 982 141 97 Etoe,
2159 1003 20 75 le
2219 980 47 98 feu
2307 987 161 89 prit,
2495 996 34 76 on

868 1099 34 63 ne
950 1083 89 93 sait
1087 1090 225 84 comment
1394 1084 20 85 à
1469 1083 273 87 l'amorce;
1769 1083 21 93 le
1837 1083 110 102 Coup
2022 1088 191 93 partit
2273 1089 36 82 et
2375 1088 139 82 porta

878 1178 448 87 malheureusement
1419 1180 69 68 sur
1550 1181 18 67 le
1637 1189 180 75 nommé
1861 1180 74 89 Tan
2028 1203 50 62 qui
2128 1203 31 59 en
2234 1202 87 56 reçut
2401 1187 81 79 une

859 1261 183 95 blessure
1126 1264 195 78 mortelle

1031 1375 322 97 L'Exposant
1412 1374 21 83 à
1472 1371 28 87 la
1572 1388 61 72 vue
1692 1369 35 92 de
1773 1396 20 66 ce
1853 1366 214 98 Malheur
2134 1387 127 74 courut
2327 1362 74 96 tout
2447 1367 168 87 accablé

862 1459 104 75 dans
1031 1465 39 69 la
1134 1480 117 73 rue;
1290 1462 26 88 Il
1374 1466 188 91 appella
1620 1469 39 72 du
1710 1467 175 89 Secour:
1930 1495 20 63 on
2027 1486 246 76 accourut;
2311 1488 67 76 une
2414 1470 92 86 soule

856 1564 37 102 de
981 1569 249 94 personnes
1318 1573 37 66 se
1421 1558 198 90 réunirent
1685 1562 22 67 à
1751 1556 294 105 l'Exposant
2103 1562 30 79 et
2177 1553 374 106 s'empresserent

854 1655 42 78 de
951 1650 213 98 soulager
1218 1651 29 75 le
1301 1647 249 92 Malade.
1598 1651 41 86 On
1687 1651 289 94 sappercut
2038 1642 172 98 bientôt
2272 1668 90 68 avec
2402 1647 180 84 douteur,

867 1757 66 87 que
1005 1756 46 62 ces
1110 1747 131 76 soins
1319 1745 171 89 alloient
1535 1745 33 80 de
1601 1754 111 68 venir
1765 1743 229 92 inutiles,
2020 1763 26 72 et
2099 1763 65 72 que
2223 1738 92 81 Tan

862 1841 125 69 alloit
1061 1847 187 59 mourir.

1070 1931 79 84 On
1196 1938 132 81 voulut
1394 1931 284 94 cependant
1751 1934 159 89 savoir
1983 1940 46 83 si
2075 1942 27 81 le
2174 1943 119 89 Coup
2353 1936 93 90 étoit

848 2029 275 78 innocent.
1168 2029 54 66 On
1275 2024 122 107 enfit
1474 2028 229 92 plusieurs
1764 2023 91 111 fois
1939 2032 38 104 la
2061 2032 206 104 question
2328 2045 31 70 au
2389 2030 229 107 Blessé.

854 2120 202 104 chaque
1099 2120 72 104 fois
1251 2144 36 48 en
1352 2120 259 88 l'entendit
1684 2122 245 104 répondre
2037 2134 115 90 qu'on
2217 2122 296 88 n'avoit–

855 2228 128 75 aucun
1058 2221 243 108 réproche
1390 2230 16 61 à
1481 2239 30 95 en
1578 2224 114 104 faire
1775 2253 15 50 à
1850 2226 370 112 l'Exposant;
2273 2251 75 77 que
2423 2233 31 81 ce

849 2325 157 96 n'étoit
1085 2326 105 92 qu'un
1262 2325 203 87 accident
1524 2325 413 85 involontaire;
1989 2346 59 71 que
2120 2322 92 87 l'oin
2265 2326 196 88 d'avoir
2533 2319 20 80 à

867 2415 44 106 se
962 2415 258 97 plaindre
1293 2442 37 72 en
1389 2430 169 95 aucune
1609 2419 147 106 façon
1808 2419 37 90 de
1889 2424 390 98 l'Exposant,
2308 2432 29 83 il
2411 2428 88 84 n'en

845 2526 122 111 avoit
1024 2532 196 88 jamais
1309 2536 82 101 reçu
1472 2540 57 94 que
1627 2523 65 85 des
1749 2516 375 119 Bienfaits:
2165 2516 220 119 qu'enfin
2442 2516 114 96 il–

839 2628 89 90 n'y
979 2637 133 68 avoit
1182 2639 178 69 aucune
1455 2626 146 87 faute
1690 2640 19 64 à
1767 2622 76 81 lui
1894 2628 266 86 imputer,

1044 2718 115 108 Tels
1224 2716 156 118 furent
1446 2717 58 103 les
1586 2714 403 112 Témoignages
2085 2707 307 108 d'innocence
2497 2728 75 79 que

834 2815 36 79 la
950 2815 160 95 Vérité
1183 2815 210 94 arracha
1481 2844 36 69 au
1590 2829 218 87 Moribon
1851 2813 102 100 d'en
1997 2813 153 98 faveur
2213 2817 32 86 de
2285 2813 272 100 l'Exposant

828 2914 117 90 Tous
1022 2946 93 81 ceux
1193 2946 54 81 qui
1309 2946 0 81 y
1355 2914 171 101 étoient
1596 2938 217 77 accourus
1913 2916 70 105 les
2099 2916 434 97 entendirent.

819 3014 48 83 Et
934 3031 164 69 comme
1166 3040 55 61 ces
1316 3035 130 81 mêmes
1528 3018 232 101 Personnes
1876 3058 150 59 auront
2087 3022 124 93 sans
2272 3025 116 88 doute

822 3127 75 97 été
962 3128 284 101 appellées
1319 3140 38 87 en
1407 3130 262 106 déposition
1779 3142 89 87 elles
1956 3157 68 68 ont
2067 3132 75 106 dû
2208 3134 201 106 déposer

825 3250 50 63 ces
992 3227 126 119 faits
1174 3227 377 117 justificatifs,
1584 3256 25 68 et
1684 3247 100 85 n'ont
1833 3260 69 80 rien
1966 3227 68 110 pu
2083 3227 84 98 dire
2258 3249 68 97 qui
2375 3227 68 85 ait

837 3353 59 69 pu
969 3332 31 90 le
1087 3355 132 62 moins
1278 3328 53 97 du
1374 3330 177 95 Monde
1661 3344 221 96 charger
1918 3337 391 106 l'Exposant.

954 3440 253 114 D'après
1270 3443 156 109 cela,
1481 3467 99 83 par
1644 3452 89 101 quel
1798 3468 121 77 exces
1984 3452 41 82 de
2064 3443 155 116 zéle,
2268 3467 113 92 par
