2464 3608
598 420 225 98 Insern

1734 188 17 62 ne
1789 166 25 81 le
1852 174 39 88 12
1935 164 80 96 fev.
2035 159 134 96 1765.

1135 252 401 120 Colonies
1637 248 237 116 MTaffart
1914 253 167 104 (Jean)

1051 475 111 104 R.
1214 475 213 124 Taffart
1487 498 128 91 ancien
1666 477 163 121 officier
1888 521 77 75 avec
2008 501 77 102 rang
2153 484 26 87 de

843 573 250 96 Lieutenant
1150 577 166 94 Colonel
1386 581 166 102 rappelle
1601 583 22 86 la
1679 590 186 98 promesse
1936 608 58 83 que
2066 597 101 82 M.

834 685 32 77 de
918 677 178 96 Sartine
1149 679 47 94 lui
1233 679 93 110 avoit
1371 683 78 98 faite
1516 700 32 95 de
1586 683 131 103 placer
1770 692 92 85 dans
1901 698 24 81 la
1962 687 230 107 Compagne

829 787 58 76 des
922 779 136 106 Cadets
1094 781 158 104 Gentils
1287 783 157 91 hommes
1487 813 43 62 un
1580 799 29 76 de
1652 799 50 92 ses
1745 787 72 95 fils
1859 797 71 89 age
1966 805 36 71 de
2031 817 21 62 16
2102 815 57 58 ans

829 885 30 99 Il
893 885 131 107 espete
1081 900 59 90 que
1212 889 317 90 Monseigneur
1580 898 79 80 aura
1716 908 102 82 egard
1868 913 0 59 a
1912 906 72 96 cette
2019 912 160 85 promesse

844 986 22 66 et
912 992 72 94 aux
1052 990 140 102 services
1238 1003 99 84 qu'il
1377 1008 2 59 a
1426 998 126 98 rendus
1592 998 29 100 en
1661 1008 113 83 partie
1827 1005 71 67 sous
1938 1007 43 64 ses
2022 1007 153 77 ordres.

1099 1158 56 65 Le
1202 1170 63 57 S^t
1312 1140 188 101 Caffart
1561 1170 110 64 neveu
1720 1160 34 75 de
1782 1142 283 98 l'Intendant
2113 1164 28 68 de

1078 1252 61 62 S^t
1194 1240 291 83 Domingue,
1516 1264 48 58 n'a
1601 1263 61 64 pas
1704 1258 49 66 ete
1795 1263 140 69 compris
1977 1244 85 84 dans
2099 1244 24 81 la

1088 1342 162 69 premiere
1306 1346 242 72 nomination
1598 1346 51 67 des
1688 1341 123 77 Cadets
1862 1344 123 81 gentils
2013 1344 152 79 hommes

1083 1434 117 91 parce
1231 1433 99 86 qu'il
1379 1440 138 88 n'avoit
1561 1445 65 70 pas
1678 1439 103 86 l'age
1827 1445 239 74 necessaire,
2105 1451 71 58 mais

1081 1546 19 54 il
1137 1545 0 56 a
1187 1543 50 62 ete
1280 1521 118 81 donne
1442 1542 12 68 a
1491 1534 50 79 ses
1578 1525 151 86 famille
1802 1533 44 79 des
1889 1543 224 73 assurances

1070 1627 184 83 poditives
1307 1627 78 74 pour
1432 1632 18 72 la
1498 1630 196 87 prochaine
1747 1633 256 84 promotion,
2062 1633 42 58 Ce

1067 1724 108 98 jeune
1228 1717 130 111 homme
1410 1733 1 95 a
1464 1717 284 111 presentement
1800 1721 47 99 15.
1868 1729 62 85 ans
1976 1725 200 90 revolus.
