2816 4160
73 1023 148 203 reud;

76 1237 141 90 eurant

82 1345 197 101 spoint

81 1472 70 60 que

127 1558 44 66 au

99 1664 25 73 es

81 1960 84 129 aux

106 2087 97 84 sof

113 2270 57 95 du

95 2507 140 87 portes

132 2613 93 83 nuits

76 2699 39 127 de
168 2686 80 116 ded

100 2804 131 97 j'étoit

94 2938 126 81 emant

78 3105 55 122 der
174 3115 67 105 des

117 3221 70 109 été

84 3342 148 89 ela.

78 3452 105 146 ieres

828 540 188 81 Services
1083 533 53 95 que
1168 542 26 77 je
1219 536 94 74 crois
1355 508 94 113 bons
1516 531 27 85 et
1593 527 213 99 aportillés
1883 534 229 87 pouvoient
2163 545 26 74 et
2231 545 26 67 je
2291 506 34 113 le
2367 503 212 115 pensois,

860 617 179 107 m'obtenir
1085 644 70 78 par
1201 629 93 75 votre
1333 619 163 113 canal,
1527 619 23 109 le
1597 620 116 98 brévet
1767 621 31 111 de
1837 622 155 112 Colonel
2030 627 62 107 que
2139 649 139 81 j'avois
2325 623 201 110 sollicité,
2557 637 62 97 que

833 725 66 102 M.
928 725 36 88 de
993 725 22 88 la
1066 725 160 103 Roque
1277 751 87 78 peut
1400 743 80 76 vous
1531 728 66 99 dire
1633 753 102 74 avoir
1764 734 58 93 été
1851 732 87 96 dans
1982 732 22 104 le
2040 743 109 93 porte
2186 732 138 96 feuille
2360 742 36 78 de
2440 734 58 89 M.
2520 734 145 107 Dubeuy

841 854 24 80 et
927 860 63 75 qui
1021 858 15 64 à
1075 834 156 111 disparu
1286 836 101 113 Cette
1434 864 102 84 grace
1590 852 180 102 m'auroit
1801 841 141 115 flaisé,
1965 850 23 106 et
2027 866 24 83 je
2090 843 54 95 l'ai
2199 861 39 83 vû
2269 846 164 101 accorder
2480 880 15 61 à
2558 860 109 89 M^rs

834 941 30 99 de
892 940 30 94 la
987 942 94 98 vitte
1118 953 29 85 et
1198 944 30 89 de
1278 952 277 94 Maupoint.

972 1047 50 107 Je
1086 1068 66 76 n'en
1200 1067 83 89 suis
1330 1086 74 83 pas
1444 1053 132 118 Jaloux
1624 1056 344 113 Monseigneur,
2017 1093 82 59 mais
2140 1060 25 95 le
2213 1061 99 119 Roy
2368 1100 33 55 na
2482 1089 26 90 il
2547 1067 59 115 que
2638 1069 50 107 des

837 1175 126 88 graces
996 1173 36 100 de
1065 1187 21 86 ce
1113 1194 126 79 genre,
1260 1181 22 81 et
1336 1178 215 95 mafamille
1593 1188 83 90 ainsi
1710 1190 49 81 que
1801 1192 62 88 moi
1912 1198 34 61 ne
1995 1185 166 88 méritons
2230 1200 91 84 nous
2369 1203 70 64 pas
2487 1201 90 86 assez
2612 1199 69 79 par

838 1277 58 93 nos
932 1266 151 102 services
1127 1270 129 102 suivis,
1285 1274 79 89 pour
1393 1276 173 99 emporter
1602 1282 44 76 un
1674 1274 80 80 titre
1797 1279 72 97 utile
1912 1280 87 92 pour
2020 1278 180 101 l'avenir,
2222 1293 22 77 et
2287 1281 202 103 honorable
2539 1290 94 90 pour
2655 1287 21 86 le

833 1366 187 92 présent?
1061 1367 63 85 s'il
1150 1375 84 86 étoit
1288 1386 83 81 ainsi
1426 1377 125 85 motivé
1577 1380 145 95 comme
1757 1400 20 67 je
1805 1384 28 71 le
1867 1379 89 76 crois
2005 1384 97 79 avoir
2149 1382 118 99 mérité
2300 1391 83 91 pour
2431 1384 152 91 services

840 1475 128 96 rendus
1018 1494 29 68 en
1097 1488 42 80 ces
1168 1477 79 98 tems
1297 1483 192 96 épineux,
1525 1502 93 72 qu'il
1668 1494 28 90 me
1732 1481 229 105 flatteroit,
1982 1502 29 76 et
2039 1496 114 77 seroit
2211 1486 93 93 utilé
2332 1486 14 94 à
2382 1500 57 83 mes
2489 1488 193 103 enfant,

832 1596 97 79 pour
966 1587 73 87 leur
1069 1587 140 87 donner
1246 1587 55 86 les
1361 1590 122 83 mêmes
1532 1593 122 79 traces
1709 1608 12 63 à
1763 1590 165 81 suivre.

941 1689 112 99 S'il
1085 1689 40 101 est
1189 1726 225 81 nécessaire,
1438 1691 368 114 Monseigneur,
1831 1704 24 101 je
1895 1728 80 74 vous
2023 1694 224 112 produirai
2279 1698 48 101 les
2375 1697 129 112 lettres
2592 1733 48 63 du

818 1806 140 92 Prince
992 1802 29 99 de
1047 1802 188 104 Rohean,
1256 1823 22 74 et
1312 1808 42 94 les
1409 1823 160 82 preuves
1618 1812 49 93 des
1715 1818 133 92 risques
1896 1839 49 61 vu
1993 1839 42 71 ma
2091 1826 188 86 personne
2313 1833 28 82 et
2397 1831 56 79 mes
2487 1821 139 99 biens,
2647 1841 21 74 et

850 1930 49 75 mes
948 1931 159 78 papiers
1156 1922 55 72 ont
1239 1911 56 100 été
1322 1912 167 93 pendant
1537 1915 167 97 quelques
1739 1922 111 88 jours
1905 1921 70 93 par
2016 1915 49 94 des
2141 1915 250 102 malheureux
2439 1918 250 99 fautiques

824 2022 39 76 au
918 2010 94 86 selon
1059 2016 54 78 eux
1152 2006 149 98 redutta
1347 2025 32 84 au
1426 2009 179 110 désespoir
1644 2038 24 58 et
1714 2020 79 103 dont
1839 2010 118 113 j'avois
2003 2012 125 109 pitié;
2167 2026 94 91 pour
2300 2041 94 81 vous
2441 2012 187 106 fouver

841 2147 63 79 que
946 2147 28 57 ce
1017 2126 91 95 n'est
1150 2126 70 94 pas
1269 2126 274 99 importunité
1578 2128 28 81 de
1648 2139 35 91 ma
1739 2128 134 97 part,
1894 2138 28 83 et
1971 2151 63 77 que
2055 2130 70 94 j'ai
2161 2139 49 78 eû
2245 2132 77 100 titre
2364 2132 91 92 pour
2490 2144 155 87 espérer

829 2241 81 83 cette
964 2227 162 94 marque
1167 2227 243 90 d'honneur
1437 2228 27 90 et
1504 2229 34 94 de
1572 2249 270 79 récompense.
1869 2232 223 102 Peut-être
2139 2264 27 66 ne
2207 2243 116 84 seroit
2376 2249 48 87 elle
2470 2259 68 70 pas
2578 2253 89 79 tout

820 2350 23 88 à
864 2334 77 97 fait
985 2336 159 96 inatite,
1166 2336 24 95 et
1235 2336 90 94 qu'il
1377 2338 31 77 me
1446 2336 181 82 reviendra
1680 2361 38 75 un
1755 2361 91 81 jour,
1876 2358 83 81 assez
1997 2338 30 97 de
2057 2341 128 106 santé
2215 2364 91 81 pour
2336 2343 98 99 faire
2479 2345 144 92 revivre

816 2428 132 84 cetitre
1005 2434 28 78 si
1061 2434 85 92 vous
1193 2448 94 86 vous
1334 2440 124 118 portez
1484 2461 21 79 à
1550 2461 40 65 me
1625 2444 182 82 l'obtenir
1832 2443 49 111 du
1944 2435 162 132 Rep,
2134 2437 67 130 ttt
2247 2463 20 81 à
2284 2438 49 99 S^t
2369 2439 284 128 Domingue

820 2556 40 57 ou
900 2514 214 97 ailleurs.

2193 2543 1 66 X

980 2647 120 70 sur
1155 2641 95 92 tant
1305 2653 86 110 quoi
1447 2648 253 118 J'invoque
1757 2666 77 85 mon
1891 2657 85 118 zèle
2042 2673 76 85 pres
2159 2667 151 94 foibles
2351 2671 243 118 services,
2627 2692 24 97 es

822 2752 106 93 plus
971 2771 120 78 encore
1134 2757 247 104 vosbontés,
1401 2763 91 105 dont
1527 2770 24 99 je
1579 2764 91 106 suis
1698 2764 180 103 jaloux,
1898 2776 32 86 et
1972 2776 299 92 reconnoissant

1010 2867 41 116 Je
1100 2865 98 81 suis
1256 2877 90 81 avec
1395 2877 156 111 respect

1069 3205 406 120 Monseigneur

1759 3356 96 101 Votre
1898 3360 75 92 très
2030 3353 162 106 humble
2235 3374 31 79 et
2301 3364 74 94 très
2440 3361 133 103 obeisn

1738 3455 228 153 Seriteur
1998 3468 418 210 Perrigny

766 3647 3 106 A
979 3566 217 194 Vendoie
1242 3569 52 182 le
1356 3590 54 215 26
1490 3612 183 194 Janvier
1703 3649 134 157 1773

2428 3559 0 130 2
