2528 3680
724 266 244 117 Sdorte
1386 331 60 32 our
1479 331 70 63 les
1613 331 270 94 Regeseres
1930 331 56 73 du
2016 331 150 92 Glesse
2230 343 55 73 du

1189 383 162 101 Siège
1418 391 148 95 Royal
1618 398 39 103 de
1681 408 197 96 Cayenne
1931 436 37 60 et
2028 416 66 80 des
2153 449 190 71 minuttes

1247 504 36 77 de
1322 498 87 90 M^e
1475 502 267 102 Constant
1824 538 231 73 Bataire
2122 523 190 95 Royal

1449 659 18 55 à
1542 625 355 112 Cayenne.

2165 684 42 55 ETERO

944 697 254 135 Duplie
1284 704 482 142 Humblement
1843 732 302 135 Sebrstien
2202 747 199 128 Gourgue

930 823 297 127 Habitant
1283 846 45 104 de
1409 857 130 100 Cette
1612 856 214 117 Colonie
1948 898 3 77 .

1133 949 247 142 Desant
1459 960 74 147 que
1570 962 197 145 depuis
1837 977 145 126 qu'il
2041 1026 2 59 a
2102 1017 43 77 eu
2204 1004 84 104 les

910 1101 212 105 malheur
1199 1094 230 130 deperdre
1522 1144 46 87 sa
1636 1114 343 114 femme.L

917 1202 138 112 Il
1097 1207 3 106 a
1169 1212 184 113 éssugé
1404 1229 83 91 des
1558 1242 218 99 maladies
1829 1228 75 131 les
1955 1232 130 128 plus
2126 1244 269 121 dangereuses

873 1369 31 53 et
961 1368 55 69 n'a
1072 1382 38 62 eu
1166 1372 173 74 d'autre
1396 1367 225 98 secours
1678 1383 231 82 pendant
1972 1397 43 69 ce
2059 1394 221 98 tempol

880 1442 95 124 Que
1021 1447 37 120 de
1087 1449 37 113 la
1178 1450 209 128 nommée
1468 1468 252 118 Julienne
1791 1490 43 93 sa
1890 1533 250 67 négrésse
2188 1507 175 92 esclare

848 1579 180 119 Creole
1078 1587 57 122 de
1185 1590 118 120 cette
1354 1594 197 137 Colonie
1619 1651 101 82 agée
1780 1649 268 95 d'environ
2117 1658 242 79 quarante

859 1763 149 73 ans,
1047 1767 131 71 qu'il
1229 1761 61 78 n'a
1341 1785 154 63 encore
1587 1778 349 84 maintenant
2016 1782 207 79 d'autres

863 1855 205 105 secours
1165 1866 252 110 prendant
1482 1870 48 106 ce
1581 1908 146 76 terres
1808 1879 411 119 l'acablement

877 1983 38 99 de
974 2002 252 95 vieillesse
1268 1999 38 96 ou
1347 1995 39 122 il
1472 2013 48 116 se
1587 2008 198 130 trouve,
1846 2035 72 83 que
1961 2011 37 104 de
2059 2015 161 108 ladite

876 2150 272 88 négresse,
1191 2178 65 63 que
1289 2173 105 69 par
1468 2167 122 82 réle,
1628 2179 30 57 et
1709 2180 167 67 comme
1932 2181 248 81 Conduitte
2253 2191 122 80 veillé

859 2295 66 62 aux
982 2283 164 84 intérêts
1235 2304 28 60 et
1313 2300 209 75 conserve
1559 2315 87 70 avec
1683 2302 28 87 le
1741 2298 125 94 plus
1929 2300 261 102 d'économie
2247 2326 86 74 que

775 2368 245 138 possible
1090 2377 98 125 suit
1258 2373 28 140 le
1343 2375 164 152 menage
1542 2396 48 130 du
1637 2400 297 139 Supliant,
1985 2455 170 94 comme
2206 2460 22 77 je

846 2566 217 78 voudrais
1141 2570 279 86 reconnaitre
1479 2591 70 71 les
1601 2584 90 84 bons
1768 2589 236 91 Services
2081 2603 41 75 et
2179 2606 132 91 sors

825 2669 57 81 de
954 2675 115 93 cette
1123 2700 244 82 négresse
1431 2723 28 55 il
1505 2721 3 60 a
1554 2722 187 71 recours
1799 2738 15 61 à
1860 2723 133 83 votre
2045 2745 278 79 Autorité

790 2795 128 111 pour
981 2819 157 86 gue.※

1049 2908 5 111 e
1124 2911 270 133 Consideré
1433 2939 311 122 Méssieurs
1866 2982 29 84 il
1949 2964 120 109 vous
2100 2980 194 108 plaise

523 290 186 161 Liberté

807 3084 236 81 accorder
1114 3074 45 94 la
1227 3076 198 99 liberté
1448 3118 42 59 au
1529 3118 194 66 nommé
1776 3115 328 79 Augustin
2182 3109 163 92 mulatre

826 3198 124 131 agé
993 3218 250 102 denoiron
1323 3247 57 71 du
1443 3243 194 108 ans,
1680 3250 103 99 fils
1827 3268 48 64 de
1902 3236 39 91 la
1984 3232 94 133 ditte
2158 3238 195 124 Julienne
