3872 3040
711 308 81 95 juge
852 307 150 94 Royal
1082 313 35 68 du
1150 312 129 91 petit
1339 308 138 85 Gouve
1549 321 2 74 a
1618 309 238 86 l'Encontre패
1902 324 35 68 du

706 402 41 77 dit
793 398 221 77 janson,
1049 399 163 74 Endatte
1282 406 29 66 du
1357 397 105 84 vingt
1514 398 87 83 sept
1648 404 75 58 juin
1816 405 82 62 due

686 479 75 83 sept
791 476 63 75 cent
901 485 104 69 treize
1087 476 81 86 soit
1208 479 111 81 jaiite
1394 489 35 70 au
1475 478 134 79 proce패s
1650 476 110 84 dudit
1800 479 175 68 janson.

700 559 100 91 fait
857 559 0 87 a
913 559 107 77 aquin
1102 555 25 68 le
1164 560 247 81 deuxieure
1471 549 240 91 septembre
1792 566 95 41 mie

716 635 85 84 sept
838 633 73 74 cent
960 633 48 83 dix
1075 635 153 69 neuf.
1263 628 129 71 signe패
1451 626 222 84 Dupinx.

1389 717 20 46 de
1437 720 59 43 are
1525 724 28 39 au

928 789 1 67 A
1095 783 33 71 La
1172 776 187 79 pre패sente
1436 786 173 77 addition
1679 771 283 92 d'information

697 857 304 85 l'ordonnance
1071 857 221 81 portant
1345 856 429 83 communuation
1905 860 41 58 au

723 961 218 62 procureur
1016 949 219 76 fiscal.
1265 945 260 68 conclusions
1549 942 47 71 du
1645 938 250 75 procureur

694 1028 197 83 fiscal.
924 1025 102 78 nous
1071 1028 213 72 ordonnons
1318 1025 67 74 que
1485 1023 29 60 la
1586 1009 163 77 sentence
1844 1020 34 48 de

714 1106 120 74 acort^
896 1101 189 76 Rendue
1159 1116 96 70 par
1323 1104 278 79 contnmace
1674 1095 76 83 par
1799 1094 21 85 le
1862 1087 76 91 juge

706 1185 130 89 Royal
896 1186 35 57 du
991 1183 112 83 petit
1163 1187 142 69 Goave
1400 1173 30 80 En
1476 1184 108 74 datte
1637 1187 30 45 du
1708 1175 121 81 vingt
1868 1166 84 88 sept

689 1282 68 60 juin
832 1281 69 71 mil
944 1262 87 89 sept
1067 1259 82 66 cent
1212 1264 181 83 treize,
1423 1254 82 90 sera
1573 1257 124 76 jointe
1759 1268 31 66 au
1828 1266 124 73 proce패s

702 1344 114 71 dudit
868 1339 161 72 janson
1131 1339 108 65 pour
1301 1345 1 62 y
1369 1339 64 65 Etre
1501 1335 88 70 fait
1647 1331 108 67 droct
1817 1335 45 60 En

661 1467 4 65 1

733 1422 214 82 ugeant.
995 1422 107 71 fait
1173 1424 0 65 a
1232 1421 137 73 aquin
1428 1418 42 65 (ce
1511 1416 252 80 quatrieme
1809 1414 167 80 septembre

714 1507 65 85 mil
828 1500 77 92 sept
953 1501 83 67 cent
1086 1507 76 52 dix
1218 1498 138 79 neuf.
1413 1494 138 91 signe패
1614 1491 295 94 DEcopis.

875 1641 102 86 R.
1045 1655 20 86 Ce
1093 1671 54 68 qui
1208 1669 48 66 Est
1304 1645 238 94 Battonne패
1603 1668 21 68 ci
1658 1663 122 73 desuis
1842 1665 47 63 Est

686 1752 245 81 Egalement
1014 1745 232 89 Battonne패
1301 1746 54 86 sur
1392 1744 24 64 la
1477 1751 200 66 minnutte
1750 1747 18 64 Et
1787 1745 176 79 Conforme

705 1843 2 65 a
779 1831 156 71 jcelle.

1296 1898 462 102 Collationne패

1355 2009 269 210 Reguiere

1565 2177 70 62 OO.

1031 2642 0 78 1
