4008 3168
1081 287 193 72 declares
1317 283 34 76 de
1383 283 39 76 l'a
1466 295 77 64 neu
1598 293 38 66 de
1679 282 122 77 ladt

1079 389 174 83 femme
1293 384 50 68 du
1377 386 1 80 R
1439 381 348 103 despousses

1091 493 252 65 mulatres
1372 490 253 65 batures,
1654 480 116 71 Cette

1073 594 283 74 semtentence
1407 602 1 56 a
1447 593 82 62 este패
1575 589 265 86 conferme패e

1071 702 90 70 par
1204 696 130 71 arrst
1382 699 46 66 du
1462 700 104 58 con.
1615 692 238 66 supureur

1088 816 38 63 de
1149 794 250 92 feoganne
1434 794 50 67 du
1519 803 31 52 16
1604 798 134 56 avril
1780 798 104 66 1708

1080 916 0 57 a
1120 914 259 83 lexseption
1430 918 41 66 du
1505 911 138 82 negre
1695 909 178 79 Janot

1081 1026 108 65 dont
1220 1021 45 77 la
1306 1023 124 71 peine
1493 1028 1 56 a
1531 1020 76 63 estr
1654 1011 247 70 commue패e

1084 1122 39 60 en
1161 1122 95 60 celle
1297 1117 163 65 d'avoir
1511 1115 58 67 les
1606 1112 219 70 oreilles

1086 1224 224 91 coupe패es,
1336 1218 28 93 le
1408 1216 126 93 fou팯et
1579 1221 27 66 et
1644 1224 42 70 la
1743 1209 132 95 fleir

1086 1342 39 85 de
1160 1339 150 88 lys.

1089 1430 106 79 cette
1229 1430 169 81 femme
1443 1438 151 73 ayant
1634 1431 135 70 passe
1808 1448 34 55 en

1082 1525 229 88 fance,
1348 1525 72 88 feu
1474 1531 79 64 M^r
1577 1525 187 88 Begon

1089 1626 245 67 jntendant
1371 1629 42 62 de
1445 1627 32 62 la
1533 1630 175 58 marine
1768 1642 0 42 a

1077 1717 145 97 Roche
1249 1717 79 93 fost
1368 1727 39 87 la
1454 1722 158 89 placa
1672 1719 112 75 dans
1844 1725 72 73 une

1094 1837 185 69 maison
1321 1840 322 66 particuliere
1700 1841 24 52 et
1757 1837 43 58 on

1104 1932 238 72 demande
1401 1935 87 62 aud
1542 1938 32 57 s^r
1639 1929 297 77 despousses

1099 2040 132 68 400^lt
1258 2041 274 79 depnision
1593 2041 87 61 par
1746 2044 99 61 an.

1084 2127 243 81 Comme
1388 2133 41 71 Il
1476 2147 34 77 n'a
1557 2152 116 72 pour
1713 2144 95 71 tout
1849 2142 81 71 bien

1117 2254 83 73 que
1233 2249 56 79 les
1328 2252 388 78 appoinsement
1760 2254 56 65 de

1097 2347 264 78 Capitame
1417 2365 17 63 ct
1473 2365 96 62 qu'il
1619 2365 0 49 a
1675 2347 236 83 beaucoup

1113 2449 203 74 depene
1363 2469 0 50 a
1404 2449 193 76 vieive,
1649 2448 37 75 Il
1748 2449 0 68 e
1808 2448 117 72 hors

1113 2553 162 75 d'Estat
1318 2560 50 60 de
1399 2555 137 84 payer
1580 2574 93 71 une
1711 2560 193 83 pension

1121 2657 133 89 aussy
1291 2658 283 89 forte.

2786 295 116 132 Il
2973 292 173 129 suplie
3191 327 40 91 de
3267 304 123 103 faire
3445 300 236 112 enforner

2848 450 60 76 sa
2952 445 176 78 femme
3184 451 76 58 aux
3312 433 254 74 repenties

2869 569 50 60 ou
2977 570 3 59 a
3019 561 44 65 la
3127 540 373 83 manufachure
3535 536 37 75 de
3612 538 79 66 Br

2606 716 0 0 N
2877 661 52 83 au
2970 650 109 87 desir
3128 663 45 71 de
3207 654 166 77 larrs
3436 657 52 78 du
3529 631 94 103 Con

2866 779 245 99 supe패rieur
3164 772 36 86 de
3232 769 225 100 Ceogane
3522 763 91 72 aux

2880 882 144 116 offres
3057 891 94 101 qu'il
3194 876 94 89 fait
3332 889 48 94 de
3408 869 177 105 payer

2882 1007 95 88 par
3036 1009 42 65 an
3137 1001 128 84 150^
3318 1001 56 91 de
3405 989 284 96 pension.
