2048 2784
484 440 32 76 Le
554 437 32 79 S.
649 443 172 84 Tailleris
884 463 23 54 de
946 433 149 114 Perigny
1150 469 71 65 étoir
1283 468 94 77 major
1440 468 0 46 a
1518 427 157 115 Léogane
1737 426 157 115 Lorsquen

489 556 110 84 1753.
644 557 58 60 Les
747 555 87 68 états
896 564 110 67 majors
1074 558 59 57 ont
1183 556 53 53 été
1298 546 202 77 suprimes
1550 556 1 45 a
1591 533 52 60 S^t
1665 530 248 80 Bomingue.

486 647 50 73 Il
592 652 2 64 a
635 670 48 49 été
740 655 144 60 nommé
950 634 208 75 Lieutenant
1209 629 33 71 de
1283 634 75 62 Roi
1425 624 28 75 de
1488 623 28 72 la
1584 642 96 46 même
1732 629 117 59 place

513 753 174 85 Lorsquen
747 748 85 84 1769
902 761 43 62 ces
998 756 86 70 états
1166 752 122 73 majors
1353 755 55 43 ont
1449 745 55 54 été
1551 727 205 71 retublis.
1797 738 55 52 cet

494 861 169 97 officier,
709 874 57 79 qui
827 855 79 94 étoit
973 876 37 75 en
1063 849 162 100 france,
1293 855 36 91 na
1369 853 84 87 pas
1501 853 57 52 été
1598 835 161 77 reconnu
1800 834 84 64 dans

502 985 23 48 ce
597 986 155 75 nouveau
830 955 112 102 grade
1006 960 31 96 et
1108 949 227 107 cependant
1422 946 23 68 il
1487 945 1 70 a
1553 952 118 68 oblenu
1721 969 31 75 en
1787 947 88 97 1771.

503 1081 52 68 sa
640 1077 145 72 retraite
881 1068 100 67 sous
1025 1076 21 50 ce
1083 1066 87 68 titre
1260 1069 82 86 avec
1398 1053 29 99 la
1463 1062 173 87 pension
1686 1046 34 72 de
1764 1039 104 100 1500^lt

518 1203 58 77 qui
653 1197 2 77 y
727 1194 93 57 étoit
911 1177 191 69 attachée

678 1302 66 89 Il
823 1294 130 91 resulte
1027 1301 29 66 de
1082 1313 30 58 ce
1180 1299 113 71 détail
1368 1304 58 74 que
1459 1292 23 72 le
1522 1277 43 78 S.
1604 1267 38 89 de
1675 1262 175 105 Perigne

526 1455 31 85 ne
596 1455 108 85 peut
779 1426 211 104 pretendre
1060 1441 79 74 aux
1221 1426 317 96 appointemens
1613 1407 101 102 d'une
1739 1402 129 96 place

522 1563 78 101 qu'il
679 1563 32 93 n'a
776 1572 71 81 pas
927 1546 216 104 remplie,
1175 1554 30 58 et
1286 1537 76 91 qu'il
1437 1538 1 57 a
1480 1533 130 69 obtenu
1672 1540 152 57 une–

528 1704 130 56 retraite
740 1686 224 80 avantagense
1038 1678 1 67 a
1072 1662 159 96 laquelle
1288 1658 24 70 il
1384 1669 79 78 n'est
1514 1675 78 69 pas
1657 1643 172 89 possible

528 1815 35 67 de
594 1820 62 66 rien
742 1820 188 69 ajouter,
978 1803 116 70 sans
1153 1797 128 74 donner
1356 1790 89 69 Lieu
1521 1812 12 43 à
1593 1792 138 65 une–

550 1926 192 76 multicude
799 1921 44 85 de
895 1914 186 89 pareilles
1168 1905 210 86 demander
1478 1921 61 66 qui
1627 1901 180 64 seroient

546 2057 131 64 mieux
761 2041 201 93 fondées.

696 2158 53 81 Il
806 2156 47 122 est
918 2146 155 111 posible
1146 2155 30 110 de
1214 2140 98 123 faire
1368 2164 130 88 payer
1546 2161 46 91 en
1640 2133 112 111 france
1792 2121 45 82 la

538 2296 139 74 pesion
757 2290 35 62 de
826 2304 41 59 cet
930 2287 208 84 officier,
1188 2293 93 62 aussi
1343 2278 202 83 Longtems
1607 2287 93 71 qu'on
1751 2288 76 54 aura

920 914 0 38 D
