2232 3168
234 608 126 184 De

848 513 38 91 15

1018 390 361 99 Aithon
1499 403 2 53 a
1548 395 32 67 dt
1627 389 214 76 Domingu

964 489 130 105 fevvier
1147 504 95 78 1710

986 692 83 57 Le
1104 666 47 90 s^r
1210 651 348 101 despousses
1594 647 284 90 Capitaine

1066 777 295 95 d'Infanterie
1406 780 41 89 au
1478 772 112 77 petit
1628 772 158 87 Goaüe
1825 780 2 78 a
1864 768 99 74 jaine

1070 894 74 59 este
1188 886 153 82 obligé
1368 886 41 78 de
1440 879 293 77 poursuure
1794 879 40 66 sa

1068 987 168 71 femme
1292 983 95 76 pour
1428 994 136 59 crime
1609 976 267 76 d'adultrre

1093 1090 88 64 dont
1218 1087 73 67 elle
1344 1094 0 60 a
1377 1090 87 64 esté
1498 1085 317 65 convaincue,
1829 1087 24 57 et
1896 1080 1 62 a

1093 1199 147 61 avore
1289 1194 127 65 avoir
1459 1199 35 53 eu
1557 1187 39 69 3.
1630 1186 176 71 Enfans

1102 1293 236 79 mulatres
1377 1286 311 85 Illegitimes
1728 1295 17 51 et
1779 1289 132 64 avoir

1100 1401 85 67 esté
1220 1409 256 61 entretinme
1516 1411 85 53 par
1647 1391 34 77 le
1721 1385 142 79 no^–

1093 1497 193 78 Jannot
1331 1500 137 77 negre
1513 1496 187 79 Eslieve
1746 1500 165 76 leguel

1118 1613 0 54 a
1156 1603 86 61 esté
1269 1599 151 80 cond^é
1447 1599 82 80 par
1572 1601 205 69 sentince
1820 1599 49 67 du

1109 1699 99 78 Juge
1235 1698 39 75 du
1307 1699 99 78 petit
1450 1696 159 78 Goane
1669 1698 44 67 du
1763 1693 38 71 23
1862 1702 87 56 mar

1107 1810 156 82 1708.
1300 1807 146 81 destre
1473 1806 150 74 pendu
1668 1810 27 59 et
1740 1809 127 67 lad.e

1124 1920 294 84 despousses
1458 1916 160 71 d'estre
1671 1914 240 85 enformée

1124 2033 28 70 en
1180 2028 158 80 france
1371 2027 226 81 pendant
1653 2035 40 61 3.
1732 2024 79 66 ans
1878 2026 113 68 dans

1132 2140 44 52 un
1216 2134 200 65 convent
1460 2140 73 63 que
1572 2131 98 71 led.
1714 2134 34 62 S.
1778 2132 239 71 despousse

1134 2229 212 77 choisra
1405 2235 130 81 apres
1564 2232 160 84 lequel
1783 2231 165 81 Temps

1138 2344 126 73 razee
1302 2350 22 53 et
1357 2347 148 73 voitée
1554 2348 110 72 pour
1713 2339 0 74 y
1751 2339 230 72 demeuver

1129 2451 131 67 savie
1301 2450 173 65 durant
1528 2453 35 81 en
1599 2449 191 84 payant
1825 2460 84 65 par

1136 2552 145 62 leds.
1323 2548 284 88 despousses
1637 2548 42 88 la
1715 2548 187 82 pension

1147 2655 115 85 dont
1300 2661 32 79 il
1370 2651 306 85 conmiendra
1734 2647 63 79 les
1842 2643 0 82 3
1887 2643 89 90 enfe
