2144 2624
371 456 97 72 devoit
522 474 26 46 en
580 454 144 70 remettre
783 469 53 52 une
874 440 213 77 expédition
1155 461 12 52 à
1235 433 87 77 M^r
1352 437 18 71 le
1410 432 114 68 Comte
1581 424 295 71 d'Ennere.

500 536 44 70 Il
588 532 203 73 pourroit,
870 517 156 78 Monsieur
1096 510 49 73 De
1168 504 171 76 sartine,
1389 516 32 48 en
1476 512 38 57 me
1568 491 172 77 faisant
1785 486 185 65 justice,

365 633 52 53 sur
466 631 15 48 ce
512 616 47 66 que
608 607 26 60 le
659 606 72 65 Roy
792 605 30 55 me
851 597 68 60 doit
976 595 27 63 si
1054 581 288 69 légitimément,
1399 557 279 77 m'empêcher
1736 555 34 62 de
1805 549 158 69 ressentir

361 712 48 59 icy
463 704 153 64 jusquis
660 702 11 39 à
706 694 17 59 ce
752 689 57 66 que
857 689 28 56 je
922 670 85 60 sois
1069 672 40 68 un
1145 659 84 71 peu
1267 657 154 73 répare
1500 646 17 51 le
1581 641 63 62 mal
1708 638 58 72 que
1804 638 93 63 j'ai

362 781 170 63 éprouvé
605 755 201 58 là-bas.
899 751 77 66 mais
1021 750 75 64 par
1158 731 150 75 quelque
1368 723 119 75 moyen
1537 723 55 63 que
1633 724 27 59 ce
1691 708 96 68 soit,
1833 699 154 75 monsieur

346 841 28 75 si
414 835 76 79 vous
536 850 33 54 en
616 836 132 78 trouvez
800 814 211 89 quelqu'un
1044 807 29 88 de
1111 793 292 99 proposable,
1437 800 57 51 car
1534 785 28 62 il
1603 790 26 61 en
1676 778 39 84 est
1744 769 33 91 de
1817 767 100 89 plus

360 914 127 67 d'une
545 923 170 64 esxpèce,
784 897 184 75 j'espére
1045 901 59 59 que
1139 886 98 61 vous
1287 880 118 56 aurez
1455 870 35 62 la
1535 860 118 69 bonté
1703 857 34 63 de
1788 855 23 73 le
1841 847 139 80 porter

367 1016 12 37 à
429 1015 30 59 me
514 994 206 76 procurer
791 978 151 80 quelque
1006 960 104 88 grace
1157 957 44 80 du
1237 950 155 86 Roy.

512 1060 307 81 rerregardez
881 1063 82 63 pas
998 1055 103 49 ceci,
1137 1054 23 45 je
1195 1042 89 67 vous
1312 1034 142 65 prié,
1499 1028 153 48 comme
1704 1018 70 54 une
1827 1004 161 61 nouvelle

362 1136 295 87 importunité.
729 1145 24 57 je
816 1123 137 69 m'étois
1015 1113 73 69 bien
1130 1112 131 65 promis
1333 1098 31 68 de
1414 1097 31 75 ne
1491 1087 100 81 plus
1631 1079 68 71 rien
1745 1070 212 72 demander

363 1235 19 59 et
425 1234 75 60 vous
546 1224 21 57 le
602 1213 116 78 savez
765 1205 104 73 bien,
933 1192 214 81 monsieur,
1223 1191 81 54 mais
1352 1175 25 55 la
1437 1162 275 65 circonstance
1762 1162 45 57 ni'
1834 1167 1 49 y
1878 1140 114 71 forcé

360 1301 27 72 et
424 1295 61 77 s'il
546 1290 90 76 n'est
686 1290 67 64 rien
830 1261 295 93 dépossible,
1175 1254 249 81 rendez-moi
1485 1250 37 51 au
1596 1238 112 66 moins
1787 1227 37 55 le

372 1371 163 65 service
607 1364 33 66 de
667 1357 163 71 partir
902 1352 38 63 de
970 1348 35 60 la
1070 1353 115 53 pour
1242 1317 318 67 recommander
1647 1327 17 45 à
1737 1294 217 74 Monsieur

377 1456 13 78 le
430 1441 172 90 Général
686 1454 63 51 mes
810 1423 162 86 affaires
1010 1434 38 51 en
1091 1428 28 47 ce
1163 1393 296 90 pays-la,
1503 1388 31 68 et
1591 1386 32 64 de
1697 1376 249 75 m'adresser

373 1552 40 54 un
448 1530 132 80 double
636 1525 35 58 de
705 1521 26 58 la
787 1521 102 64 lettre
939 1521 57 62 que
1046 1500 25 61 le
1122 1487 171 75 ministre
1365 1478 85 76 m'a
1516 1463 219 86 prouise
1814 1450 94 79 afin

377 1628 55 66 que
465 1615 32 73 je
536 1618 27 65 la
620 1602 111 81 fasse
796 1587 164 82 passer
1016 1596 3 43 a
1094 1584 75 67 mon
1224 1558 146 86 fondé
1426 1556 39 69 de
1563 1532 406 86 procuration.

595 1688 59 59 J'ai
714 1677 252 67 l'honneur
1039 1660 143 71 d'être
1231 1667 47 56 en
1332 1648 85 66 cette
1476 1645 127 64 année
1702 1629 170 64 comme

378 1794 33 50 en
471 1773 133 70 touttes
695 1766 107 70 celles
867 1757 65 76 qui
997 1754 29 63 la
1107 1738 253 78 suivront,

748 1894 344 90 Monsieur,

1211 2003 194 97 Votre
1469 1999 127 94 tres
1684 1989 267 91 humble

1244 2100 153 108 &tes
1542 2079 373 111 obéissant

1228 2210 298 110 Serviteur
1622 2214 348 107 Perrigny
