2560 3816
112 163 394 140 Adert

152 305 214 121 Pierre

574 271 1739 133 Procès Criminel Extraordinairement Instruit

657 379 1661 136 Cejourd'huy Quatre aout mil sept cent soixante dix huit

657 474 1682 128 à quatre heures de rélevée par nous Louis Gabriel Casamajor

659 583 1640 122 Capitaine au Régiment du Cap fésant fonctions d'aide major

657 674 1644 140 pour le Roy de cette place, assisté de Joseph Cazac Fouries

649 769 1681 125 audit Régiment fésant fonctions de greffier duquel Nous

653 871 1692 125 avons exigé le serment réquis, aunommé pierre Adert

655 970 1644 121 soldat de La Compagnie de Dupuy au Régiment du Cap

653 1060 1648 120 accusé d'avoir déserté de Ladite Compagnie Le Trois de

659 1161 1599 115 ce mois, arreté au dondon le quatre Comm'il Conste

668 1248 1643 155 par le procés verbal de Capture de L'officier de

659 1363 1667 108 marechaussée employé audit lieu, dudit jour, et de la

668 1454 1684 116 Conduit aux Prisons des Cazernes de Cette Ville ou il est

665 1556 1682 110 détenu comm'il apert par la Réquête en plainte du

655 1647 1678 127 six de ce mois à quoy nous procédons Comm'il

670 1765 466 113 s'en suit.

782 1920 1207 130 Information du Prémier Témoin

693 2030 1616 119 Avons fait venir le Nommé Jean Baptiste Monsay

649 2134 1673 138 Sergent de La Compagnie de Dupuy au Régiment du Cap

676 2232 1633 116 de Réligion Catholique apostolique & Romaine, lequel

670 2332 1631 101 après serment par luy prété de dire la Verité sur le

670 2425 1554 121 contenû en la plainte Contre Lé nommé Pierre Adert

674 2535 1071 102 dont nous Luy avons Fait Lecture

799 2622 1512 114 A déposé qu'il connoit le nommé pierre

657 2707 1637 123 Adert pour avoir été soldat de la Compagnie de Dupuy

676 2809 1678 129 au Régiment du Cap, qu'il l'a vû recevoir le pret, faire

665 2910 1678 117 le Service et passer en Revüe, que ce soldat a été présent

663 3006 1693 106 à la Compagne jusqu'au Trois de ce mois, que ce jourlà

676 3105 1684 119 il ne s'est pas trouvé à l'apel du soir & qu'il n'a pas

693 3220 628 108 parû depuis.

842 3292 1448 165 Luy avons demandé s'il sait Pourquoy
