2944 4168
632 470 1885 185 Jusqu'aux ordres que vous voudrez bien lui faire passer.

748 578 1767 176 J'ai eû l'honneur de vous faire part des arrengements

627 696 1913 160 que j'ai crû devoir prendre à mon arrivée pour arreter toutes

625 798 1899 162 les poursuites et procédures intentées contre une partie de MM

632 891 1911 192 les officiers de ce Bataillon, pour les dettes que les circonstances

630 1014 1906 157 malheureuses les avoient obligées à contracter. J'ai donc fait

636 1116 1881 164 payer leurs dettes et ou en faisoit une retenue par mois,

632 1238 1841 142 ne leur laissant que le très absolu necessaire pour vivre.

632 1338 1918 150 Cela a très bien réussi. Ces MM. sont presque au courant

634 1437 1909 153 de leurs affaires, et M^r D'ailleboust y auroit été avant

632 1546 1841 158 six mois, sans sa maladie qui l'obligeant à partir

632 1655 1881 153 empeche le Recouvrement. J'ai même été forcé de lui

636 1764 1895 148 faire encore quelques avances pour le mettre en état de

623 1877 1848 158 partir, il n'étoit pas possible de s'y refuser, tant par

627 2007 906 127 justice que par humanité.

715 2084 1830 148 Je joint ici le Bordereau de ce qu'il devoit au Corps

634 2181 1937 150 et de ce que lui reste devoir. Je vous prierau, Monseigneur,

636 2297 1921 141 de vouloir bien faire écrire à la famille pour qu'elle nous

636 2394 1881 148 fasse faire cette rentrée, si plutot vous n'avez la bonté de

641 2503 1943 136 lui en faire la remise. C'est un jeune homme bien malheureux

634 2602 1904 148 honeste et fort sage avant le malheur qu'il essuye. Si

646 2709 1899 141 Monseingeur vouloit lui en faire grace ce seroit un acte

639 2834 1855 134 d'humanité et de bienfaisance dont je patagerai en mon

650 2940 1434 155 particulier la plus respectueuse reconnoissance.

764 3112 1200 189 Je suis avec un profond respect,

623 3410 634 181 Monseigneur,

1607 3415 889 153 Votre très humble et très

1621 3556 755 123 Obléissant serviteur.

1815 3665 607 113 Le ch^er D'alaix
