2752 3424
675 332 1894 120 de laquelle somme le dit S. Moreau demeurera

669 441 1801 127 Valablement déchargé, en rapportant le

675 572 1445 112 présent avec le recu du Trésorier.

787 696 1670 167 Basseterre le vingt may 1778. Signé

673 838 1104 120 Le Président de Peinier.

881 1004 1680 150 Je Soussigné Trésorier de la Guadeloupe,

698 1126 1869 140 reconnais avoir reçu de M. moreaqu Greffier de

656 1215 1913 169 L'Intendance la Somme de Deux mille vingt

687 1316 1874 162 trois Livres dix neuf sols argent de France,

688 1407 1885 183 faisant celle de trois mille trente cinq livres

706 1497 1859 184 dix huit Sols Six deniers argent des Isles,

683 1614 1861 175 pour être en dépôt dans ma caisse jusques à

702 1689 1859 201 ce que le ministre en ait ordonné l'emploi :

810 1809 1742 199 à la Basseterre ce vingt may 1778

744 1974 797 164 Signé Sérault

1688 2200 550 116 Pour copie

1783 2332 354 148 Moreau
