2880 3880
607 200 1671 153 les conduisit tous trois au dondon en leur disant quil

603 278 1658 176 le leur arriveroit autre chose quela prison, et que sitot

614 390 1645 174 quils furent arrivés au dondon ils furent présentés

620 489 1645 166 par ce cavalier aubrigadier dudit lieu qui les

622 601 1578 142 fit mettre aux fers et le lendemain les fit

622 679 1654 168 conduire au Cap sous l'escorte de quatre cavaliers

603 795 1666 159 et un Brigadier ou a son arrivée il a été mis en

640 929 763 112 prison aux Cazernes

638 1116 1080 123 induit & Solicité par personne

821 985 1457 153 Interrogé pourquoi il a deserté et s'il n'a été

829 1185 1445 147 a Répondu qu'ayant été forcé de se défaire

633 1295 1652 134 d'une chemise pour s'entretenir de poudre et de chandelle

627 1390 1649 138 et en apréhendant quelque chose de facheux, il s'était

640 1495 1642 128 décidé à déserter, que le même jour il fit rencontre de

638 1588 1647 136 deux soldats du Régiment de Galinois qui le menerent

638 1681 1627 138 boire, & que là ils décidèrent tous ensemble de déserter

808 1789 1440 133 Luy avons demandé ce qu'il a fait de son

642 1920 364 91 habillement

806 1980 1466 134 a Répondu qu'il n'avait emporté que son sarot

648 2099 1322 110 et son chapeau avec lesquels il est revenu

812 2172 1473 147 Interrogé ce qu'il est devenu depuis qu'il a quitté

640 2291 1366 121 sa Compagnie et quel métier il a fait

845 2371 1442 140 a Répondu avoir été arreté le même jour de son

655 2483 1345 125 départ et N'avoir fait aucun Métier

745 2582 1514 114 Interrogé s'il ne sait pas que tous soldat qui

661 2677 1624 142 quitte sa Compagnie sans un Congé en forme est réputé

657 2793 310 88 déserteur.

821 2881 731 102 a Répondu le savoir

773 2966 1527 140 Interrogé s'il n'est pas informé de la Rigueur des

635 3088 1352 91 ordonnances du Roy Contre les déserteurs

806 3183 1108 102 a Répondu ne pas les Connaitre

715 3261 1570 131 Enquis s'il se plaint de ses officiers, s'il a été

674 3377 1533 97 maltraité et si on luy a Retenû son prêt

922 3453 1393 144 a Répondu N'avoir aucun Reproche
