2880 4240
240 424 533 243 M DLC

403 1203 777 160 Monséigneur

1568 1809 569 159 m. L. R. n^e

344 2193 2297 351 je n'aix pas oubliée que dans la derniere laitre

320 2362 2213 295 que vous m'avez faits l'honneur de m'éqrire

318 2463 2196 314 que vous avez eu assé de bonté de me dire

301 2565 2369 360 que vous ne pérdiée point de vue la demande

286 2685 2251 385 que je vous âist déia faite pour mon fils de

265 2780 2349 382 vouloir bien lui désttiné unne place pour la

272 2911 2321 367 collonie de la martinique de préfférence aux

273 3031 2295 342 ôttres colloni ci illés possible. josse me flattée

268 3148 2163 364 monseigneur que vous voudré bien avoir

268 3243 2373 408 Egard a la priére que ie vous faix, vous ôbligué

256 3384 2249 401 infinimen celle qui a l'honneur dâitre avec

263 3754 460 156 réspée

273 3877 780 261 monseigneur

1392 3529 1173 375 Votre très humble

1392 3720 1162 290 et très obeissante servante

1531 3860 1044 269 veuve dailleboust

723 84 238 163 n 204
