3008 4056
121 246 565 291 M D L C

335 885 839 135 Monseigneur

1504 1088 586 178 M. Le R. du fer

130 1487 2399 324 Comme je ne césse de Conté sur vox bontés voulé vous

114 1624 2222 338 bien pérméttre que j'inplore de nouveaux votre

108 1710 2388 363 secour pour vous priée de vouloir bien avoir Egard

104 1835 2301 358 a la demande que j'ay déja en l'honneur de vous

121 1937 2422 388 faire pour mon fils de lui déstiné un sort dans quellque

144 2046 2365 428 parti dés Collonni Caiénne ou Martinique M^r de la Touche

128 2190 2281 378 de ce moment ici voulan s'emploiée pour lui opprés

130 2359 2061 329 de vous pour vour réittéré la même demande

131 2440 2244 395 an concécance monseigneur je join ma priere a

126 2609 2128 333 la siénne et josse me flatte que vous voudré

130 2841 1583 234 bien monoré de votre resouvenir

180 2951 1786 293 jay lhonneur daittre avec réspee

178 3499 687 158 monséigneur

1265 3332 1181 318 Votre très humble sérvante

230 3782 815 159 a Rochefort le 20 février 1779

1305 3569 947 221 veuve dailleboust
