2720 3832
805 208 1633 143 au dondon; nous requerons pour le Roy que ce soldat

796 304 1610 132 soir condamné à être attaché pendant l'espace de

794 400 1672 134 huit années aux chaines des forçats établies dans

792 493 1625 128 les ports et arsenaux de marine de sa Majesté

807 587 1678 155 Conformement à l'article 12 de L'ordonnance du Roy

813 719 741 107 du 13 Janvier 1776.

1197 772 1284 160 Fait au Cap le sept aout mil sept

792 894 1544 127 Cent soixante dix huit; signé Casamajor.

954 987 1523 122 Trouvant l'accusé suffisement convaincu du crime

813 1085 1638 132 de désertion, je le condamne pour huit ans à être

813 1170 1568 147 attachés aux chaines des forçats. signé Le Ch^es

815 1330 488 119 de Bourguisson.

1018 1358 1478 153 Trouvant l'accusé convaincu du Crime de Désertion

813 1473 1615 149 arrêté à une lieue du pays ennemi et quoiqu'arreté

826 1571 1644 172 pendant les trois jours de grace je le condamne

828 1662 1595 141 à trente années de galères comme il paroit être

834 1756 1675 153 L'intention de sa Majesté par la Lettre du Ministre;

820 1896 724 137 Signé le Ch^es Dupuy

975 1943 1532 153 Trouvant l'accusé convaincu du Crime de désertion

820 2043 1697 166 je le condamne à être attaché pour huit ans à la Chaine

832 2148 1683 151 des forçats conformément à l'article 12 de l'ordonnance

841 2271 1156 128 du 13 Janvier 1776. Signà Prudhomme

1016 2337 1499 147 L'accusé étant atteint et Convaincu du Crime de

841 2437 1678 160 Désertion, je le Condamne à la Chaine des Forçats

847 2535 1634 166 pour huit ans conformément à l'ordonnance du

847 2650 1202 138 13 Janvier 1776. Art. 12. Signé Bounclat

1030 2724 1466 150 Trouvant l'accusé convaincu du Crime de

856 2814 1674 170 désertion je le Condamne à être attaché pendant

832 2914 1638 172 l'espace de huit années à la chaine des forçats,

834 3059 835 147 signé Le Gardeur de Lisle

1033 3123 1497 151 Trouvant l'accusé convaincu du

881 3206 1649 159 Crime de désertion je le Condamne à la

864 3293 1660 200 chaine des Forçats établie dans les ports
