2752 3432
1022 224 1504 184 Copie de la Lettre de M. de Mauret

1054 345 1406 192 a m. Morau en datte du 4 mars 1778.

825 777 452 100 Monsieur

709 930 1753 227 J'ai appris par M. Le Général que le s.

696 1042 1703 239 Montpellier ancien tambour major du

694 1163 1791 228 Régiment de Véxin, m'avoit Compris sur

669 1258 1854 246 un etat qu'il a envoyé de ce qui lui est dû

694 1376 1745 248 dans le païs et dont vous êtes chargé de

689 1478 1814 260 faire le recouvrement. J'ai l'honneur de

709 1569 1856 267 vous prévenir que ce n'étoit pas à moi à qui

694 1672 1852 268 il devoit s'adresser pour toucher la somme

709 1782 1825 265 qu'il réclame, d'autant que le Billet qu'il a

705 1895 1806 251 est de feu mon frere qui servoit ainsi que

695 1993 1851 272 moi dans le Régiment de Véxin et qui est

694 2114 1857 250 mort à la Basseterre au mois de juillet 1771;

696 2219 1848 252 n'étant point son héritier, je ne crois pas

703 2335 1848 250 être dans le cas de payer ses dettes : –

783 2421 1770 255 C'est à ma famille en france à qui il

701 2530 1850 255 doit s'adresser. J'ai eu l'honneur de faire

669 2652 1903 242 la même réponse à M. le Général, par une

698 2774 1853 240 Lettre que j'ai eu celui de lui écrire a ce sujet

680 2882 1887 243 le mois passé. Je vous prie donc de me
