2752 3528
1274 290 1174 107 Copie du Brevet de la demie solde

1252 378 953 110 du S^r Volant du 23 fevrier 1754

1162 572 872 166 De Par le Roy

1136 860 1237 137 Sa Majesté ayant accordé la demi Solde

1036 978 1314 143 à françois henry Volant soldat dans les

958 1072 1429 156 Troupes de S^t Domingue dont les infirmités le

962 1189 1456 124 mettent hors d'Etat de continuer ses Services suivant

972 1287 1468 141 les certificats qu'il a produits; L'intention de sa

938 1421 1402 115 Majesté est qu'il soit employé dans les Etats de

964 1507 1454 123 demi solde des invalides de la Marine autrement à

958 1603 1464 119 Paris à raison de Sept Livres dix Sols par mois,

958 1705 1337 115 à commencer du premier Juillet 1753. fait à

956 1799 1417 137 Versailles le 23 fevrier 1754. signé Louis et

983 1930 649 106 plus bas Bouille ※

1148 2050 1037 166 Pour Copie conforme à l'Original

1934 2177 288 198 Voland
