2944 4160
642 381 1936 143 Compagnie pour reparation de quoy et attendû

647 524 1915 134 qu'il n'y à ny prison ny Garnison au Port au Prince

652 665 1938 113 suffisante, Lieu ou le délit a été Commis L'a Condamné

649 778 1876 114 à être Conduit à La tête des Troupes ce Cette

645 894 1875 127 Ville qui seront Rangée en Bataille et Livré à

638 996 1894 141 L'executeur la haute Justice pour être pendû

654 1125 1841 134 et etranglé jusqu'à ceque mort en s'en suive

652 1241 1889 127 et attendûs les faits Resultans en La procedure

654 1363 1845 136 Contre Le nommé Belair Tambours de la Comp^e

642 1486 1904 147 De Guichen L'a condamné à assister à L'exécution

663 1613 1894 150 et à garder trois mois Le Cachot à Compter du

638 1758 1901 144 jour du present; fait en Conseil à Leogane Le

640 1904 1915 115 dix huit mars mil sept cent cinquante un

668 2033 1905 109 signéz à la minutte de Conflans, La porte la lanne

559 2128 1934 127 De massip de La Tour, olivier de vieux Chatel,

670 2251 1908 131 mithon de Seneville, Beaupré, Serierre, Le Ch^er de massip

679 2382 1254 187 Gairolle, et Cheverry Greffier ※
