3008 3616
1018 303 1716 112 avoir le nommé jean francois Monpas dit Dumas pour déserter,

1010 399 1718 111 s'il ne luy a pas été fait quelques mauvais Traittements

1012 502 1678 116 ou s'il ne luy a pas été retenu quelques choses de son prest

992 608 1726 111 A Repondu qu'il ne scait pas quel motif a eû ce soldat

1002 721 1706 98 a déserter, qu'il ignore qu'il luy ait été fait aucuns

1004 825 1682 97 mauvais traittements n'y qu'on luy ait rien retenu de

998 922 338 92 son prest.

936 1024 1762 125 Interrogé s'il a Connoissance que Le Nommé Jean

996 1137 1712 100 françois Monpas dit Dumas ait emporté avec luy

1002 1235 975 108 quelques choses de son uniformes.

982 1335 1734 141 A Repondu qu'il a Connoissance que ledit Dumas

1000 1472 1724 92 n'a rien Emporté de son uniforme ayant laissé le tout dans

1000 1550 442 103 sa Chambre.

990 1667 1712 130 Interrogé s'il n'a pas ouy former audit accusé le dessein

910 1777 1794 109 de sa Désertion et s'il a Connoissance que ledit accusé

988 1882 1270 84 ait été Engagé par d'autres a Ce dessein

962 1978 1744 103 A Reponduqu'il n'a jamais ouy parler ledit accusé

996 2093 1714 86 de Ce dessein et qu'il n'a nulle Connoissance qu'aucun de

992 2201 1656 77 ses Camarades luy en ayent parlé, non plûs qu'il n'a

978 2296 1630 92 jamais eu aucunes raisons de le soubçonner de Ce dessein

978 2406 1704 99 Interrogé s'il a veu monter la garde reçevoir le prest

956 2507 1708 118 et passer en recrüe ledit Jean françois Monpas dit Dumas

958 2629 1756 91 A Repondu l'avoir veu passer en revüe la veille du Départ

990 2709 1720 127 de la ditte Compagnie et qu'il n'avoit point veu ledit accusé

988 2832 1726 111 monter la garde, n'y recevoir le prest, n'y ayant que huit Jours

980 2936 1304 105 que ledit accusé etoit arrivé dans le païs

1631 3027 527 118 quatrieme page

1649 3109 225 141 dmp
