3232 4256
851 1333 1612 154 jour, ensuite que le bien du service et celuy dela trouppe exige

844 1447 1642 153 absoluement le retour de m. enecker le plus promt qu'il sera

842 1560 1696 192 possible, si sa mauvaise santé a été retablie par l'air de la patrie

847 1697 1679 173 de la quelle dans Cette occurence il est a souhaiter qu'il soit revenu

844 1825 1678 196 pour que vous puissié en disposer; ne croiez pas, Monsieur, que Ceque

863 1962 1687 194 j'ay l'honneur de vous marquer soit pour porter aucun préjudice

856 2097 1680 172 a M. Ammann de l'accident duquel je suis vraÿment pénétré mais

844 2222 1673 192 Comme je me trouve après luy, le premier officier icÿ, mon Zele et

868 2359 1668 166 mon devoir m'obligent également de vous prévenir, quoique vous

880 2473 1606 194 pouvet Compter sur tous mes soins et mon exactitude autant

870 2633 1067 166 que ma chetive santé me le permettra.

865 2778 625 161 J'ay l'honneur d'être &

1097 2853 1477 161 Monsieur Votre très humble et très obeissant serviteur

854 3014 764 163 au fort Royal le 7 juillet 1750

1776 2981 457 137 Signé Duparc

882 3111 1659 166 Je dois vous informer, Monsieur, qu'il est deub trente Congé dans la

873 3232 1691 170 Compagnie, ainsi une Cinquantaine d'hommes pour y satisfaire et

889 3345 1666 175 operer en même temps le Complet a peu pres ne sera point de trop

889 3485 670 132 par l'occasion de M. Enecker

1403 3563 449 97 Pour copie

1360 3653 457 139 De Karrer
