4561 2720
311 170 1821 170 de ligne et patriotiques avec du canon. l'approche

309 261 1717 166 de cette armée les a fait se replier dans les double–

324 349 1797 185 montagnes près la frontiere espagnole et 40 –

321 465 1622 157 des leurs se sont rendûs au gouvernement. ils ont

337 539 1845 177 assasiné 4 ou cinq Blancs et volé a l'un 80 mille

359 624 1790 196 francs. on dit que cet attroupement est de 7 à 800 –

349 708 1735 188 mulatres; mais le nombre peu s'accroitre. ceux de

349 799 1710 184 la partie que j'habite et des environs n'ont pas

335 868 1802 206 remué. les paroisses se sont assemblés a cet effet

359 980 1620 172 pour prendre les mesures convenables et il va –

389 1047 1695 196 paroitre une proclamation tres menacante

374 1113 1758 207 de la part du gouverneur qui prend sous sa

395 1217 1713 191 protection tous ceux des mulatres qui resteront –

397 1301 1777 172 en paix et soumis aux blancs et livre a la rigueur

293 1381 1862 190 des loix tous ceux qui suivent le parti de cet ogé.

392 1489 1725 159 nous avons l'esperance que cet attroupement sera

395 1630 551 97 bientot dissipé

389 1633 1738 181 M^r le C^te de peinier est parti hier pour france

388 1713 1741 181 sur la fregate l'engageante commandée par m^r

385 1810 1665 171 de la Gaille et a laissé le commandement a m^r

380 1914 1657 157 de Blanchelande nouvellement arrivé dans

392 2064 585 98 cette Colonie.

403 2095 1622 149 nous avons connoissance ici du decret du 19 juin

398 2186 1711 144 concernant la noblesse. il na pas trouvé ici beaucoup

397 2278 1694 156 de partisans. et je crois en mon particulier quil

2606 267 1817 126 importoit fort peu au bonheur du peuple quil –

2605 355 1780 123 y eut des comtes et des marquis. pourvû que les

2603 436 1871 169 charges pecuniaires distribués avec egalité soulageassent

2632 539 1421 127 sa condition. c'est tout ce quil demandoit –

2632 613 1797 138 pour me Conformer neamoins a ce decret je vous

2620 687 1801 157 nommeré charles de la Rochefoucaud tout court

2623 757 1832 176 ce ne sera par vous qui perdrés le plus en prenant vôtre

2631 837 1816 179 vrai nom. car ce nom est encore un fort beau titre

2637 942 1807 156 mais j'en connois même de vos alliez qui en auront

2631 1086 618 98 de bien villain.

2713 1101 1616 179 Je vous prie monsieur le marquis d'offrir

2674 1192 1687 155 mon Respect a vos dames a m^r le vicomte

2708 1275 1691 160 de gard et de me croire aux les sentiments du

2674 1346 1592 178 plus tendre, du plus sincere, et du plus –

2703 1486 830 129 inviolable attachement

3497 1496 822 128 Votre tres humble & tres

3409 1591 854 115 obéissant serviteur

2518 1670 827 163 Le 9 novembre 1790.

3670 1659 498 161 Provenchere

3674 2083 141 117 489
