2583 2695
514 380 662 302 Monsieur,

817 1209 1655 101 Je Viens de Recevoir la lettre que vous M'avés fait l'honneur–

643 1316 1787 103 de M'ecrire le 10 de Ce mois la quelle Contenoit deux Paquets l'un–

648 1419 1765 106 pour Le Port au Prince et le second pour La Martinique que je–

651 1524 841 104 ferai parvenir à leur Destination.

828 1654 1647 111 Vous approuvés l'assurance de 15000^lt que J'ai fait souscrire sur

631 1760 1877 95 Les sucres annoncés par le N^re le s^t honoré, Nous Venons d'apprendre

631 1859 1853 105 L'arrivée en Rivierre de Ce Batiment, M. Provenchere M'a envoyé

642 1964 1849 99 Connoissement, & facture des quarante Bariques de sucre Brut qu'il

642 2052 1846 118 y a Chargé Tant pour Votre Compte que pour Celui de Madame–

643 2167 1808 101 La Marechale & il M'annonce qu'il se Dispose à me faire un –

649 2266 1715 99 pareil envoi dans le N^re l'alexandre qui ne partira de la Colonie

648 2362 1791 99 que dans la fin d'avril prochain, Je Vous prierai de M'indiquer si

2133 2438 171 131 494
