2185 2844
777 224 930 87 à Paris Le 9 fevrier 1752

1022 300 666 85 6^e piece cottée O

420 470 1600 92 J'ai, mon petit coeur, passé bail pour notre maison à 3400^lt

420 551 1576 76 elle est dans la rüe grenelle faubourg S^t germain dans un des

414 620 1641 81 plus beaux quartiers de paris, la maison est entre cour et jardin, bon

403 695 1592 66 air et belle veüe, touttes les commoditées necessaires, je pourrai meme

401 755 1644 88 louer un appartement à quelque ami pour cinq ou six cent livres, mais

403 831 1600 79 je chercherés un garçon de bonne société, j'ai aussi fait l'emplette

398 903 1606 70 d'une berline, je ne vous en veux pas dire le prix, ⟦...⟧ vous en serés

403 978 1676 82 contente elle sera fort belle, on travaille apres, il n'est question que

398 1060 1625 79 d'argent pour soutenir notre etat, notre situation est malheureuse

387 1132 1688 94 dans les circonstances, il faut surmonter tout cela et aller aux expedients

401 1226 1591 72 on repare les choses necessaires dans notre nouvelle maison, au

393 1290 1659 98 premier jour, le comte de Solase et moy nous travailleront aux –

390 1377 1674 87 moyens de faire meubler, non dans le beau, mais dans l'honete

388 1453 1656 95 et l'util; je n'ai point encore eté a versailles, et si je suivois mon

387 1538 1616 98 inclination je n'irois jamais, ce ne sera qu'au careme que je –

387 1617 1671 94 voirés le ministre, je crois qu'on ne laisse pas d'etre surpris de ne

388 1696 1648 97 me point voir, cela les inquiete peut etre, mais je donne le tems aux

385 1783 1657 81 choses elles n'en iront pas moins bien, ce qu'il y a de certain c'est

388 1862 1665 89 qu'on ne peut jamais me faire autant de bien qu'on m'a fait

387 1946 1638 89 de mal. l'Esentiel est de songer a nous rendre heureux pour nous

387 2023 1682 89 mais, je commencerés a l'etre du jour que vous et la chere sœur

387 2114 1592 88 serés ici, je m'ennuis beaucoup dans cette attente, mais vous ne

384 2194 1582 89 scaurions aller plus vite. faites, ma petite mere, mes amitiés a

379 2279 1603 76 nos amis et million de respects aux dames, dites beaucoup de choses

371 2352 1685 82 pour moy a M^r de Cherai, a M^rs de Cousage, de Rochechouart d'Icessy –

388 2431 1605 76 mes anciens camarades biragne et Monlouet, s'il m'arrive jamais

384 2509 1682 86 quelque bonheur je leur en ferai part. bon jour, ma petite miaire,

387 2584 1616 87 aime toujours tendrement ton gros zombi, qui taime plus que

384 2644 646 83 luy meme. de Conflans
