2189 2837
709 184 914 137 à Paris le 7 fevrier 1752

903 234 703 148 5^e Pièce cottée O

403 405 1666 86 j'ai reçeu, Ma chere femme, vôtre Lettre du 2 du courant

383 499 1689 81 avec le memoire de martin du proces, j'ai parlé à godinet

381 586 1678 80 qui doit nous ecrire, son livre de compte est entre les mains de

381 669 1683 84 la femme de bataillon, il doit à la boulangere et au douché depuis

378 759 1694 79 le premier janvier jusqu'a 15 veille de mon depart où il arresté

384 847 1688 79 ses comptes, je scavois cela et que Martin du Bocca n'avoit pas eté

376 923 1645 87 payé, quant à l'habit qu'il doit a Raby, M^r Lavalde sera

381 1003 1639 89 chargé de payer, cela n'est pas pour mon compte, je dois ce

373 1089 1688 96 qu'on a pris cher pitar pour le vin et peut etre autre chose, Toulouse

372 1174 1657 93 scait ce qu'on y aura pris, james s'est chargé de payer chez

369 1256 1673 82 m^r golard, chez le tailleur, et le peruquier, comme aussi le

369 1336 1709 90 port de ce qui est venu de Paris, je dois tout ce que j'ai pris chez

369 1413 1689 98 james, qui fournira son memoire, que je ferés payer a Brest où

369 1498 1668 100 icy comme il voudra, si je ne peux payer le tout sur le change

372 1576 1665 97 je luy donnerai les deux tiers contants, et le reste dans quelque

369 1653 1709 96 tems, il faudra bien satisfaire par tout, mais ce sera quand –

365 1736 1707 93 Laxald sera arrivé, qui vous aidera a regler les comptes, et a faire

376 1821 1683 89 vendre les choses qui ne pouront point etre transportables icy; fais

375 1905 1690 79 je te rpie le moins de dépence que tu pourra, car je suis aux –

367 1979 1716 87 expedients pour emprunter de largent a 6 pour cent, notre situation

361 2061 1706 93 est tout a fait déplaisante dans ce moment, pour toutes les disgraces

365 2140 1650 96 qu'on m'a fait essuyer, j'arrangerai ni ma maison a pouvoir

365 2219 1705 91 la soutenir et a ne rien faire au dela de nos forces, je n'ai point

362 2291 1702 90 encore eté à la cour et n'irés qu'en commencement du Careme,

370 2365 1695 92 je serait exact a te mender ma petite mamant tout ce qui poura –

376 2435 1675 88 m'interesser, faites mes compliments à M^r et Mesdames d.

365 2510 1688 96 L'intendante, je suis fort reconnoissant des bontées et bons accueils

383 2603 1635 79 qu'ils te font, mes respects aux dames, et amitiés a nos amis
