2142 2770
732 166 968 106 à Paris le 14 fevrier 1752

977 244 656 113 8^e Pièce cottée O

372 404 1574 74 J'ai reçeu, ma chere petitte Reine, vôtre lettre du 9

380 486 1637 104 je suis bien aise que la chere sœur soit guerie de sa fluction

378 575 1637 89 elle ne doit pas douter combien je l'aime tendrement, je suis

378 658 1677 94 toujours au même point pour mes affaires, et ne verrai le ministre

371 746 1677 77 qu'au commencement du Caresme, c'est un homme mené par ses

377 831 1649 78 commis, il ne me fera jamais autant de bien qu'il m'a fait

375 921 1696 90 de mal, et je pense que je dois le regarder comme mon plus grand

377 1007 1688 87 ennemi, me voila dans une position critique et déplaisante, mais

375 1087 1599 81 il me faudra tacher de surmonter les obstacles, nous devons

378 1172 1639 82 cet apres midy aller choisir nos meubles chez le tapissier m^r

377 1246 1643 102 de solar, M^e Clignet et moi, touttes les mesures sont prises

377 1351 1617 74 il n'est plus question que des couleurs et du bon marché,

375 1421 1685 80 quand nous serons convenus le reste sera bientot fait noubliés

375 1500 1690 98 pas, mamant, de me dire quelque chose dobligeant pour M^e Clignet,

374 1586 1614 88 elle a touttes sortes d'attention pour moi et je lui ai obligation.

364 1666 1673 88 Le mariage de L'axalde est arresté, le contract de mariage sera

355 1749 1699 91 fait demain, et il fait aujourdhuy ses visites de nous avec –

357 1818 1708 113 l'Eveque de Eregnier et M^r son frere chez de grands seigneurs

366 1908 1669 84 parents et alliés de M^rs de Kermorvan, il partira dans l'autre

364 1986 1657 102 semaine pour vous aller chercher, et passera a quimper voire sa

374 2083 1654 83 pretendüe, mais il ne l'épousera qu'apres vous avoir amené icy,

377 2154 1641 102 il n'a pas manqué de gens qui ont dit des execrations contre

371 2242 1640 84 M^r Laxalde, mais il est fort justifié de touttes ses calomnies,

344 2323 1665 99 je pense que vous ne pourrés savoir vos indiennes en pieces –

371 2402 1649 95 qu'on les faisant mettre entre deux toilles picquées, vos femmes

368 2483 1635 83 de chambre en pouront avoir chacun un, ainsi quatre cotillons

375 2560 1626 97 sauveront a ce que je crois touttes vos robes, vous malleries ces –
