4075 2812
420 281 1494 82 serions ruinés pour longtems, j'en attend des nouvelles avec

404 349 1596 105 impatience, voila qui eloigne bien les imaginations du mariage

401 440 1602 81 de ta sœur, examine toujours la conduite, afin qu'elle ne se laisse

392 510 1614 85 pas obseder, et qu'elle n'avanture rien de deshonorant car je la crois

392 587 1601 76 tres vive dans les passions, et elle le deviendra encore d'avantage

395 667 1584 81 y accordés vous bien de communiquer ma lettre à personne, nous

403 734 1584 90 cela doit vous faire prendre des precautions pour corser les occasions

401 807 800 97 et colloques secrets et particuliers.

406 881 1600 100 Laxalde partira dans huit ou dix et je ne serés content que lorsque

404 968 1555 77 je vous voirés icy l'une et l'autre, menagés toujours l'argent

406 1045 1564 87 car j'aurai bien de la peine a en trouver si votre pere nenvoit

406 1126 1575 89 rien, il faut que je prenne quasi tout à credit, c'est un –

407 1213 1563 83 misere, qui fait qu'on paye beaucoup plus chere et qu'on se

409 1293 1545 77 ruine, mais je ne scaurois faire autrement, vous ⟦....⟧rois la

410 1370 1497 73 maison jolie et assez bien meublée, et vous le r⟦....⟧tantes

409 1449 1545 83 Dieu veuille qu'apres avoir ressenti les plus cruels ⟦....⟧laisances

410 1535 1507 80 qu'enfin quelque chose d'heureux nous arrive, pour que j'aye la

417 1607 1517 84 consolation de contribuer a ton bonheur, tu scai ma chere

417 1687 1543 84 enfant combien je t'aime, tu est mon tout et ne desire que pour

418 1766 1533 85 toy, aime ton gros zombi et soit lui toujours aussi fidel qu'il

417 1840 1565 83 sera constant dans sa tendresse pour sa chere femme, je te baise

423 1918 1523 100 par tous les endroits et suis ton gros gros laid de Conflans

425 2204 1490 75 mes amitiés à ta sœur, respects aux dames et compliments

421 2277 1536 74 a tous nos amis, a M^rs de Biragne, Monlouet, Chozac, et tous autres

425 2352 1495 91 qui ont etés assez charitables pour te tenir bonne et fidelle

431 2437 259 90 compagnie.
