3963 2738
442 282 1477 105 je croirois plutôt qu'il ira aux Indes, à moins que ce

436 367 1483 109 ne soit pour quelque entreprise, et qu'on veuille donner

436 458 1506 128 le change. je ne peut pas non plus que M^r. de falors

452 554 1490 100 commande une escadre de sitôt au moins je n'y vois guére

449 645 1479 114 de possibilité. on attend dans ce mois M^r de perier l'ainé

527 743 1408 114 tout ce que vous me dites des troubles d'angleterre ne me

436 823 1477 142 surprend point, c'est une nation fougeuse, il seroit à desirer

394 933 1555 132 pour le bien public que la paix se peut faire, nous vivrerions

424 1035 1495 98 plus tranquils. je ne veux pas que M^r le Ch^r de Vienne

415 1106 1513 121 soit fou pour l'amour de moy, dites lui que je l'embrasse

408 1200 1470 123 de bon cœur, mes amitiés à la chere soeur et à mes

410 1293 1532 126 Nieces, je vous voirés tous bientôt, je me porte à merveille,

422 1396 1456 107 pourvu que le voyage ne me fatigue pas trop je vous

429 1487 1484 110 aime et vous cherie, Ma Chere petitte mamant plus que

394 1576 1519 107 moy méme et serai au comble de ma joye de vous revoir

436 1638 1415 139 surtout si la cour me donne un peu de satisfaction.

1682 1784 137 48 N.N.
