2133 2795
703 124 1040 102 à la gravelle Le 19 j^r 1752

960 208 577 80 10^e Piece cottée O

369 288 1608 128 j'ai eté forcé, ma chere femme, de coucher la nuit derniere

360 386 1628 112 a bedée, nayant pas eû la force de gagner Rennes saisi par

355 444 1670 152 la grande gelée et par un mal destomac considerable causé par les

357 520 1647 139 cahos et les mauvais chemins, je me suis trouvé ce matin en

354 590 1676 150 etat de continuer ma route, ma santé setant trouvé meilleure, j'ai

349 680 1690 144 diné a Rennes a loberge avec M^de de Tromelin, qui a du ecrire

347 770 1697 144 de la a brest à un officier de ses amis pour qu'il fut sur le champ

352 868 1641 131 te donner de mes nouvelles, apres bien des discours sur les regrets

355 953 1653 127 que toutte la marine avoit sur mon départ, elle me dit aussi

354 1046 1681 135 que M^r Le p^r president du parlement de Rennes prenait aussi

352 1130 1700 132 beaucoup de part, aussi bien que tous les honeste gens de cette

351 1215 1651 125 ville à tout ce qui pourroit m'arriver de favorable, mais on est lors

354 1293 1651 124 surpris et scandalisé de touts les desagrements qu'on me donne,

363 1358 1679 148 ton pauvre zombi a veritablement bien des mortifications, je vais

372 1462 1650 124 continuer demain au matin mon voyage, dieu veuille qu'il en

361 1543 1677 134 soit plus heureux que je ne l'Espere, si je peux enfin etre fixe

360 1625 1681 138 à paris et t'y rendre aussi heureuse que je le desire, cela calinera

366 1731 1639 112 tous mes chagrins, je ne te laisserai pas longtems a ce que

366 1801 1577 141 jespere, languir à brest, et il faudra bien des malheurs

369 1900 1667 121 si les choses ne vont pas mieux, surtout prenés patience et ne

366 1987 1689 112 vous charginés point, vôtre gros lard vous aime bien tendrement

372 2074 1622 107 et vous prie de l'aimer de mieux, mes tendres amitiés a la

369 2147 1681 123 chere sœur, embrasse la de tout ton cœur pour moy, mes compliments

369 2239 1653 113 a nos amis et respects aus dames et a M^e Lintendante dont je

363 2316 1650 131 noublirai jamais le boncœur et les politesse quoyqu'elles luy

363 2400 1687 126 soient naturelles, pourvu que la santé ne me faille point jai assez

371 2496 1664 100 bon courage, bonsoir je tembrasse et fais bien plus que je ne

386 2571 1120 107 puis dire ton fidel mari et ton gros lard

1514 2591 395 90 De Conflans
