4069 2799
454 379 1516 85 apres moy pour l'arrangement de tout mon avoir, ensuitte

454 454 1527 101 il reviendra avec les autres domestiques par le carosse, pour

449 533 1546 110 moy, je m'en irai avec Toulouse, parisien et un valet, s'en sera

444 612 1515 111 bien assez. j'ai reçu vôtre lettre du s^r du courant, je vous

443 709 1546 93 prie de dire a M^r doissy et aux autres Dames de nos amis,

457 789 1440 97 combien je suis sensible à la part qu'elles veulent bien

446 872 1434 98 prendre à mon sort, ainsi qu'à M^r de Barailti, j'aurai –

444 957 1372 97 incessament l'honneur de les remercier moy méme.

451 1041 1476 114 j'ai reçeu une lettre de M^r de Bruandé, je n'ai pas le

438 1128 1549 116 tems d'y répondre n'y a bien d'autres, je vais donc vous revoir,

437 1220 1566 125 cest ce qui me doit consoler de tous autres évenements puisque

441 1296 1526 120 je suis sur de vôtre coeur et de vos sentiments ainsi que de

435 1374 1569 140 ceux de ta chere sœur que j'aime, je vous embrasse en esprit

433 1467 1475 129 en attendant une réalité et vous assure que rien négalera

435 1548 776 89 jamais mon amitié pour vous.

435 1638 1496 123 je ne crois pas que M^r arbaud et M^r Chalet s'accorde, ce

430 1722 1511 137 qui prejudiciera à vôtre Pere, mais je n'y peux rien de plus.

438 1793 819 140 baisern chere M. vôtre G. L.
