2152 2875
812 203 1028 142 à Brest le 3 novembre 1756

988 292 561 84 142^e Piece cottée O

439 389 1558 109 vous sçavés, Ma Chere petite, que c'est aujourdhuy ma

420 480 1580 102 fete, vénés émbrassés moi, et donnés moi un bouquet, je le

431 563 1603 98 reçois de bon cœur puisqu'il vient de vous, bonjour chere M.,

429 651 1601 94 baisés N. N. qui vous aime et qui pense sans cesse à vous, je

429 744 1628 70 ne puis encore vous appeller M^de. la Vice Amiral, on ne ma

434 817 1617 90 encore rien mandé, je desire fort que cela ne tarde point et

423 902 1610 97 qu'on ne me fasse pas languir, peut étre aussi que M^r. Le

434 987 1634 100 Garde des Sçéaux n'a pû travailler avec le Roy sur ce sujet,

434 1082 1606 95 car je crois qu'on ne laisse pas d'etre embarassé des affaires

432 1161 1628 94 entre la prusse la jeune et la Reine d'hongrie, c'est une levée

431 1247 1629 91 de Bouclier qui coutera chere, heureux si elle ne nuit pas aux

429 1327 1636 80 ôperations de nôtre marine, nous commencons à nous appercevoir

437 1395 1599 103 que l'argent ne vient pas erte; nos flottes de cabotage ont

432 1487 1585 87 aussi bien de la peine à nous parvenir, tout cela ralentit

434 1562 1599 91 nos ôpérations ; le S^r fustel qui commende la mouche a

428 1643 1642 89 pris un grendié de six canons et de plusieurs prises, qui venoit

431 1725 1582 94 pour l'amariner, il a fort bien conduit cette petitte affaire,

432 1808 1592 79 puisqu'il n'avoit que deux petits canons, il y avoit 30 hommes

426 1889 1602 85 dans la prise, dont dix étoient dans un canot pour aller –

426 1961 1636 89 amariner d'autres barques, ce canot a été obligé de gagner le

437 2041 1619 99 long de la côte, et sera peut étre obligé de se rendre faute de

431 2124 1649 89 vives, à moins qu'il ne trouve quelqu'autre corsaire qui le sauve,

445 2200 1583 80 je crois que M^r Fevier poura venir à la fin du mois, on

437 2272 1596 80 crains pour sa vie, car il a eté tres malade, vous sçavés qu'il

440 2339 1616 93 est scorbutique depuis longtems. voila bien du changement

402 2418 1658 91 en peũ de tems, qui doit me mettre à portée de tout si on veut

442 2496 1416 78 me donner la main, nous avons besoin d'etre heureux
