2147 2767
744 124 972 105 A Paris le 2 fevrier 1752

957 200 673 138 3^e Piece cottée O.

366 316 1601 140 J'ai reçeu, Ma chere petite Mere, votre lettre du 29

407 442 1595 108 janvier, par la qu'elle vous me paroissés inquiete de ma

396 539 1629 122 santé, je me porte mieux depuis que je suis à Paris, il me

389 624 1665 135 faudra cependant un tems pour etre dans mon etat naturel,

398 716 1672 140 tranquilliser mon esprit, je ne verrai Le ministre qu'au commencem^t

396 803 1583 145 du Careme, et ensuite le Roi, il n'y a sortes de Calomnies et

384 890 1676 167 d'atrocités que le maillard et le vandreûil n'ayant fait debiter

384 1008 1610 123 contre moi, j'espere avec le tems faire connoitre la verité, et

375 1103 1601 128 que les faits qui arriveront manifesteront tout ce que j'ai dit

381 1208 1639 109 on ne peut rien de pareil à tout ce qu'on a fait contre moi

381 1291 1642 123 c'est une réprimande, vous jugés bien combien je fois etre dégouté

387 1385 1630 113 mais je ne veux point avoir de reprocher à me faire, je laisse

382 1475 1652 128 a gré M^r D'armentieres, quoyque tout cela n'operera peut etre pas

376 1564 1678 123 grande chose, je ne scai s'il aura aujourdhuy part à la nomination

375 1647 1638 131 des cordons bleufs, je craint encore pour lui, malgré les amitiés

375 1737 1628 143 du Roi. C'est ici le pays du diable et de la Cabale, on y est sur

369 1844 1688 125 de rien, je suis, ma chere mamant bien satisfait des attentions

359 1933 1671 120 que mes camarades ont pour vous, et des politesses que vous recevés

373 2007 1632 120 des dames de l'intendance et de monsieur, je vous prie de leur

372 2101 1633 98 en marquer ma reconnoissance et de les assurer de mon respect

369 2189 1634 98 et attachement; je cherche chere enfant, par tout une maison

324 2279 1689 88 pour te recevoir, je n'en trouverai point au dessous de mil ecus,

362 2364 1660 98 cela est bien cher, mais il faut pourtant être logé décemment,

369 2445 1670 105 j'embrasse la chere sœur et lui fait mille amitiées dites beaucoup

364 2528 1666 106 de choses a nos amis de son gros Zombi, je leur scai un gré
