2123 2825
794 266 911 105 à Brest ce 8. ꝯ^bre 1756

1152 369 728 130 144^e Pièce cottée O.

438 553 1550 139 je vous ai mandé chere M. par ma derniere, que

445 654 1524 153 mon escadre désarmoit, mon vaisseau le Soleil Royal

435 746 1577 172 est dans le port, et déja bien avancé dans son désavoueu

421 835 1499 165 les autres vont faire de méme je partirai incessament

426 929 1520 189 pour la cour, ou je voirés le Roy et le ministre, je ne

409 1035 1480 172 suis point contant qu'on me fasse languir pour la

407 1127 1548 184 vice amirauté et pour le cordon bleü, peut étre que ma

414 1235 1532 177 présence accellerera, me voila dans un état d'esperance,

424 1320 1585 205 mais fort critique pour ma fortune, j'ai dépensés au dela

414 1421 1569 203 de ce que je puis dire, forcé par tout ce qui m'a tombé

409 1523 1574 200 sur les bras, et n'ai pû faire autrement, et rien ne vient

417 1619 1621 207 de l'amerique, je ferai contraint d'aller vivre au chartreux,

421 1727 1546 191 où bien vous me nourirés , c'est vôtre affaire, car si on ne

417 1822 1595 197 me fait pas vice amiral, je serai plus gueux que job et

412 1918 1475 191 plus triste qu'un bonet de nuit me voila encore

412 2024 1560 181 surchargé de nouvelles provisions, sauf à sçavoir si je

412 2097 1574 193 commenderai au printems, et si on pensra amer dans ce

421 2201 1588 174 tems le nombre du V^x. ne cesserons à ma dignité, enfin

400 2278 1586 177 il faudra peut etre tout vendre ma consolation sera de

391 2373 1630 164 vous voir de vous aimer, de vous cheoir, et de vous embrasser.

402 2450 1553 167 mes tendres amitiés à la chere soeur et que le bon Dieu

400 2561 1605 143 nous conserve tous. bonjour M. N.N. est votre serviteur
