4172 2846
474 240 1540 106 infiny de vous tenir compagnie, tachés de ne vous pas constituer

457 311 1548 122 en defence, car je me trouverés dans un furieux embaras, pour

438 403 1507 114 nous meubler ici et y etre convenablement, ce que je ne pourrai

438 485 1524 130 operer qu'avec du credit et des termes assez long, mais c'est

433 575 1480 123 icy le pays de la ressource, je ne serai content que quand

425 660 1539 135 je tembrasserés ma chere femme, je pense tant celle à toy et

420 779 1548 115 ne serés heureux que quand nous seront rassemblés, Le comte

412 861 1594 130 de tolar me porte tous les jours vos santées, il vous aime devant

411 954 1589 143 et desire fort vous connoître, il vous fait ses compliments a touttes

403 1046 1518 128 deux, ne l'oubliés pas dans vos lettres, bon jour ma petitte

400 1141 1529 153 Rennes, le gros Lard ne changera jamais, et sera toujours

405 1228 882 138 ton fidél mary. de Conflans
