4013 2805
395 296 1528 92 la seconde flotte de Bordeaux est arrivée en rade hier

388 391 1525 82 apres midi, on m'a assuré que ma barque de vin y est,

398 475 1554 96 la p^re flotte est encore à Benaudot, elle ne tardera pas

394 562 1225 92 sans doute, on compte sauver l'aquilbon

395 652 1556 88 je ne me soucie point que la relation de ma feste de la

378 737 1604 96 S^t louis soit mise dans le mercure, je suis cependant fort

384 816 1587 94 aise qu'on la trouve bien écrite, il n'est pas necessaire de

394 899 1550 98 nommer M^r de pondel, pensoit que le ministre ne le

388 983 1581 103 trouveroit pas bon, or mes meilleures choses déplaisent

383 1064 1412 100 quelquefois dans les Bureaux, pour les mauvaises–

381 1157 1620 99 interprétations qu'on y donne, vous ferés sur cela comme

380 1229 344 80 vous accordés.

380 1312 1575 99 mes compliments et amitiés à ma chere belle sœur et à mes

392 1386 1580 108 nieces et au ch^r de Vienne, aimés moy, ma chere fille,

409 1472 1546 120 je ne cesse de penser à vous, vous devés étre sure de

392 1550 624 100 toutte ma tendresse.
