2129 2800
661 200 1289 92 à Paris Le 31 janvier 1752 Rüe du gindre

683 286 1042 73 proche S^t Sulpice faubourg S^t germain

866 346 666 97 2^e Pièce cottée O.

485 494 1550 84 je n'ai point encore eté présenté au ministre, ma chere petitte,

424 550 1592 129 a M^r D'armenieres est de retour et me dira ce qu'il aura projetté

413 665 1588 94 je le verrai ce matin s'il ne sort point, car il est toujours en

390 748 1614 92 l'air, je ne suis point pressé de me montrer, je suis bien aise

392 832 1618 88 auparavant de m'assurer une reception honete; car sans cela je

390 919 1603 84 n'irois pont à la Cour. on parle de nommer quelques cordons

378 1009 1623 79 bleufs, je desire que mon parent y ait part il est au mieux avec

387 1084 1654 70 le Roi, une des filles de M^e La Comtesse de Rochechouart devoit

392 1157 1642 84 se marier a M^r le Comte de la feuillade riche de 60 mille livres

392 1242 1607 74 de rente, et vient de mourir avant que le mariage ait eté fait,

393 1314 1614 86 ce qui est fort facheux pour la famille, j'ignore ce qui aura eté

407 1409 1628 65 fait a ce sujet, je cherche, ma chere enfant, par tout une maison

417 1468 1534 79 j'en voudrois une qui me fit pas au dessus de deux mille livres,

421 1541 1627 97 et a moi seul, j'aurai de la peine a en trouver, je fais chercher

413 1638 1588 70 par tout, je ne veux rien faire au dela de mes facultés, vous

410 1717 1642 84 seule de toutte façon l'embaras dans lequel je me trouve, mais

407 1801 1505 85 je ferai ensorte de m'arranger d'un façon qui vous sera

399 1886 1530 80 agréable, ce qui ne soperera pas sans peine, j'ai reçeu votre

399 1967 1543 73 dernier lettre, par la quelle vous me marqués avoir receu de

401 2042 1555 84 bayonne et de paris, il ne sera plus question que d'emmener icy

406 2126 1626 76 ce qui nous sera necessaire et vendre ce qui couteroit trop de transport,

404 2205 1598 73 c'est ce que j'arrangerai avec M^r Laxalde, menagés vous et portés

404 2296 1603 63 vous bien, vous scavés combien je vous aient et a quelle point est

404 2362 1575 74 ma tendresse pour vous, aimés moy, et noubliés jamais votre gros

399 2437 1591 79 lait, jembrasse la chere sœur, et fait mes respects aux dames

398 2510 1527 78 et amitiés a tous nos bons amis, bonjour ma petite mere, je

412 2585 1402 75 lembrasse un million de fois et suis un bon et fidel mary

1613 2647 245 78 Conflans

205 842 119 1678 le comte de tolar vous salue, dites moy quelque chose pour luy.
