2118 2793
787 190 797 89 à Brest ce 5. ꝯ^bre. 1756

1059 260 739 121 143ê Piece Cottée O.

442 460 1547 87 je vous apprend, ma chere M. que j'ai ordre de désarmer

433 543 1525 91 mon escadre, le soleil Royal, contre demain dans le Port,

431 626 1593 98 et les autres successivement à lacception de l'apollon qui sera

430 710 1591 98 d'une escadre de fin V^x que commendera M^r de foligny et

430 788 1565 99 hivers en Rade, on me marque que les V^x réarmeront en

427 873 1569 99 mars, mais la lettre n'est pas assez clair pour m'assurer le

425 946 1523 110 commendemant, me voila dans un cas tres couteux et tres

425 1025 1615 118 differant de ce qu'on m'avoit mandé il y a un mois et méme

422 1112 1593 110 moins, tout cela annonce nos miseres du Port, Les Capitaines

425 1185 1596 127 seront comme moy mêmés ; je partirai au premier jour pour

425 1258 1573 121 me rendre à la Cour et tout de suitte aupres de vous. on ne

420 1351 1595 113 m'a point encore dit un mot de la Vice amirauté, j'espere

417 1418 1623 122 cependant qu'on ne me fera pas L'injustice de la donner à un

417 1506 1620 126 autre je suis surpris que M^r de Savere ait la grande croix,

417 1595 1551 127 cela sera mortifiant pour les autres, quant à moy je ne m'y

416 1675 1610 121 attendoit point, puisque mes veües sont pour le cordon Bleu

416 1761 1619 125 que je n'attraperai peut être point, je me flattois que si j'avois

406 1841 1628 110 fais quelque action heureuse, que j'aurois poussés plus loin, mais

414 1920 1610 103 me voila quasi hors d'esperance, à moins que les choses ne

411 1998 1587 109 changent du tout au tout, je vais sans doute étre obligé de

411 2083 1564 104 vendre les provisions qui me font remise, j'en ai encore une

413 2166 1594 107 moitié à Bordeaux, ainsi que tout ce qui me reste icy qui me

413 2245 1618 107 reineroit par les frais, il faudra de consoler et vivre plus long ¬

378 2329 1653 96 ¬tems et plus tranquillement, cela me procurera le plaisir de vous

383 2401 1609 100 voir et de vous embrasser plutôt, je vous écrira avant mon

411 2487 1616 105 départ, ainsi soyés tranquille tous mes domestiques se portent

416 2577 1587 82 bien, Perardot sera obligé de rester icy une quinze de jours –
