2277 2841
789 104 999 137 à Paris Le 12 fevrier 1752

976 208 668 95 7^e Pièce cottée O

508 329 1626 119 J'ai reçeu, ma chere femme, votre lettre du 7 du courant

465 407 1631 105 aussi bien que celles que vous m'avés cy devant adressés du –

457 476 1600 114 cher pere et de M^e Le Tort au sujet de nôtre fille, dont j'ai

454 555 1608 115 eté fort aise d'apprendre des nouvelles, pour votre cher Pere

451 639 1663 118 il delivreroit un Lieutenant de Roy, ad honores, mais il me faut

443 714 1608 116 pour cela attendre un tems plus opportun, le ministre est un–

437 781 1620 142 honneur qui m'a fait bien du mal, et qui ne me fera guerir

429 866 1658 139 de bien, a moins qu'il n'y arrive de grands changements dans

421 945 1630 134 le Royaume qui l'aneantisse; je vous exhorte a ne point donner

413 1024 1630 123 a manger et a faire le moins de depense que nous pouvons en

413 1090 1642 122 attendant que M^r Lavalde aille vous chercher, nous brulons la

410 1158 1680 123 chandelle par les deux bouts, nous nous trouverions par consequent

412 1231 1653 138 dans l'embaras, je peult aussi que vous pouriés mettre dehors –

408 1302 1624 135 deux porteurs et reprendre les habits et chapeaux de livrée, tout

405 1376 1691 136 cela pille et devore la maison, je pense que s'il se trouvoit quelque

402 1447 1668 134 voiturier de renvois de Brest a Rennes où à paris que ce seroit

407 1500 1655 141 bien fait de renvoyer icy les balots que vous avés recu de paris

404 1565 1689 141 et le linge de bayonne parlés de cela à M^r Raby, car plutot j'aurai

404 1633 1686 137 icy touttes nos affaires et plutôt nous serons ensemble, si l'on trouvoit

396 1703 1691 138 quelque gabari pour le tracer ce seroit une occasion moins contente

396 1777 1685 137 je travaille avec M^r de folar à nous faire faire des meubles pour

391 1852 1650 119 nôtre maison, M^e Clignet se donne aussi beaucoup de peine pou

390 1920 1684 125 tout ce qui nous regarde, elle vous presente à touttes deux ses respects

386 1983 1654 119 et vous attend avec impatience, fait luy tes compliments la p^re fois

385 2048 1658 114 le comte de folar me comble d'amitié et d'attention, il nous fait

380 2127 1663 101 mille amitiés et assurances de Respect et dattachement sur tout le

375 2197 1688 126 bien que je lui ai dy de toy, hier il fut à notre maison pour y

374 2274 1607 96 faire placer des sonnettes, je ferai partir M^r Lavalde dans

375 2346 1652 97 12 où quinze jours au plus tard pour vous aller chercher et –

366 2410 1683 102 je me flatte que la maison sera en etat de vous recevoir aussi

361 2479 1657 109 bien que la berline chevaux et chaise de poste, il me tarde plus
