2944 3680
1087 513 1399 135 et à ses enfants la ration et quelques

1069 627 1500 135 vetements ces brigands ayant tout pillés

1089 746 1411 126 ce qu'elle possedoit ; nous Esperons –

1081 864 1474 125 Monseigneur, que vous approuverez ce–

1097 967 1468 132 Secours qui devient une charité trés bien

1106 1110 308 100 placée.

1238 1193 1333 142 Aprés beaucoup de dépenses, de peines,

1016 1300 1553 149 A la perte de plusieurs Soldats par les–

1108 1429 1459 132 fatigues ; on est parvenu à Surprendre–

1106 1539 1476 116 endormis la nuit du 1^er au 2 de ce mois

1110 1647 1490 125 dans un endroit presque inaccessible aux

1114 1756 1490 126 blancs ; ces coquins qui ont été fusillés

1120 1870 1494 135 par un détachement d'habitants de ce–

1114 1981 1494 126 poste. Nous devons cet heureux hazard

1114 2081 1506 159 à la fidelité de deux négres chez lesquels

1122 2214 1460 130 ces brigands, poursuivis et harcelés de

1124 2322 1505 117 toutes parts etoient venus la veille sous

1124 2428 1441 129 prétexte de chercher du feu dont l'un

1126 2543 1511 147 desquels les suivit jusqu'à leurs retraites,

1126 2649 1505 155 aprés quoi il vint avertir M de fiedmond

1132 2778 1484 141 qui estoit au poste pour y faire faire–

1128 2884 1497 154 quelques defenses pour mettre le magasin

1134 2988 1480 139 du Roi a l'abri d'un coup de main, de la
