3232 2816
976 184 326 75 M de vaivre

1110 293 274 112 29. ꝯ^bre

956 469 455 145 M. Reymond

1042 739 579 152 Monseigneur

1965 849 216 88 M Col

1078 1070 1471 89 Il y à Prés de deux ans que sur la priére que J'eûs l'honneur de–

1051 1138 1478 93 vous faire au nom de M. L'eveque de Vaison Comme chef de la–

1061 1203 1476 89 direction de l'hopital du lieu de Puymeras en Dauphiné, Legataire

1068 1270 1487 84 universel d'un S^r Jean Pierre Jullien habitant de S^t Pierre Martinique

1072 1329 1476 102 decedé En 1775 à la Grenade où il à eté assassiné, vous avez daigné –

1070 1397 1449 95 me faire remettre un lettre de recommandation de votre–

1065 1459 1454 99 Grandeur auprés de MM. de Boüillé et de Reinier alors–

1079 1545 1087 75 Gouverneur et Intendant de la Martinique–

1137 1592 1407 103 Le procureur fondé qui devoit se rendre dans les Colonies au

1089 1652 1448 101 sujet à manqué aux Engagemens qu'il avoit pris Et Egaré votre–

1089 1720 1444 83 Lettre ; Je viens de Charger de recouvremens, et à la martinique

1098 1780 1454 95 et à la Grenade 16. de Malherbe Greffier en Chef de la Senechaussée

1097 1846 1438 98 du fort Royal qui dispose de son prochain depart. d'ailleurs

1101 1911 1290 88 MM. les Administrateurs de cette Isle sont Changés.

1194 1975 1338 90 Je viens aujourd'hui vous prier encore, Monseigneur, de–

1128 2040 1405 84 vouloir bien m'accorder vne nouvelle lettre de recommandation
