3200 3560
1159 352 1522 136 qui estoit censé celuy de sa pupile, et le–

1151 500 1558 121 lendemain avant l'expiration des 24. heures–

1149 648 1564 131 aprés dispense de deux autres bans, le mariage

1155 801 1536 122 fut celebré, aprés qu'il eut esté passé la–

1157 945 1542 121 veille un Contract de mariage dans lequel

1145 1089 1570 129 la mineure est qualifiée Emancipée d'age

1149 1234 1560 134 authorisée par justice, le S^r Dubois Jourdain

1145 1398 1572 118 son grand Oncle Maternel Stipulant pour

1139 1527 1562 131 elle à cause de sa Minorité et pour l'absence

1145 1694 667 117 de son Curateur.

868 1804 1841 191 Cette affaire s'est passée pendant que M^rs de Champigny et

886 1985 1829 109 Dorgeville estoient à la Guadeloupe, ce Mariage estant–

918 2096 1812 121 consommé le Curateur et les Parents quelques mécontents qu'ils

934 2225 1361 140 fussent n'ont plus pensé à suivre leur appel.

1124 2363 1567 146 Et la sceance de Mars le Procureur gnãl

1145 2523 1578 117 fit une nouvelle remontrance et demanda acte

1141 2664 1578 146 de ce qu'en adherant à son premier appel de la

1137 2818 1582 138 sentence du 29. Decembre Il se portoit encore

2520 3189 89 77 4
