3232 3664
1223 297 1528 95 du tribunal de première Jnstance séant à S^t Pierre

1230 384 362 76 martinique

1600 462 1171 101 Certifions que la signature d'autre part

1228 559 1543 98 est celle de M^e Jacquin Greffier en chef du dit

1219 645 1544 95 tribunal de première jnstance de la ville Saint Pierre

1219 732 1536 102 Martinique, et que foi doit y être ajoutée tant en

1219 840 613 80 Jugement que hors.

1637 946 1118 83 En temoignage de quoi nous avons

1221 1021 1485 96 délivré les présantes auxquelles nous avons fait

1238 1121 869 82 apposer le Sceau du tribunal

1661 1207 1100 103 Certifions en outre que le timbre ni

1240 1319 1515 93 L'Enregistrement ne sont point en usage dans cette

1238 1420 250 80 Colonie.

1692 1496 1061 93 Donné en notre hôtel à S^t Pierre

1254 1606 1503 85 Martinique le Neuf Juin mil huit cent vingt un

1883 1705 357 139 Astorg

1280 1834 793 97 Scéllé led. jour 9. Juin 1821.

1533 1943 275 157 Jacquin

1413 2167 1297 112 Vu pour légalisation de la Signature de M^r Astorg

1348 2259 1319 104 Président du tribunal de première instance Séant à

1364 2349 348 99 S^t Pierre※

1517 2446 1128 104 Au fort Royal Martinique le onze Juin 1821.

1788 2542 920 100 Le Lieutenant Général Gouverneur

1753 2629 766 82 et administrateur pour le Roi.

785 2625 1041 199 Vu pour légalisation de la signature de m. Donzelot.

1099 2792 625 86 Paris le 8 Octobre 1821.

2219 2737 397 147 Donzelot

902 2841 912 137 Pour le Ministre Secrétaire d'Etat de la

810 2939 919 114 Marine et des Colonies et par autorisation.

1069 3022 792 139 Le Secrétaire Général du Ministère

1602 3136 353 108 V. Vauxillies
