3200 3856
497 732 615 112 Lettre du Sieur la Vigne

497 814 632 115 a D^lle michel Chez M. Dabois

499 916 461 129 du 5 aoust 1729

1086 392 1606 126 cent vingt neuf ; Et sur la suscrption de lad. Lettre Est

1090 524 1595 107 Ecrit a Mademoiselle Mademoiselle Michel Chez M^r dubois

1103 646 485 105 a la Bassepointe ;

1155 758 1526 126 Nous approuvons Mademoiselle et tres Chere niece

1120 880 1589 113 et avec vn veritable plaisir vostre mariage avec

1097 983 1642 137 Monsieur Lamure L'on m'assure Estre homme d'honneur

1095 1111 1644 135 Je n'ay pas L'honneur de la Connoistre mais puisqu'il

1097 1242 1642 111 vous Convient et aux autres parents, Principallement à

1099 1349 1640 139 Monsieur Dubois, nous y donnons de trés bon coeur

1097 1478 1612 117 nos agrements, Et vous souhaittons touttes sortes de

1101 1591 1644 139 prosperittéz tant spirituelle que temporelle, Jay l'honneur

1108 1707 1624 107 d'Estre veritablement Mademoiselle Et tres Chere niece

1099 1825 1584 126 Vostre trés humble et trés obeissant Serviteur signé

1095 1945 1633 130 De La Vigne ce cinq aoust mil sept cent Vingt neuf –

1095 2065 1635 130 Et sur la suscription est Ecrit a Mademoiselle mad^lle

1103 2178 1381 127 Michel Chez monsieur Du Bois a la Bassepointe ;

1133 2298 1601 137 Monsieur Nous Vous Sommes trés obligez ma femme

1103 2424 1586 114 Et moy de la part que vous nous faittes de

1097 2532 1620 115 Vostre Mariage avec Mad^lle michel, nous Lestimons

1097 2643 1625 114 heureuse de trouver vn aussy honnette homme que

1097 2759 1655 92 vous ainsy nous y donnons de bon cœur nos agrement.

1097 2849 1627 128 Et vous souhaittons milles Benédictions, Jay lhonneur

1097 2966 1655 110 d'estre trés parfaitement Monsieur, Vostre trés humble

1105 3071 1617 142 Et très obeissant serviteur, Signé a loriginal de la Vigne

1099 3200 536 129 le 5 aoust 1729;

1135 3326 1597 133 Le Bien de la Succession, Mademoiselle Demandant que

516 2281 596 122 Lettre du S^r La Vigne au

501 2390 609 116 Sieur Lamure du 5 aoust

510 2474 130 139 1729

497 3281 589 129 Lettre du S^r Gay a la d^lle

490 3397 618 120 Michel du 8 Novembre

522 3485 142 124 1729

2580 3481 90 227 14
