3232 3640
1128 345 1501 97 Jean Pierre Julien fait en ce bourg le Vingt huitieme

1128 444 1474 77 mars mil sept cent cinquant sept, commenceant

1124 523 1515 83 par ces mots "au nom du père, du fils et du S^t Esprit &

1126 612 1487 105 et finissant par ceux ci " la presente page fait neuf

1126 713 1499 108 pages ecrites de ma main propre et Signés de ma

1128 821 1489 82 main propre signé Jean Pierre Julien, et après

1128 932 1517 71 avoir paraphé tant ledit testament que son enveloppe

1124 1011 1511 81 nous avons remis le tout audit M^e Emerigon pour

1128 1083 1452 97 rester déposé au rang de ses minutes, et en ètre

1126 1187 1481 87 par lui délivré telles expeditions que de droit, de tout

1128 1282 1501 87 quoi nous avons accordé acte audit m^e Bonnet

1132 1365 1507 86 au nom qu'il agit pour Servir et Valoir ce que de

1136 1453 1511 81 droit, ordonnons que la requête dont est mention

1134 1534 1513 106 ci dessus sera Jointe au présant procès Verbal pour

1136 1642 1471 89 rester avec lui ez minutes du greffe et ont tous

1134 1731 922 101 les Susnommés Signé avec nous.

1290 1820 1359 111 Signé Emerigon, Bonnet, P. Emerigon, Petit.

1565 1930 1029 217 Pour Copie Littérale & conforme

1531 2121 1124 145 à la minute deposé au Greffe de

1567 2228 1086 135 ce tribunal de permière jnstance

1369 2351 1187 154 M. Pierre Martinique le neuf

1357 2495 1241 127 juin mil huït cent vingt & un–

1668 2592 696 138 Le Greffier en chef –

1832 2669 374 224 Seugnin

1166 3003 1491 115 de l'ordre Royale de la Légion d'honneur, conseiller

1446 2916 1203 109 Nous Jean Amans Astocq, chevalier

1160 3087 1485 128 honoraire en la cour Royale de cette île, et Président
