3232 3632
1082 316 1504 89 Item je legue a ma ditte dame Doissin larmoire

1078 403 1518 101 que j'ai achepté de M^r son fils actuellement dans

1073 488 1496 103 la chambre que J'aucupe dans la maison de ma

1073 583 572 76 dite dame Doissin

1138 671 1389 89 Item je legue à M^r Benoÿ Levievre metre

1069 758 1506 85 peruquier en ce bourg Saint Pierre tout ce qui me

1075 845 1488 85 doit par ces billets et tout ce qui se trouvera me

1075 926 1500 88 devoir a mon deces en reconnoissance des services

1086 1027 1504 70 que m^r son frere ma rendu aupres de m^r le Jeneral

1080 1101 1514 83 que pour ses marques damitié qu'il ma toujour fait

1112 1208 1471 81 Item Je legue a M^r lafond marchand au fort

1073 1287 1515 91 Roÿal mon compere la moitié de ma Garde robe

1078 1372 1512 74 et l'autre moitié à M^r Benoÿ levievre mon ami

1071 1464 1502 81 mentionné cÿ dsus laquelle sera partagé entre eux

1073 1549 1513 85 deuz par egalle part comme deux bons amis telle

1080 1638 904 77 quil ce trouvera a mon deces.

1108 1735 1484 89 Item je legue à ma petite fieulle Cleron fille du

1073 1822 1517 86 dit Sieur Lafond mon compere la Somme de mille

1073 1918 1494 77 livres laquelle Somme de mille livres en sera fait

1075 2003 1498 95 un fond sur une communautté soit Sur hopital

1075 2094 1484 95 ou sur le couvent des Reverand peres Capucins

1073 2193 1508 101 pour procurer un établissement a ma petite fieulle

1075 2288 1466 99 lorsqu'elle sera en age d'être mariee, et je prie

1067 2378 1504 99 mon Executeur testamentaire ainsi que le reverand

1075 2467 1502 119 père curé de la Paroisse des reverands Pères Capucins

1071 2556 1502 115 du for Roÿal d'avoir la bontté de placer solidement

1073 2653 1502 113 ladite Somme de mille livres pour l'établissement

1073 2762 1472 95 de cette pauvre fille et avoir part à cette bon

1073 2855 1502 103 neuvre charitable qon doit faire a toute pauvre fille –

1110 2956 1471 121 Item – Je legue a tous les enfants qui ce trouveront

1071 3044 1486 121 de feut Marie Bernard ma Seur du cotté de

1078 3145 1501 107 feut ma mere mariée en Dophiné après la
