<?xml version="1.0" encoding="UTF-8"?>
<alto xmlns:xsi="http://www.w3.org/2001/XMLSchema-instance"
      xmlns="http://www.loc.gov/standards/alto/ns-v4#"
      xsi:schemaLocation="http://www.loc.gov/standards/alto/ns-v4# http://www.loc.gov/standards/alto/v4/alto-4-2.xsd">
  <Description>
    <MeasurementUnit>pixel</MeasurementUnit>
    <sourceImageInformation>
      <fileName>FRCAOM06_COLE_241218A_0246.jpg</fileName>
    </sourceImageInformation>
  </Description>
  <Tags>
    <OtherTag ID="QZ7" LABEL="CustomZone" DESCRIPTION="block type CustomZone"/><OtherTag ID="QZ8" LABEL="DamageZone" DESCRIPTION="block type DamageZone"/><OtherTag ID="QZ9" LABEL="DigitizationArtefactZone" DESCRIPTION="block type DigitizationArtefactZone"/><OtherTag ID="QZ10" LABEL="DropCapitalZone" DESCRIPTION="block type DropCapitalZone"/><OtherTag ID="QZ11" LABEL="GraphicZone" DESCRIPTION="block type GraphicZone"/><OtherTag ID="QZ12" LABEL="MainZone" DESCRIPTION="block type MainZone"/><OtherTag ID="QZ13" LABEL="MarginTextZone" DESCRIPTION="block type MarginTextZone"/><OtherTag ID="QZ14" LABEL="MusicZone" DESCRIPTION="block type MusicZone"/><OtherTag ID="QZ15" LABEL="NumberingZone" DESCRIPTION="block type NumberingZone"/><OtherTag ID="QZ17" LABEL="QuireMarksZone" DESCRIPTION="block type QuireMarksZone"/><OtherTag ID="QZ18" LABEL="RunningTitleZone" DESCRIPTION="block type RunningTitleZone"/><OtherTag ID="QZ19" LABEL="SealZone" DESCRIPTION="block type SealZone"/><OtherTag ID="QZ20" LABEL="StampZone" DESCRIPTION="block type StampZone"/><OtherTag ID="QZ21" LABEL="TableZone" DESCRIPTION="block type TableZone"/><OtherTag ID="QZ22" LABEL="TitlePageZone" DESCRIPTION="block type TitlePageZone"/>
    <OtherTag ID="LT7" LABEL="CustomLine" DESCRIPTION="line type CustomLine"/><OtherTag ID="LT8" LABEL="DefaultLine" DESCRIPTION="line type DefaultLine"/><OtherTag ID="LT9" LABEL="DropCapitalLine" DESCRIPTION="line type DropCapitalLine"/><OtherTag ID="LT10" LABEL="HeadingLine" DESCRIPTION="line type HeadingLine"/><OtherTag ID="LT11" LABEL="InterlinearLine" DESCRIPTION="line type InterlinearLine"/><OtherTag ID="LT12" LABEL="MusicLine" DESCRIPTION="line type MusicLine"/>
  </Tags>
  <Layout>
    <Page WIDTH="2944"
          HEIGHT="3688"
          PHYSICAL_IMG_NR="34"
          ID="eSc_dummypage_">
      <PrintSpace HPOS="0"
                  VPOS="0"
                  WIDTH="2944"
                  HEIGHT="3688">
        <TextBlock HPOS="942"
                   VPOS="474"
                   WIDTH="1697"
                   HEIGHT="2794"
                   ID="eSc_textblock_448fbb45"
                   TAGREFS="QZ12">
          <Shape><Polygon POINTS="2639 3268 2639 474 942 474 942 3268"/></Shape>
          <TextLine ID="eSc_line_720da48b"
                    TAGREFS="LT8"
                    BASELINE="1068 610 2497 618" 
                    HPOS="1066"
                    VPOS="526"
                    WIDTH="1431"
                    HEIGHT="125">
            <Shape><Polygon POINTS="1141 645 1143 645 1146 645 1150 643 1187 631 1211 643 1215 645 1217 645 1219 645 1232 643 1305 631 1394 643 1424 647 1426 649 1506 649 1506 647 1508 647 1519 643 1549 631 1609 643 1623 645 1625 645 1646 643 1734 631 1898 643 1974 647 1976 647 1978 647 1992 643 2021 633 2113 633 2140 641 2164 651 2166 651 2169 651 2171 651 2189 641 2197 637 2220 641 2255 649 2257 649 2259 649 2281 641 2298 637 2339 641 2374 645 2376 645 2378 645 2390 641 2410 635 2425 641 2445 651 2447 651 2449 651 2451 651 2454 651 2468 641 2478 635 2490 641 2497 618 2495 577 2183 575 2166 567 2119 549 2117 549 2115 549 2062 553 2060 553 2058 553 2041 563 2027 573 1906 573 1892 559 1857 530 1855 530 1853 530 1851 530 1703 551 1672 528 1670 528 1668 528 1629 528 1627 528 1625 528 1562 551 1504 571 1361 559 1340 545 1314 526 1312 526 1310 526 1119 526 1117 526 1115 526 1092 538 1080 545 1072 536 1068 610 1066 643"/></Shape>
            <String CONTENT="fera les criminels et les avoient mis avec–"
                    HPOS="1066"
                    VPOS="526"
                    WIDTH="1431"
                    HEIGHT="125"
                    ></String>
          </TextLine>
          <TextLine ID="eSc_line_eb429525"
                    TAGREFS="LT8"
                    BASELINE="1064 715 2593 729" 
                    HPOS="1061"
                    VPOS="655"
                    WIDTH="1532"
                    HEIGHT="115">
            <Shape><Polygon POINTS="1064 715 1061 743 1469 764 1472 764 1576 743 1605 739 1631 743 1705 760 1707 760 1810 751 1845 768 1847 768 1849 770 1914 770 1914 768 1916 768 1996 743 2011 741 2054 743 2191 756 2193 756 2279 743 2292 743 2294 743 2314 760 2316 760 2318 760 2320 760 2322 760 2361 745 2408 758 2410 758 2413 758 2591 743 2593 729 2593 674 2523 672 2521 672 2519 672 2517 672 2517 674 2492 690 2449 690 2201 690 2183 674 2175 665 2173 665 2171 665 2093 663 2091 663 2089 663 2066 674 2050 684 2033 676 2031 676 2029 676 1955 686 1925 676 1890 661 1888 661 1886 661 1814 672 1652 659 1650 659 1648 659 1646 659 1619 676 1609 682 1519 676 1406 669 1404 669 1357 678 1338 680 1328 678 1264 655 1262 655 1260 655 1258 655 1256 655 1230 674 1178 678 1170 678 1168 678 1141 655 1139 655 1137 655 1096 655 1094 655 1092 655 1090 655 1064 672 1064 715"/></Shape>
            <String CONTENT="d&#x27;autres négres, doit être punis d&#x27;une maniere"
                    HPOS="1061"
                    VPOS="655"
                    WIDTH="1532"
                    HEIGHT="115"
                    ></String>
          </TextLine>
          <TextLine ID="eSc_line_c6504e32"
                    TAGREFS="LT8"
                    BASELINE="1068 840 2566 844" 
                    HPOS="1066"
                    VPOS="778"
                    WIDTH="1500"
                    HEIGHT="105">
            <Shape><Polygon POINTS="1068 840 1066 860 1191 878 1193 878 1316 864 1359 876 1361 876 1363 876 1365 876 1367 876 1381 862 1426 860 1492 858 1498 860 1519 870 1521 870 1523 870 1636 862 1685 878 1687 878 1689 881 1775 881 1775 878 1777 878 1818 862 2017 878 2019 878 2021 878 2023 878 2041 864 2052 872 2054 872 2056 872 2058 872 2123 862 2193 881 2195 881 2197 883 2275 883 2275 881 2277 881 2337 860 2435 870 2437 870 2564 858 2566 844 2564 780 2458 780 2456 780 2454 780 2451 780 2396 805 2300 805 2263 784 2255 780 2253 780 2251 780 2214 784 2101 801 2019 788 2017 788 2015 788 1955 801 1914 788 1896 784 1894 784 1892 784 1890 784 1888 784 1879 790 1863 801 1797 790 1787 790 1785 790 1783 790 1779 790 1742 805 1584 805 1562 794 1556 792 1554 792 1551 792 1529 794 1476 803 1422 801 1418 797 1394 778 1392 778 1389 778 1324 778 1322 778 1320 778 1244 799 1109 784 1107 784 1105 784 1068 801 1068 840"/></Shape>
            <String CONTENT="exemplaire par raport au mal qui est"
                    HPOS="1066"
                    VPOS="778"
                    WIDTH="1500"
                    HEIGHT="105"
                    ></String>
          </TextLine>
          <TextLine ID="eSc_line_4d49e036"
                    TAGREFS="LT8"
                    BASELINE="1061 950 2624 958" 
                    HPOS="1059"
                    VPOS="883"
                    WIDTH="1565"
                    HEIGHT="129">
            <Shape><Polygon POINTS="1061 950 1059 983 1135 987 1137 987 1139 987 1152 983 1197 971 1250 983 1260 985 1262 985 1277 983 1328 973 1367 983 1383 987 1385 987 1387 987 1426 983 1443 981 1445 983 1480 1006 1482 1006 1484 1006 1486 1008 1701 1008 1701 1006 1703 1006 1752 981 1779 969 1804 981 1814 985 1816 985 1818 985 1820 985 1838 981 1879 971 1986 981 2043 985 2046 985 2048 985 2060 981 2082 971 2103 979 2107 981 2109 981 2111 981 2128 979 2199 971 2230 979 2244 983 2246 983 2249 983 2271 979 2302 973 2312 979 2349 1010 2351 1010 2353 1010 2355 1012 2443 1012 2443 1010 2445 1010 2447 1010 2484 979 2486 977 2492 979 2538 991 2540 991 2542 991 2622 977 2624 958 2620 899 2585 907 2533 899 2472 889 2470 889 2468 889 2466 889 2449 899 2421 917 2304 917 2271 901 2251 891 2249 891 2191 887 2189 887 2187 887 2152 901 2121 913 2101 901 2078 887 2076 887 2074 887 2072 887 2070 887 2039 901 2017 913 2000 901 1980 887 1978 887 1976 887 1933 887 1931 887 1929 887 1927 887 1906 901 1898 907 1892 901 1886 897 1884 897 1882 897 1879 897 1820 903 1750 909 1740 903 1720 885 1718 885 1715 885 1677 885 1674 885 1672 885 1670 885 1646 903 1633 913 1463 913 1441 905 1375 883 1373 883 1244 883 1242 883 1240 883 1238 883 1203 905 1195 909 1061 907 1061 950"/></Shape>
            <String CONTENT="resulté de la négligence de Son devoir ; Il est"
                    HPOS="1059"
                    VPOS="883"
                    WIDTH="1565"
                    HEIGHT="129"
                    ></String>
          </TextLine>
          <TextLine ID="eSc_line_39273c4f"
                    TAGREFS="LT8"
                    BASELINE="1064 1063 2609 1073" 
                    HPOS="1061"
                    VPOS="1008"
                    WIDTH="1548"
                    HEIGHT="110">
            <Shape><Polygon POINTS="1064 1063 1061 1085 1135 1098 1137 1098 1139 1098 1141 1098 1158 1087 1166 1081 1285 1081 1297 1087 1342 1110 1344 1110 1346 1110 1445 1098 1476 1112 1478 1112 1480 1114 1572 1114 1572 1112 1574 1112 1576 1112 1611 1087 1617 1083 1648 1083 1656 1087 1672 1098 1674 1098 1677 1098 1679 1098 1711 1092 1746 1114 1748 1114 1750 1114 1752 1114 1754 1114 1845 1087 1847 1087 1849 1087 1992 1116 1994 1118 2029 1118 2029 1116 2031 1116 2033 1116 2076 1087 2078 1087 2253 1087 2259 1087 2396 1118 2398 1118 2607 1087 2609 1073 2605 1010 2462 1020 2423 1010 2421 1010 2419 1010 2417 1010 2308 1034 2273 1020 2271 1020 2269 1020 2205 1024 2181 1010 2179 1008 2177 1008 2175 1008 2173 1008 2171 1008 2162 1010 2066 1034 2033 1020 2031 1020 2029 1020 2027 1020 2025 1020 2007 1034 1865 1024 1863 1024 1763 1032 1734 1018 1732 1018 1730 1018 1670 1030 1490 1020 1488 1020 1387 1030 1367 1018 1365 1018 1363 1018 1361 1018 1359 1018 1357 1018 1342 1028 1318 1010 1316 1008 1314 1008 1312 1008 1310 1008 1064 1010 1064 1063"/></Shape>
            <String CONTENT="détenu en prison jusqu&#x27;a ce qu&#x27;il vous ait plû"
                    HPOS="1061"
                    VPOS="1008"
                    WIDTH="1548"
                    HEIGHT="110"
                    ></String>
          </TextLine>
          <TextLine ID="eSc_line_44e82b0f"
                    TAGREFS="LT8"
                    BASELINE="1068 1171 2503 1182" 
                    HPOS="1066"
                    VPOS="1108"
                    WIDTH="1437"
                    HEIGHT="115">
            <Shape><Polygon POINTS="1068 1171 1066 1188 1146 1204 1148 1204 1150 1204 1178 1190 1182 1188 1293 1190 1312 1190 1355 1217 1357 1217 1359 1217 1361 1219 1433 1219 1433 1217 1435 1217 1521 1192 1525 1192 1527 1192 1642 1219 1644 1219 1732 1202 1777 1208 1779 1208 1781 1208 1822 1194 1836 1190 1918 1190 1927 1194 1978 1221 1980 1221 1982 1223 2097 1223 2097 1221 2099 1221 2156 1196 2169 1192 2240 1196 2318 1202 2320 1202 2388 1198 2445 1194 2454 1198 2466 1208 2468 1208 2470 1208 2472 1208 2474 1208 2501 1198 2503 1182 2501 1145 2451 1145 2451 1143 2431 1126 2429 1126 2427 1126 2425 1126 2423 1126 2421 1126 2421 1128 2402 1143 2378 1143 2361 1143 2326 1116 2324 1116 2322 1116 2320 1116 2228 1128 2212 1116 2212 1114 2210 1114 2208 1114 2035 1114 2033 1114 2031 1114 2029 1114 2007 1130 1953 1114 1951 1114 1949 1114 1947 1114 1900 1139 1898 1139 1890 1139 1812 1124 1810 1124 1756 1137 1744 1139 1629 1139 1625 1135 1597 1110 1595 1110 1592 1110 1590 1110 1588 1110 1539 1135 1533 1137 1523 1135 1490 1124 1488 1124 1486 1124 1437 1133 1414 1137 1283 1133 1279 1133 1217 1108 1215 1108 1213 1108 1068 1128 1068 1171"/></Shape>
            <String CONTENT="ordonner que son procés soit fait, nous–"
                    HPOS="1066"
                    VPOS="1108"
                    WIDTH="1437"
                    HEIGHT="115"
                    ></String>
          </TextLine>
          <TextLine ID="eSc_line_b3a901ac"
                    TAGREFS="LT8"
                    BASELINE="1064 1286 2605 1296" 
                    HPOS="1061"
                    VPOS="1227"
                    WIDTH="1544"
                    HEIGHT="104">
            <Shape><Polygon POINTS="1064 1286 1061 1305 1086 1321 1088 1321 1090 1321 1092 1321 1232 1309 1334 1325 1336 1325 1338 1325 1394 1309 1457 1323 1459 1323 1592 1315 1681 1329 1683 1329 1802 1313 1875 1329 1877 1331 1961 1331 1961 1329 1964 1329 2002 1315 2021 1327 2023 1327 2025 1327 2027 1327 2029 1327 2064 1313 2265 1313 2347 1327 2349 1327 2351 1327 2353 1327 2372 1315 2603 1315 2605 1296 2605 1258 2523 1255 2499 1235 2497 1235 2495 1235 2398 1235 2396 1235 2394 1235 2359 1253 2349 1260 2314 1253 2283 1249 2281 1249 2230 1253 2177 1258 2169 1253 2160 1245 2158 1245 2156 1245 2154 1245 2119 1251 2093 1258 1908 1258 1900 1251 1892 1243 1890 1243 1888 1243 1886 1243 1884 1243 1863 1249 1853 1253 1847 1249 1826 1239 1824 1239 1822 1239 1711 1241 1683 1229 1681 1229 1521 1229 1519 1229 1517 1229 1515 1229 1490 1247 1478 1253 1385 1253 1373 1245 1361 1237 1359 1237 1357 1237 1355 1237 1316 1245 1287 1251 1262 1245 1223 1233 1221 1233 1219 1233 1156 1243 1133 1247 1127 1243 1098 1227 1096 1227 1094 1227 1092 1227 1090 1227 1064 1239 1064 1286"/></Shape>
            <String CONTENT="avons cependant pensé que comme il a ici"
                    HPOS="1061"
                    VPOS="1227"
                    WIDTH="1544"
                    HEIGHT="104"
                    ></String>
          </TextLine>
          <TextLine ID="eSc_line_aa23acec"
                    TAGREFS="LT8"
                    BASELINE="1066 1397 2609 1407" 
                    HPOS="1064"
                    VPOS="1331"
                    WIDTH="1545"
                    HEIGHT="115">
            <Shape><Polygon POINTS="1066 1397 1064 1413 1121 1436 1123 1436 1125 1438 1228 1438 1228 1436 1230 1436 1271 1419 1449 1436 1451 1436 1500 1428 1513 1438 1515 1438 1517 1438 1519 1438 1521 1438 1588 1419 1633 1438 1636 1438 1638 1438 1640 1438 1668 1421 1685 1436 1687 1436 1689 1436 1691 1438 1877 1438 1877 1436 1879 1436 1908 1421 1937 1440 1939 1440 1941 1440 1943 1440 1945 1440 1947 1440 1966 1426 2224 1423 2298 1444 2300 1444 2302 1446 2369 1446 2369 1444 2372 1444 2374 1444 2398 1426 2579 1440 2581 1440 2583 1440 2585 1440 2607 1423 2609 1407 2607 1342 2568 1344 2566 1344 2564 1344 2538 1364 2480 1354 2478 1354 2410 1366 2326 1342 2324 1342 2119 1339 2117 1339 2115 1339 2113 1339 2082 1366 2015 1366 1972 1337 1970 1337 1968 1337 1966 1337 1722 1362 1584 1362 1566 1348 1564 1348 1562 1348 1560 1348 1492 1356 1457 1335 1455 1335 1453 1335 1451 1335 1449 1335 1381 1354 1342 1339 1340 1339 1338 1339 1336 1339 1266 1360 1172 1360 1137 1333 1135 1333 1133 1333 1066 1331 1066 1397"/></Shape>
            <String CONTENT="des protecteurs qui ont du credit et que c&#x27;est"
                    HPOS="1064"
                    VPOS="1331"
                    WIDTH="1545"
                    HEIGHT="115"
                    ></String>
          </TextLine>
          <TextLine ID="eSc_line_77082e1a"
                    TAGREFS="LT8"
                    BASELINE="1068 1514 2624 1522" 
                    HPOS="1068"
                    VPOS="1448"
                    WIDTH="1556"
                    HEIGHT="115">
            <Shape><Polygon POINTS="2624 1471 2595 1456 2593 1456 2505 1456 2503 1456 2501 1456 2499 1456 2478 1471 2458 1481 2382 1481 2339 1469 2294 1456 2292 1456 2290 1456 2287 1456 2261 1467 2232 1479 2210 1469 2208 1469 2205 1469 2160 1477 2144 1464 2132 1454 2130 1454 2128 1454 2029 1454 2027 1454 1970 1460 1968 1460 1966 1460 1964 1462 1941 1479 1914 1469 1912 1469 1910 1469 1908 1469 1865 1479 1836 1460 1834 1460 1832 1460 1830 1460 1826 1460 1740 1469 1724 1458 1715 1452 1713 1452 1711 1452 1709 1452 1707 1452 1705 1452 1699 1458 1674 1475 1636 1462 1633 1462 1631 1462 1629 1462 1627 1462 1611 1475 1566 1456 1556 1452 1554 1452 1551 1452 1549 1452 1547 1452 1543 1456 1508 1477 1340 1462 1338 1462 1266 1475 1143 1464 1141 1464 1139 1464 1137 1464 1123 1475 1070 1448 1068 1514 1068 1544 1189 1536 1203 1544 1209 1551 1211 1551 1213 1551 1215 1551 1217 1551 1240 1544 1252 1542 1258 1544 1279 1557 1281 1557 1283 1559 1418 1559 1418 1557 1420 1557 1443 1544 1457 1538 1543 1544 1568 1546 1570 1546 1572 1546 1578 1544 1621 1534 1681 1538 1689 1544 1705 1559 1707 1559 1709 1559 1711 1561 1791 1561 1791 1559 1793 1559 1843 1544 1875 1536 1888 1544 1888 1546 1890 1546 1892 1546 1894 1546 1908 1544 1982 1534 2027 1544 2029 1544 2031 1544 2033 1544 2035 1544 2050 1534 2125 1544 2128 1544 2130 1544 2136 1544 2253 1536 2269 1544 2273 1546 2275 1546 2277 1546 2310 1544 2427 1536 2441 1544 2466 1563 2468 1563 2470 1563 2472 1563 2556 1544 2597 1536 2618 1544 2624 1522 2624 1471"/></Shape>
            <String CONTENT="un ancien Soldat qui joüit d&#x27;une demi solde"
                    HPOS="1068"
                    VPOS="1448"
                    WIDTH="1556"
                    HEIGHT="115"
                    ></String>
          </TextLine>
          <TextLine ID="eSc_line_3f72c066"
                    TAGREFS="LT8"
                    BASELINE="1059 1630 2599 1630" 
                    HPOS="1059"
                    VPOS="1561"
                    WIDTH="1540"
                    HEIGHT="108">
            <Shape><Polygon POINTS="1059 1630 1059 1669 1234 1669 1234 1667 1236 1667 1238 1667 1238 1665 1258 1653 1348 1657 1351 1657 1353 1657 1379 1647 1439 1659 1441 1659 1443 1659 1484 1645 1537 1655 1539 1655 1824 1647 1939 1657 2007 1661 2009 1661 2043 1655 2082 1647 2115 1653 2134 1657 2136 1657 2335 1651 2355 1651 2386 1661 2388 1661 2390 1661 2392 1661 2427 1649 2431 1649 2540 1649 2556 1649 2568 1659 2570 1659 2572 1659 2574 1659 2577 1659 2599 1647 2599 1630 2597 1585 2566 1587 2560 1585 2527 1561 2525 1561 2523 1561 2396 1561 2394 1561 2392 1561 2343 1585 2335 1589 2294 1585 2210 1577 2208 1577 2164 1585 2150 1589 2146 1587 2115 1561 2113 1561 2111 1561 2039 1561 2037 1561 2035 1561 2033 1561 2000 1587 1996 1589 1937 1587 1759 1579 1756 1579 1662 1589 1648 1589 1646 1589 1607 1561 1605 1561 1603 1561 1601 1561 1506 1577 1486 1561 1484 1561 1482 1561 1480 1561 1478 1561 1435 1573 1406 1561 1404 1561 1402 1561 1400 1561 1398 1561 1367 1581 1246 1575 1244 1575 1174 1589 1113 1567 1111 1567 1109 1567 1107 1567 1059 1589 1059 1630"/></Shape>
            <String CONTENT="qui pourroit etre accordée à la veuve, le"
                    HPOS="1059"
                    VPOS="1561"
                    WIDTH="1540"
                    HEIGHT="108"
                    ></String>
          </TextLine>
          <TextLine ID="eSc_line_4867ac2e"
                    TAGREFS="LT8"
                    BASELINE="1068 1735 2589 1741" 
                    HPOS="1068"
                    VPOS="1669"
                    WIDTH="1521"
                    HEIGHT="117">
            <Shape><Polygon POINTS="1068 1735 1068 1762 1279 1751 1299 1762 1310 1766 1312 1766 1314 1766 1474 1762 1506 1776 1508 1776 1510 1776 1513 1776 1545 1764 1572 1782 1574 1782 1576 1782 1578 1784 1631 1784 1631 1782 1633 1782 1703 1759 1705 1759 1738 1759 1853 1759 1896 1782 1898 1782 1900 1784 2009 1784 2009 1782 2011 1782 2066 1757 2072 1755 2130 1755 2136 1757 2185 1784 2187 1784 2189 1786 2265 1786 2265 1784 2267 1784 2357 1757 2400 1772 2402 1772 2404 1772 2406 1772 2441 1755 2587 1755 2589 1741 2587 1678 2499 1673 2497 1673 2495 1673 2480 1678 2415 1702 2171 1702 2140 1682 2128 1673 2125 1673 2123 1673 2080 1671 2048 1671 2046 1671 2043 1671 2021 1684 1992 1700 1943 1700 1806 1698 1771 1686 1718 1671 1715 1671 1638 1671 1636 1671 1633 1671 1601 1688 1599 1690 1597 1688 1568 1669 1566 1669 1564 1669 1562 1669 1560 1669 1558 1669 1527 1690 1523 1692 1474 1694 1467 1690 1433 1669 1430 1669 1428 1669 1392 1669 1389 1669 1387 1669 1385 1669 1351 1692 1342 1696 1314 1692 1269 1686 1266 1686 1068 1694 1068 1735"/></Shape>
            <String CONTENT="renvoie de cet homme en france pourroit"
                    HPOS="1068"
                    VPOS="1669"
                    WIDTH="1521"
                    HEIGHT="117"
                    ></String>
          </TextLine>
          <TextLine ID="eSc_line_21902837"
                    TAGREFS="LT8"
                    BASELINE="1059 1850 2572 1856" 
                    HPOS="1057"
                    VPOS="1770"
                    WIDTH="1515"
                    HEIGHT="131">
            <Shape><Polygon POINTS="1059 1850 1057 1880 1195 1899 1197 1899 1199 1899 1256 1880 1291 1868 1322 1878 1375 1899 1377 1899 1379 1901 1426 1901 1426 1899 1428 1899 1430 1899 1451 1882 1472 1899 1474 1899 1476 1899 1619 1901 1621 1901 1623 1901 1625 1901 1654 1882 1711 1891 1713 1891 1715 1891 1773 1876 1779 1874 1779 1876 1789 1884 1791 1884 1793 1884 1795 1884 1797 1884 1818 1874 1832 1868 1894 1874 2000 1887 2002 1887 2089 1872 2099 1872 2117 1872 2224 1880 2226 1880 2273 1872 2283 1870 2285 1872 2300 1882 2302 1882 2304 1882 2306 1882 2570 1868 2572 1856 2572 1815 2509 1780 2507 1780 2505 1780 2503 1780 2447 1807 2394 1774 2392 1774 2390 1774 2331 1774 2328 1774 2326 1774 2324 1774 2261 1813 2259 1815 2242 1815 2240 1813 2187 1774 2185 1774 2183 1774 2156 1774 2154 1774 2152 1774 2150 1774 2105 1813 2103 1813 2084 1813 1904 1803 1902 1803 1836 1811 1834 1811 1795 1792 1793 1792 1791 1792 1789 1792 1756 1811 1699 1772 1697 1772 1695 1772 1640 1772 1638 1772 1636 1772 1601 1788 1560 1780 1558 1780 1556 1780 1554 1780 1521 1809 1433 1809 1422 1809 1420 1809 1359 1770 1357 1770 1355 1770 1156 1770 1154 1770 1152 1770 1150 1770 1102 1807 1059 1807 1059 1850"/></Shape>
            <String CONTENT="etre une punition suffisante car si l&#x27;un fait son"
                    HPOS="1057"
                    VPOS="1770"
                    WIDTH="1515"
                    HEIGHT="131"
                    ></String>
          </TextLine>
          <TextLine ID="eSc_line_b125b665"
                    TAGREFS="LT8"
                    BASELINE="1066 1966 2564 1979" 
                    HPOS="1064"
                    VPOS="1909"
                    WIDTH="1500"
                    HEIGHT="115">
            <Shape><Polygon POINTS="1066 1966 1064 2014 1125 2016 1127 2016 1129 2016 1135 2014 1201 1989 1250 2005 1252 2005 1254 2005 1406 1985 1463 2009 1484 2018 1486 2018 1566 2020 1568 2020 1570 2020 1572 2020 1590 2007 1617 1989 1664 2005 1705 2020 1707 2020 1709 2022 1812 2022 1812 2020 1814 2020 1816 2020 1841 2003 1845 1999 1980 1989 2035 1995 2043 2001 2078 2024 2080 2024 2082 2024 2084 2024 2087 2024 2142 1999 2160 1991 2181 1999 2210 2007 2212 2007 2214 2007 2216 2007 2238 1997 2251 1991 2261 1997 2269 2003 2271 2003 2273 2003 2275 2003 2277 2003 2294 1997 2304 1993 2482 1993 2501 1993 2529 2012 2531 2012 2533 2012 2536 2012 2538 2012 2540 2012 2562 1993 2564 1979 2560 1940 2443 1940 2439 1938 2404 1919 2402 1919 2324 1919 2322 1919 2320 1919 2318 1919 2290 1938 2285 1940 2232 1940 2228 1938 2208 1923 2205 1923 2203 1923 2201 1923 2199 1923 2166 1934 2064 1915 2062 1915 1939 1930 1906 1917 1904 1917 1902 1917 1900 1917 1861 1930 1812 1917 1810 1917 1808 1917 1806 1917 1804 1917 1781 1934 1759 1923 1756 1923 1754 1923 1677 1934 1672 1934 1650 1917 1648 1917 1646 1917 1644 1917 1588 1930 1564 1919 1562 1919 1560 1919 1558 1919 1556 1919 1537 1934 1461 1934 1426 1934 1426 1932 1406 1919 1404 1919 1402 1919 1400 1919 1328 1932 1326 1932 1322 1932 1219 1909 1217 1909 1156 1921 1141 1909 1139 1909 1137 1909 1135 1909 1086 1911 1084 1911 1082 1911 1066 1923 1066 1966"/></Shape>
            <String CONTENT="procés ici il y a apparence qu&#x27;il Sera"
                    HPOS="1064"
                    VPOS="1909"
                    WIDTH="1500"
                    HEIGHT="115"
                    ></String>
          </TextLine>
          <TextLine ID="eSc_line_2714537e"
                    TAGREFS="LT8"
                    BASELINE="1055 2089 1398 2085" 
                    HPOS="1053"
                    VPOS="1999"
                    WIDTH="345"
                    HEIGHT="123">
            <Shape><Polygon POINTS="1055 2089 1057 2118 1094 2108 1117 2116 1127 2120 1129 2120 1131 2122 1189 2122 1189 2120 1191 2120 1193 2120 1193 2118 1199 2112 1205 2108 1242 2112 1320 2118 1322 2118 1396 2104 1398 2085 1396 2038 1332 2009 1330 2009 1328 2009 1326 2009 1264 2038 1219 1999 1217 1999 1215 1999 1213 1999 1162 2001 1160 2001 1158 2001 1105 2040 1053 2040 1055 2089"/></Shape>
            <String CONTENT="absous."
                    HPOS="1053"
                    VPOS="1999"
                    WIDTH="345"
                    HEIGHT="123"
                    ></String>
          </TextLine>
          <TextLine ID="eSc_line_0d242294"
                    TAGREFS="LT8"
                    BASELINE="1111 2220 2603 2233" 
                    HPOS="1109"
                    VPOS="2130"
                    WIDTH="1494"
                    HEIGHT="156">
            <Shape><Polygon POINTS="1111 2220 1109 2245 1135 2251 1137 2251 1139 2251 1141 2251 1150 2245 1166 2235 1187 2245 1205 2255 1207 2255 1209 2255 1211 2255 1238 2245 1246 2243 1252 2245 1312 2268 1314 2268 1316 2268 1318 2268 1320 2268 1351 2245 1355 2243 1359 2245 1404 2268 1406 2268 1408 2268 1410 2268 1412 2268 1439 2245 1447 2239 1513 2237 1584 2245 1685 2257 1687 2257 1773 2247 1836 2257 1838 2257 1841 2257 1875 2245 1920 2280 1923 2280 1925 2280 2134 2282 2136 2282 2138 2282 2140 2282 2181 2247 2246 2245 2292 2243 2306 2245 2324 2247 2369 2284 2372 2284 2374 2284 2376 2286 2441 2286 2441 2284 2443 2284 2445 2284 2505 2245 2601 2243 2603 2233 2603 2151 2581 2143 2579 2143 2577 2143 2574 2143 2552 2151 2495 2175 2417 2151 2388 2141 2386 2141 2384 2141 2382 2141 2351 2149 2302 2163 2283 2149 2273 2139 2271 2139 2269 2139 2103 2136 2101 2136 2099 2136 2082 2145 2043 2167 1964 2149 1961 2149 1959 2149 1912 2171 1718 2171 1703 2159 1701 2159 1699 2159 1697 2159 1615 2169 1564 2151 1562 2151 1560 2151 1558 2151 1502 2169 1375 2169 1359 2157 1357 2157 1355 2157 1353 2157 1301 2161 1266 2134 1264 2130 1262 2130 1260 2130 1258 2130 1111 2130 1111 2220"/></Shape>
            <String CONTENT="Nous Sommes avec un profond Respect"
                    HPOS="1109"
                    VPOS="2130"
                    WIDTH="1494"
                    HEIGHT="156"
                    ></String>
          </TextLine>
          <TextLine ID="eSc_line_99a79488"
                    TAGREFS="LT8"
                    BASELINE="1011 2576 1474 2612 1959 2589" 
                    HPOS="1005"
                    VPOS="2301"
                    WIDTH="951"
                    HEIGHT="369">
            <Shape><Polygon POINTS="1009 2575 1005 2636 1061 2633 1101 2652 1113 2652 1132 2636 1168 2615 1215 2615 1252 2633 1270 2646 1282 2646 1362 2612 1455 2661 1467 2661 1513 2627 1559 2661 1759 2670 1836 2618 1953 2618 1956 2587 1953 2446 1836 2443 1688 2305 1688 2301 1433 2301 1258 2437 1221 2437 1110 2363 1098 2363 1009 2400 1009 2575"/></Shape>
            <String CONTENT="Monseigneur"
                    HPOS="1005"
                    VPOS="2301"
                    WIDTH="951"
                    HEIGHT="369"
                    ></String>
          </TextLine>
          <TextLine ID="eSc_line_531d8f46"
                    TAGREFS="LT8"
                    BASELINE="1892 2901 2609 2897" 
                    HPOS="1890"
                    VPOS="2365"
                    WIDTH="719"
                    HEIGHT="573">
            <Shape><Polygon POINTS="2574 2809 2572 2809 2570 2809 2497 2823 2464 2796 2464 2794 2462 2794 2460 2794 2369 2794 2367 2794 2365 2794 2363 2794 2363 2796 2333 2827 2316 2827 2281 2796 2281 2794 2279 2794 2277 2794 2246 2794 2244 2794 2242 2794 2185 2827 2181 2829 2144 2829 2142 2827 2119 2806 2119 2804 2117 2804 2115 2804 2113 2804 2111 2804 2109 2804 2074 2827 2027 2827 2106 2714 2309 2365 2189 2459 2083 2593 2034 2577 1995 2550 1945 2629 1905 2635 1890 2829 1892 2901 1892 2938 1945 2936 1947 2936 2000 2913 2011 2923 2013 2923 2015 2923 2017 2923 2019 2923 2021 2923 2021 2921 2035 2909 2175 2925 2177 2925 2341 2907 2394 2919 2396 2919 2398 2919 2400 2919 2419 2911 2449 2927 2458 2931 2460 2931 2462 2931 2464 2931 2466 2931 2470 2927 2492 2911 2605 2923 2609 2897 2607 2841 2599 2821"/></Shape>
            <String CONTENT="Vostres humbles et trés"
                    HPOS="1890"
                    VPOS="2365"
                    WIDTH="719"
                    HEIGHT="573"
                    ></String>
          </TextLine>
          <TextLine ID="eSc_line_e89a2120"
                    TAGREFS="LT8"
                    BASELINE="1857 2979 2595 2985" 
                    HPOS="1855"
                    VPOS="2913"
                    WIDTH="740"
                    HEIGHT="92">
            <Shape><Polygon POINTS="1857 2979 1855 3005 2593 3005 2595 2985 2595 2921 2447 2915 2445 2915 2443 2915 2408 2923 2380 2931 2369 2925 2351 2913 2349 2913 2347 2913 2345 2913 2249 2923 2222 2913 2220 2913 2218 2913 2216 2913 2214 2913 2191 2927 2183 2934 2125 2938 2103 2929 2095 2927 2093 2927 2091 2927 2054 2931 2011 2936 2005 2931 1990 2923 1988 2923 1986 2923 1984 2923 1982 2923 1980 2923 1970 2934 1966 2938 1900 2938 1898 2934 1890 2927 1890 2925 1888 2925 1886 2925 1884 2925 1882 2925 1857 2934 1857 2979"/></Shape>
            <String CONTENT="obeissants Serviteurs"
                    HPOS="1855"
                    VPOS="2913"
                    WIDTH="740"
                    HEIGHT="92"
                    ></String>
          </TextLine>
          <TextLine ID="eSc_line_2c9ed5bd"
                    TAGREFS="LT8"
                    BASELINE="1677 3091 2007 3097" 
                    HPOS="1674"
                    VPOS="3011"
                    WIDTH="333"
                    HEIGHT="125">
            <Shape><Polygon POINTS="1677 3091 1674 3128 1853 3108 1890 3120 1933 3136 1935 3136 1937 3136 1939 3136 1941 3136 1964 3116 1972 3112 2002 3114 2007 3097 2007 3048 1955 3032 1953 3032 1951 3032 1949 3032 1947 3032 1929 3044 1923 3046 1851 3046 1845 3038 1826 3022 1826 3020 1824 3020 1822 3020 1785 3011 1724 3011 1722 3011 1720 3011 1677 3028 1677 3091"/></Shape>
            <String CONTENT="Fiédmond"
                    HPOS="1674"
                    VPOS="3011"
                    WIDTH="333"
                    HEIGHT="125"
                    ></String>
          </TextLine>
          <TextLine ID="eSc_line_3b8aac7f"
                    TAGREFS="LT8"
                    BASELINE="2099 3106 2470 3112" 
                    HPOS="2097"
                    VPOS="3028"
                    WIDTH="373"
                    HEIGHT="129">
            <Shape><Polygon POINTS="2099 3106 2097 3151 2203 3153 2205 3153 2208 3153 2224 3147 2249 3136 2267 3145 2277 3149 2279 3149 2281 3149 2283 3149 2285 3149 2290 3145 2304 3134 2343 3134 2367 3140 2421 3157 2423 3157 2425 3157 2427 3157 2468 3136 2470 3112 2470 3067 2413 3067 2413 3065 2376 3034 2376 3032 2374 3032 2372 3032 2369 3032 2263 3050 2228 3028 2226 3028 2224 3028 2175 3028 2173 3028 2171 3028 2169 3028 2123 3061 2121 3061 2099 3061 2099 3106"/></Shape>
            <String CONTENT="Préville"
                    HPOS="2097"
                    VPOS="3028"
                    WIDTH="373"
                    HEIGHT="129"
                    ></String>
          </TextLine>
        </TextBlock>
      </PrintSpace>
    </Page>
  </Layout>
</alto>
