3200 3560
1048 379 1542 129 seroit passé outre à la publication des bancs

1042 526 1198 110 et à la célebration du Mariage.

779 674 1702 121 N^a Cette procedure si precipitée se faisoit à la Veille de la

827 793 1763 114 Sceance du Con^el Superieur qui devoit commencer le 2. de Janvier

823 909 1361 111 Qu'il sembloit qu'on prenoit a tache de prevenir.

1017 1030 1547 136 Le Procureur gnãl ayant fait sa remontrance

1038 1170 1503 163 au Con^el Superieur et jnterjetté d'Office appel

1033 1317 1527 130 de la sentence en ce qui concernoit l'execution

1027 1469 1525 136 provisoire, et demandé qu'il fut fait deffenses

1031 1629 1500 121 au Curé de passer outre jusqu'à ce qu'il eut

1035 1766 1357 130 esté statué sur l'appel du Curateur, Il

1025 1928 1314 113 jntervint Arrest conforme à son–

585 2068 960 113 2. Janvier 1730. requisitoire.

1046 2223 1469 126 Cette precaution fut jnutile, l'ordonnance

1013 2363 1528 134 du Juge du 31. Decembre ayant esté signiffiée

1015 2513 1470 133 au Curé le même jour, jl publia les bancs

1009 2670 1508 150 le premier Janvier, mais la publication–

1015 2828 1553 146 n'en fut point Faite au Domicile du Curateur
