3200 3824
862 320 1713 177 La meriter pour vous prouver Combien J'ay Lhonneur d'Estre

883 505 1698 104 avec une parfaitte Estime Monsieur Et tres Chere oncle–

873 607 1661 128 Vostre tres humble et très obeissant serviteur signé à –

881 737 1607 114 Loriginal Chery de la Chaussée ce vint sept Juin mil

879 828 1645 157 sept cent vingt neuf Et dans lad. lettre est jnclus Lecrit

896 968 332 87 qui suit.

940 1049 1524 108 Comme curateur de Mademoiselle francoise michel Et

877 1140 1583 119 ayant souhaité de sétablir avec Monsieur Lamure,

896 1255 1547 123 a Cet Effet Je Luy donne mon Consentement pour faire

888 1370 1600 125 Publier ses bans aussytost quelle souhaittera pour

900 1470 1539 127 son mariage, fait au Prescheur le vingt sept Juin

903 1580 1570 130 mil sept Cent vingt neuf, signé a l'original Cherry–

920 1688 1597 122 La Chaussée, et sur la suscription de lad. lettre Est

911 1820 1619 106 Ecrit a Monsieur Monsieur Du Bois secretaire du Roy

913 1916 1579 129 Maison couronne de france et de ses finances sur

934 2060 850 100 ses terres a la Bassepointe.

890 2243 1617 117 J'ay recue ma Chere soeure la Vostre par laquelle

917 2351 1573 119 Japprend aux ban de la Joye Vostre Etablissement

913 2477 1596 99 avec Monsieur la Mure, Cela me fait un veritable –

905 2570 1555 104 plaisir, Et je vous en fait mon Compliment ; Je vous

896 2681 1604 85 souhaite bien du Consentement dans vostre mariage ;

883 2770 1639 108 quand a mon agrément que vous me demandez, Cest

903 2876 1640 106 peu de Chose Il vous est tout acquit, Et je croist que

905 2991 1680 117 vous ne pouviez pas mieux faire ; Je vous prie dassurer

843 3101 1730 100 de mon Respect a mon oncle. Et suis très veritablement

898 3199 1677 117 ma Chere sœure vostre trés humble servante signé à –

883 3326 1651 113 loriginal marie Roze michel, ce vingt neuf Juin mil sept

314 1077 586 89 Consentement du S^r de la

325 1164 510 100 Chaussée du 27 Juin

329 1255 134 108 1729.

318 2149 593 130 Lettre de dem^lle Marie Roze

322 2254 568 112 Michel a dem^lle michel

320 2336 489 90 chez m^r Dubois

322 2411 396 125 du 29 Juin 1729
