2848 3688
1032 545 1457 104 meritent. En consequence nous esperons–

1026 665 1481 101 que dans ces cas importants vous aprouverez

1036 766 1434 121 les actes d'affranchissements que nous–

1034 887 1404 100 accordons aux services essentiels que

1038 983 1400 109 viennent de rendre les N^és andré Et

1040 1100 1471 114 Toussaint conformement à votre dépêche du

1038 1208 1461 146 3. 7.^bre 1776. Les Gratifications promises

1040 1333 1488 140 en argent à ces mêmes affranchis pour les

1042 1450 1490 109 équipements et aux autres esclaves qui ont

1036 1548 1455 130 contribués à la destruction des fugitifs et

1042 1663 1490 127 aux quatre habitants qui les ont fusillés

1044 1786 1441 109 et assommés n'excedent pas 800^lt –

1038 1895 1441 94 Si les maitres ⟦se⟧ consultoient bien leurs

1046 2012 1433 102 interêts et ceux de leurs concitoyens, ils

1051 2118 1493 133 verroient que la tranquillité de leurs propriétés

1046 2239 1478 123 dependent en partie des affranchissements

1046 2354 1496 102 de leur meilleurs Sujets. Ils ne Sont pas

1044 2460 1506 119 aussi difficiles a solliciter, même gratis, la

1030 2573 1504 123 Liberté des négresses ou mulatresses qui

1051 2686 1491 114 ne peuvent rendre aucun Service utile au bon

1057 2790 1227 113 ordre et à la Sureté de la Colonie.

1167 2899 1390 131 M de fiedmond croit que la punition de

1061 3002 1547 157 la négligence du Geolier, qui avoit tiré des
