3888 3232
466 441 968 101 Remis pour M. le Duc

474 538 1068 131 de Montpezast. rue princesse

1964 436 1673 148 A Monseigneur le Marquis de Castries

2020 533 1632 131 Ministre et Secretaire d'Etat au Departement de la

2038 669 359 74 Marine–

864 808 817 183 Monseigneur–

2932 761 587 122 M. Vl. 21 8^bre

3481 829 99 94 n"

989 1115 2676 181 L'eveque de Vaison, et les administrateurs de l'hopital général du lieu de Puymeras au comtat Venaissin–

1003 1185 2665 174 ont l'honneur de Representer trés humblement à Votre Grandeur Que Jean pierre Jullien natif de Puymeras

1002 1253 2654 178 qui à été assassiné à la Grenade en 1775. avoit disposé de ses biens en faveur de l'hopital général dud. lieu par

1003 1310 2646 196 un Testament olographe du 28 mars 1757 Deposé chez m^e le Vacher no^re à Saint pierre de la Martinique en–

989 1368 2615 230 partant de cette isle pour aller recueillir vne Succession à celle de la Grenade. son Testament a été veriffié et–

980 1429 2658 224 Enregistré au greffe de S^t pierre de la martinique le 21 fevrier 1776, on sçait posirtivement qu'il y à un depot

980 1495 2656 228 au Greffe de la Grenade d'environ 1400 mordées ou piéces portugaises que l'activtié du magistrat Trouva chez lui le–

982 1553 2659 246 jour même de l'assassinat: il y à d'ailleurs des biens, effets, et papiers à S^t pierre de la Martinique qui avoit été le principal

976 1632 2667 233 Sejour de Jean pierre Jullien. depuis l'envoy fait aux Supliants d'un extrait en forme de Testament & de procedures faittes

973 1677 2670 253 en Consequence, ils ont envoyé des pouvoirs sur les lieux, ils n'ont pû aprendre ni l'objet et l'etat de la Succession, ni l'usage

976 1738 2653 249 qu'on à fait de leurs pouvoirs: en vain en fourniroient ils encore des Nouveaux, si Votre Grandeur ne Daigne leur–

967 1786 2664 266 Procurer Entre les mains de M. Reymond avocat en Parlement resident à Paris cloitre S^t Germain l'auxerrois qui est

975 1856 2659 260 le Correspondant des Supliants, des lettres à M.M. des Gouverneur Et Commendant tout dans l'Isle de la Grenade que–

971 1903 2669 280 dans celle S^t Pierre de la martinique de Protéger, seconder de leur autorité, et favoriser par leur vigilance, le recouvrements

958 1967 2673 273 Et liquidation de la Succession dud. S^r Jullien, et l'Envoy en france des fonds qui en pouvront provenir; et Dont les–

958 2028 2664 281 Pauvres Et les malheureux de cette Contrée ont Si Grand Besoin; c'est cette Grace Que les Supliants osent Esperer de Votre

960 2090 2628 262 Equité, et de Votre Bienfaisance, en offrant au Ciel leurs Vœux & priéres pour la Santé et Prosperité de Votre

964 2340 469 92 Grandeur–

1500 2281 547 191 Reymond avocat

220 2221 582 256 Fait à Paris ce 20. 8^bre 1782
