<?xml version="1.0" encoding="UTF-8"?>
<alto xmlns:xsi="http://www.w3.org/2001/XMLSchema-instance"
      xmlns="http://www.loc.gov/standards/alto/ns-v4#"
      xsi:schemaLocation="http://www.loc.gov/standards/alto/ns-v4# http://www.loc.gov/standards/alto/v4/alto-4-2.xsd">
  <Description>
    <MeasurementUnit>pixel</MeasurementUnit>
    <sourceImageInformation>
      <fileName>FRCAOM06_COLE_241479A_0541.jpg</fileName>
    </sourceImageInformation>
  </Description>
  <Tags>
    <OtherTag ID="QZ7" LABEL="CustomZone" DESCRIPTION="block type CustomZone"/><OtherTag ID="QZ8" LABEL="DamageZone" DESCRIPTION="block type DamageZone"/><OtherTag ID="QZ9" LABEL="DigitizationArtefactZone" DESCRIPTION="block type DigitizationArtefactZone"/><OtherTag ID="QZ10" LABEL="DropCapitalZone" DESCRIPTION="block type DropCapitalZone"/><OtherTag ID="QZ11" LABEL="GraphicZone" DESCRIPTION="block type GraphicZone"/><OtherTag ID="QZ12" LABEL="MainZone" DESCRIPTION="block type MainZone"/><OtherTag ID="QZ13" LABEL="MarginTextZone" DESCRIPTION="block type MarginTextZone"/><OtherTag ID="QZ14" LABEL="MusicZone" DESCRIPTION="block type MusicZone"/><OtherTag ID="QZ15" LABEL="NumberingZone" DESCRIPTION="block type NumberingZone"/><OtherTag ID="QZ17" LABEL="QuireMarksZone" DESCRIPTION="block type QuireMarksZone"/><OtherTag ID="QZ18" LABEL="RunningTitleZone" DESCRIPTION="block type RunningTitleZone"/><OtherTag ID="QZ19" LABEL="SealZone" DESCRIPTION="block type SealZone"/><OtherTag ID="QZ20" LABEL="StampZone" DESCRIPTION="block type StampZone"/><OtherTag ID="QZ21" LABEL="TableZone" DESCRIPTION="block type TableZone"/><OtherTag ID="QZ22" LABEL="TitlePageZone" DESCRIPTION="block type TitlePageZone"/>
    <OtherTag ID="LT7" LABEL="CustomLine" DESCRIPTION="line type CustomLine"/><OtherTag ID="LT8" LABEL="DefaultLine" DESCRIPTION="line type DefaultLine"/><OtherTag ID="LT9" LABEL="DropCapitalLine" DESCRIPTION="line type DropCapitalLine"/><OtherTag ID="LT10" LABEL="HeadingLine" DESCRIPTION="line type HeadingLine"/><OtherTag ID="LT11" LABEL="InterlinearLine" DESCRIPTION="line type InterlinearLine"/><OtherTag ID="LT12" LABEL="MusicLine" DESCRIPTION="line type MusicLine"/>
  </Tags>
  <Layout>
    <Page WIDTH="3200"
          HEIGHT="4128"
          PHYSICAL_IMG_NR="26"
          ID="eSc_dummypage_">
      <PrintSpace HPOS="0"
                  VPOS="0"
                  WIDTH="3200"
                  HEIGHT="4128">
        <TextBlock HPOS="40"
                   VPOS="432"
                   WIDTH="569"
                   HEIGHT="2722"
                   ID="eSc_textblock_a202124b"
                   TAGREFS="QZ9">
          <Shape><Polygon POINTS="609 3154 594 447 40 432 40 3154"/></Shape>
          <TextLine ID="eSc_line_77bea7e6"
                    TAGREFS="LT8"
                    BASELINE="50 554 513 536" 
                    HPOS="50"
                    VPOS="483"
                    WIDTH="463"
                    HEIGHT="104">
            <Shape><Polygon POINTS="50 554 50 587 151 568 194 577 208 580 211 580 277 571 346 561 364 564 438 573 440 573 442 573 513 550 513 536 509 483 277 511 236 506 107 488 105 488 103 488 59 511 50 554"/></Shape>
            <String CONTENT=""
                    HPOS="50"
                    VPOS="483"
                    WIDTH="463"
                    HEIGHT="104"
                    ></String>
          </TextLine>
          <TextLine ID="eSc_line_4e4f0e10"
                    TAGREFS="LT8"
                    BASELINE="73 678 552 658" 
                    HPOS="68"
                    VPOS="591"
                    WIDTH="484"
                    HEIGHT="147">
            <Shape><Polygon POINTS="73 678 73 690 107 697 155 738 158 738 160 738 162 738 231 736 233 736 236 736 272 708 309 731 311 731 314 731 316 731 318 731 321 731 321 729 376 678 428 690 431 690 433 690 458 676 479 692 481 692 484 692 486 692 488 692 552 667 552 658 545 619 428 621 417 614 394 593 392 593 389 593 348 591 346 591 344 591 341 591 341 593 339 593 325 612 311 628 295 628 277 610 263 598 263 596 261 596 259 596 229 596 227 596 224 596 197 607 142 632 107 605 105 603 103 603 100 603 98 603 68 603 73 678"/></Shape>
            <String CONTENT=""
                    HPOS="68"
                    VPOS="591"
                    WIDTH="484"
                    HEIGHT="147"
                    ></String>
          </TextLine>
          <TextLine ID="eSc_line_9bbc3272"
                    TAGREFS="LT8"
                    BASELINE="50 814 559 795" 
                    HPOS="50"
                    VPOS="733"
                    WIDTH="509"
                    HEIGHT="115">
            <Shape><Polygon POINTS="50 814 50 848 204 827 284 832 302 832 305 832 307 832 309 832 311 830 325 818 341 827 357 834 360 834 362 834 431 821 451 816 463 816 532 825 534 825 536 825 539 825 559 809 559 795 555 738 536 733 534 733 532 733 529 733 527 733 513 743 479 768 415 768 401 752 394 747 394 745 392 745 389 745 387 745 385 745 360 756 323 770 284 770 277 763 263 749 263 747 261 747 259 747 256 747 254 747 252 747 252 749 236 765 227 775 172 775 169 770 146 749 146 747 144 747 142 747 139 747 71 749 68 749 66 749 66 752 64 752 50 763 50 814"/></Shape>
            <String CONTENT=""
                    HPOS="50"
                    VPOS="733"
                    WIDTH="509"
                    HEIGHT="115"
                    ></String>
          </TextLine>
          <TextLine ID="eSc_line_b9b33245"
                    TAGREFS="LT8"
                    BASELINE="50 949 587 928" 
                    HPOS="50"
                    VPOS="869"
                    WIDTH="537"
                    HEIGHT="101">
            <Shape><Polygon POINTS="50 949 50 970 584 940 587 928 582 869 534 869 532 869 529 869 527 869 527 871 525 871 525 873 506 894 433 887 431 887 428 887 406 898 369 887 350 880 348 880 346 880 289 894 233 905 217 898 183 882 181 882 178 882 137 885 135 885 52 910 50 949"/></Shape>
            <String CONTENT=""
                    HPOS="50"
                    VPOS="869"
                    WIDTH="537"
                    HEIGHT="101"
                    ></String>
          </TextLine>
          <TextLine ID="eSc_line_5c10fb2e"
                    TAGREFS="LT8"
                    BASELINE="64 1087 584 1064" 
                    HPOS="61"
                    VPOS="1006"
                    WIDTH="523"
                    HEIGHT="115">
            <Shape><Polygon POINTS="64 1087 64 1107 107 1121 110 1121 112 1121 114 1121 116 1121 137 1105 197 1109 199 1109 201 1109 229 1098 243 1093 252 1098 293 1114 295 1114 298 1114 373 1112 376 1112 440 1087 449 1082 584 1077 584 1064 580 1032 424 1006 422 1006 387 1009 385 1009 383 1009 383 1011 353 1036 346 1043 316 1043 307 1038 272 1013 270 1013 268 1013 266 1013 263 1013 261 1013 231 1041 222 1045 61 1045 64 1087"/></Shape>
            <String CONTENT=""
                    HPOS="61"
                    VPOS="1006"
                    WIDTH="523"
                    HEIGHT="115"
                    ></String>
          </TextLine>
          <TextLine ID="eSc_line_9103919d"
                    TAGREFS="LT8"
                    BASELINE="68 1226 601 1204" 
                    HPOS="66"
                    VPOS="1135"
                    WIDTH="535"
                    HEIGHT="135">
            <Shape><Polygon POINTS="68 1226 68 1245 176 1247 199 1268 199 1270 201 1270 204 1270 206 1270 208 1270 323 1236 353 1263 355 1263 357 1263 360 1265 387 1265 387 1263 435 1261 438 1261 440 1261 495 1226 497 1224 601 1220 601 1204 596 1169 545 1169 495 1135 493 1135 490 1135 488 1135 438 1137 435 1137 433 1137 433 1139 431 1139 424 1151 353 1142 350 1142 348 1142 346 1142 302 1181 208 1183 178 1158 176 1158 174 1158 172 1158 169 1158 66 1187 68 1226"/></Shape>
            <String CONTENT=""
                    HPOS="66"
                    VPOS="1135"
                    WIDTH="535"
                    HEIGHT="135"
                    ></String>
          </TextLine>
          <TextLine ID="eSc_line_aa26c71d"
                    TAGREFS="LT8"
                    BASELINE="48 1364 555 1346" 
                    HPOS="45"
                    VPOS="1309"
                    WIDTH="510"
                    HEIGHT="83">
            <Shape><Polygon POINTS="48 1364 48 1392 555 1364 555 1346 550 1311 286 1309 284 1309 215 1316 84 1327 45 1318 48 1364"/></Shape>
            <String CONTENT=""
                    HPOS="45"
                    VPOS="1309"
                    WIDTH="510"
                    HEIGHT="83"
                    ></String>
          </TextLine>
          <TextLine ID="eSc_line_2327191e"
                    TAGREFS="LT8"
                    BASELINE="45 1499 495 1483" 
                    HPOS="43"
                    VPOS="1435"
                    WIDTH="452"
                    HEIGHT="110">
            <Shape><Polygon POINTS="45 1499 45 1545 87 1545 87 1543 89 1543 91 1543 91 1541 94 1538 112 1518 178 1513 227 1525 270 1536 272 1536 275 1536 277 1536 279 1536 279 1534 300 1518 305 1511 495 1495 495 1483 488 1447 240 1456 227 1442 220 1437 220 1435 217 1435 215 1435 213 1435 211 1435 208 1435 197 1442 174 1456 160 1442 155 1440 155 1437 153 1437 151 1437 149 1437 43 1440 45 1499"/></Shape>
            <String CONTENT=""
                    HPOS="43"
                    VPOS="1435"
                    WIDTH="452"
                    HEIGHT="110"
                    ></String>
          </TextLine>
          <TextLine ID="eSc_line_cb3066f5"
                    TAGREFS="LT8"
                    BASELINE="55 1642 564 1616" 
                    HPOS="55"
                    VPOS="1541"
                    WIDTH="509"
                    HEIGHT="149">
            <Shape><Polygon POINTS="55 1642 57 1690 116 1687 119 1687 121 1687 128 1683 176 1648 215 1671 236 1683 238 1683 240 1683 286 1681 289 1681 291 1681 291 1678 311 1660 321 1648 431 1635 447 1644 461 1651 463 1651 465 1651 564 1628 564 1616 559 1545 520 1541 518 1541 516 1541 513 1541 502 1552 467 1575 403 1570 396 1564 383 1552 383 1550 380 1550 378 1550 376 1550 300 1552 298 1552 295 1552 295 1554 293 1554 272 1577 268 1586 256 1580 222 1564 220 1564 217 1564 215 1564 213 1564 213 1566 192 1586 183 1598 57 1603 55 1642"/></Shape>
            <String CONTENT=""
                    HPOS="55"
                    VPOS="1541"
                    WIDTH="509"
                    HEIGHT="149"
                    ></String>
          </TextLine>
          <TextLine ID="eSc_line_c1d1af28"
                    TAGREFS="LT8"
                    BASELINE="61 1779 545 1758" 
                    HPOS="59"
                    VPOS="1690"
                    WIDTH="486"
                    HEIGHT="124">
            <Shape><Polygon POINTS="61 1779 64 1809 119 1795 142 1804 160 1811 162 1811 165 1811 167 1811 188 1800 204 1793 217 1800 252 1814 254 1814 256 1814 330 1811 332 1811 334 1811 369 1788 383 1779 408 1786 428 1791 431 1791 433 1791 543 1775 545 1758 541 1694 525 1690 523 1690 520 1690 518 1690 516 1690 504 1699 477 1722 378 1724 350 1713 321 1699 318 1699 316 1699 229 1701 227 1701 224 1701 224 1703 204 1724 199 1731 190 1726 172 1717 169 1717 167 1717 59 1736 61 1779"/></Shape>
            <String CONTENT=""
                    HPOS="59"
                    VPOS="1690"
                    WIDTH="486"
                    HEIGHT="124"
                    ></String>
          </TextLine>
          <TextLine ID="eSc_line_5a7aea7c"
                    TAGREFS="LT8"
                    BASELINE="75 1919 461 1905" 
                    HPOS="73"
                    VPOS="1857"
                    WIDTH="388"
                    HEIGHT="78">
            <Shape><Polygon POINTS="75 1919 75 1935 461 1924 461 1905 456 1869 328 1857 325 1857 73 1880 75 1919"/></Shape>
            <String CONTENT=""
                    HPOS="73"
                    VPOS="1857"
                    WIDTH="388"
                    HEIGHT="78"
                    ></String>
          </TextLine>
          <TextLine ID="eSc_line_b0db5b23"
                    TAGREFS="LT8"
                    BASELINE="71 2054 617 2036" 
                    HPOS="68"
                    VPOS="1969"
                    WIDTH="549"
                    HEIGHT="99">
            <Shape><Polygon POINTS="71 2054 71 2068 617 2052 617 2036 610 1969 497 1981 495 1981 493 1981 493 1983 474 1999 401 1988 399 1988 396 1988 394 1988 348 2004 325 1992 300 1981 298 1981 295 1981 293 1981 291 1981 261 1999 243 2011 169 2011 162 2008 149 1997 146 1997 144 1997 142 1997 139 1997 68 2015 71 2054"/></Shape>
            <String CONTENT=""
                    HPOS="68"
                    VPOS="1969"
                    WIDTH="549"
                    HEIGHT="99"
                    ></String>
          </TextLine>
          <TextLine ID="eSc_line_73c0fef7"
                    TAGREFS="LT8"
                    BASELINE="48 2190 472 2174" 
                    HPOS="45"
                    VPOS="2128"
                    WIDTH="427"
                    HEIGHT="91">
            <Shape><Polygon POINTS="48 2190 48 2219 289 2199 328 2201 403 2208 406 2208 408 2208 410 2208 410 2206 412 2206 422 2194 424 2192 470 2192 472 2174 465 2128 261 2148 45 2144 48 2190"/></Shape>
            <String CONTENT=""
                    HPOS="45"
                    VPOS="2128"
                    WIDTH="427"
                    HEIGHT="91"
                    ></String>
          </TextLine>
          <TextLine ID="eSc_line_3c1aa64b"
                    TAGREFS="LT8"
                    BASELINE="48 2323 617 2304" 
                    HPOS="45"
                    VPOS="2249"
                    WIDTH="572"
                    HEIGHT="106">
            <Shape><Polygon POINTS="48 2323 50 2355 77 2343 96 2352 100 2355 103 2355 105 2355 332 2339 422 2334 426 2334 463 2343 465 2343 467 2343 617 2323 617 2304 610 2263 541 2270 516 2263 479 2249 477 2249 474 2249 472 2249 470 2249 470 2252 456 2263 449 2270 252 2279 224 2263 220 2258 217 2258 215 2258 165 2258 162 2258 160 2258 151 2263 110 2279 45 2263 48 2323"/></Shape>
            <String CONTENT=""
                    HPOS="45"
                    VPOS="2249"
                    WIDTH="572"
                    HEIGHT="106"
                    ></String>
          </TextLine>
          <TextLine ID="eSc_line_85bbf121"
                    TAGREFS="LT8"
                    BASELINE="66 2465 584 2449" 
                    HPOS="64"
                    VPOS="2389"
                    WIDTH="520"
                    HEIGHT="99">
            <Shape><Polygon POINTS="66 2465 66 2479 284 2488 286 2488 289 2488 291 2488 291 2485 293 2485 302 2474 339 2485 341 2485 344 2485 584 2463 584 2449 582 2414 509 2389 506 2389 504 2389 431 2391 428 2391 426 2391 392 2414 389 2417 387 2414 364 2398 362 2398 360 2398 357 2398 355 2398 302 2414 279 2424 162 2424 151 2417 137 2403 135 2403 133 2403 130 2403 128 2403 126 2403 105 2417 89 2426 64 2417 66 2465"/></Shape>
            <String CONTENT=""
                    HPOS="64"
                    VPOS="2389"
                    WIDTH="520"
                    HEIGHT="99"
                    ></String>
          </TextLine>
          <TextLine ID="eSc_line_a600603e"
                    TAGREFS="LT8"
                    BASELINE="61 2596 623 2577" 
                    HPOS="59"
                    VPOS="2511"
                    WIDTH="564"
                    HEIGHT="151">
            <Shape><Polygon POINTS="61 2596 68 2657 110 2623 149 2651 165 2662 167 2662 169 2662 172 2662 272 2660 275 2660 277 2660 314 2632 344 2612 378 2628 440 2653 442 2653 445 2653 447 2653 449 2653 449 2651 486 2616 493 2607 623 2600 623 2577 619 2545 550 2541 523 2513 523 2511 520 2511 518 2511 481 2511 479 2511 387 2515 385 2515 383 2515 339 2550 332 2557 318 2552 298 2543 295 2543 293 2543 291 2543 289 2543 275 2552 261 2559 59 2559 61 2596"/></Shape>
            <String CONTENT=""
                    HPOS="59"
                    VPOS="2511"
                    WIDTH="564"
                    HEIGHT="151"
                    ></String>
          </TextLine>
          <TextLine ID="eSc_line_d188d7d1"
                    TAGREFS="LT8"
                    BASELINE="55 2731 513 2722" 
                    HPOS="55"
                    VPOS="2678"
                    WIDTH="458"
                    HEIGHT="83">
            <Shape><Polygon POINTS="55 2731 55 2761 348 2761 348 2758 511 2740 513 2722 506 2678 57 2696 55 2731"/></Shape>
            <String CONTENT=""
                    HPOS="55"
                    VPOS="2678"
                    WIDTH="458"
                    HEIGHT="83"
                    ></String>
          </TextLine>
          <TextLine ID="eSc_line_37f03377"
                    TAGREFS="LT8"
                    BASELINE="87 2873 653 2852" 
                    HPOS="84"
                    VPOS="2793"
                    WIDTH="569"
                    HEIGHT="117">
            <Shape><Polygon POINTS="87 2873 87 2910 139 2910 139 2907 142 2907 144 2907 149 2905 172 2889 222 2898 245 2903 247 2903 250 2903 270 2896 307 2882 318 2894 323 2896 323 2898 325 2898 328 2898 330 2901 376 2901 376 2898 378 2898 401 2887 410 2882 438 2885 516 2891 518 2891 520 2891 523 2891 541 2878 550 2871 653 2868 653 2852 646 2818 584 2818 534 2793 532 2793 529 2793 422 2813 364 2804 362 2804 360 2804 357 2804 357 2807 337 2825 334 2827 316 2827 222 2818 220 2818 84 2832 87 2873"/></Shape>
            <String CONTENT=""
                    HPOS="84"
                    VPOS="2793"
                    WIDTH="569"
                    HEIGHT="117"
                    ></String>
          </TextLine>
          <TextLine ID="eSc_line_c3bc1dcc"
                    TAGREFS="LT8"
                    BASELINE="52 3006 587 2988" 
                    HPOS="50"
                    VPOS="2940"
                    WIDTH="537"
                    HEIGHT="98">
            <Shape><Polygon POINTS="52 3006 52 3029 181 3038 183 3038 337 3015 344 3015 380 3031 383 3031 385 3031 387 3031 445 3011 463 3020 465 3020 467 3020 587 3001 587 2988 582 2958 548 2958 548 2956 532 2942 532 2940 529 2940 527 2940 525 2940 523 2940 520 2940 520 2942 504 2956 502 2960 447 2960 438 2956 410 2940 408 2940 406 2940 403 2940 360 2942 357 2942 328 2956 307 2965 50 2956 52 3006"/></Shape>
            <String CONTENT=""
                    HPOS="50"
                    VPOS="2940"
                    WIDTH="537"
                    HEIGHT="98"
                    ></String>
          </TextLine>
          <TextLine ID="eSc_line_3ce254e3"
                    TAGREFS="LT8"
                    BASELINE="61 3132 568 3112" 
                    HPOS="57"
                    VPOS="3063"
                    WIDTH="511"
                    HEIGHT="138">
            <Shape><Polygon POINTS="61 3132 61 3160 116 3160 174 3201 176 3201 178 3201 181 3201 263 3199 266 3199 268 3199 305 3171 337 3196 339 3196 341 3196 344 3196 346 3196 348 3196 422 3141 500 3146 502 3146 568 3130 568 3112 564 3063 465 3063 463 3063 461 3063 449 3068 410 3079 364 3070 348 3068 346 3068 344 3068 341 3068 341 3070 339 3070 325 3086 277 3086 57 3084 61 3132"/></Shape>
            <String CONTENT=""
                    HPOS="57"
                    VPOS="3063"
                    WIDTH="511"
                    HEIGHT="138"
                    ></String>
          </TextLine>
        </TextBlock>
        <TextBlock HPOS="579"
                   VPOS="847"
                   WIDTH="646"
                   HEIGHT="132"
                   ID="eSc_textblock_4d74689a"
                   TAGREFS="QZ13">
          <Shape><Polygon POINTS="1225 979 1225 847 579 847 579 979"/></Shape>
          <TextLine ID="eSc_line_b387db6f"
                    TAGREFS="LT8"
                    BASELINE="642 933 1185 901" 
                    HPOS="637"
                    VPOS="843"
                    WIDTH="549"
                    HEIGHT="133">
            <Shape><Polygon POINTS="642 933 637 892 672 892 706 862 715 862 784 882 853 862 860 862 894 876 972 873 1025 871 1025 869 1105 843 1110 843 1181 849 1186 922 1151 924 1052 933 1007 954 995 958 988 958 979 956 949 949 901 960 894 960 841 944 766 972 752 972 724 960 644 976"/></Shape>
            <String CONTENT="L. du 26 mars 1730"
                    HPOS="637"
                    VPOS="843"
                    WIDTH="549"
                    HEIGHT="133"
                    ></String>
          </TextLine>
        </TextBlock>
        <TextBlock HPOS="988"
                   VPOS="428"
                   WIDTH="1764"
                   HEIGHT="2439"
                   ID="eSc_textblock_a919e3a7"
                   TAGREFS="QZ12">
          <Shape><Polygon POINTS="988 2867 988 428 2752 428 2752 2867"/></Shape>
          <TextLine ID="eSc_line_00678fce"
                    TAGREFS="LT8"
                    BASELINE="1224 577 2656 499" 
                    HPOS="1220"
                    VPOS="440"
                    WIDTH="1436"
                    HEIGHT="183">
            <Shape><Polygon POINTS="1227 623 1321 619 1323 619 1406 591 1495 607 1518 610 1520 610 1523 610 1534 603 1580 577 1688 571 1731 571 1750 587 1759 596 1761 596 1764 596 1766 596 1814 593 1816 593 1869 577 1920 564 1995 568 2002 568 2004 568 2007 568 2009 568 2030 552 2055 564 2071 571 2073 571 2075 571 2078 571 2119 559 2156 550 2197 554 2259 559 2261 559 2264 559 2266 559 2266 557 2277 548 2282 541 2360 534 2394 538 2443 545 2445 545 2523 529 2543 525 2548 527 2578 541 2580 541 2582 541 2585 541 2587 541 2615 522 2619 520 2656 520 2656 499 2649 440 2502 449 2500 449 2498 449 2459 472 2250 472 2248 472 2245 472 2243 472 2227 488 2105 493 2085 479 2071 467 2069 467 2066 467 2064 467 2062 467 2059 467 2059 470 2048 479 1979 465 1977 465 1851 472 1848 472 1846 472 1814 497 1800 506 1768 511 1745 502 1731 495 1729 495 1727 495 1725 495 1722 495 1722 497 1720 497 1715 504 1708 511 1640 518 1628 509 1605 488 1603 488 1601 488 1598 488 1596 488 1594 488 1594 490 1566 513 1566 516 1516 525 1504 518 1470 495 1468 495 1465 495 1463 495 1351 499 1348 499 1346 499 1307 529 1220 536 1224 577"/></Shape>
            <String CONTENT="coups du plat s&#x27;enferra de lui même, tomba–"
                    HPOS="1220"
                    VPOS="440"
                    WIDTH="1436"
                    HEIGHT="183"
                    ></String>
          </TextLine>
          <TextLine ID="eSc_line_9f32c739"
                    TAGREFS="LT8"
                    BASELINE="1227 708 2436 651" 
                    HPOS="1224"
                    VPOS="610"
                    WIDTH="1212"
                    HEIGHT="146">
            <Shape><Polygon POINTS="1227 708 1229 756 1293 733 1318 738 1321 738 1323 738 1325 738 1325 736 1344 720 1396 738 1399 738 1401 738 1403 738 1406 738 1406 736 1426 720 1495 736 1497 736 1500 736 1502 736 1543 710 1591 724 1594 724 1596 724 1598 724 1601 724 1601 722 1617 708 1649 726 1651 729 1653 729 1656 729 1658 729 1660 729 1676 724 1713 713 1773 717 1823 720 1825 720 1828 720 1830 720 1830 717 1837 713 1858 694 1901 708 1931 715 1933 715 1936 715 2023 699 2057 692 2066 694 2092 704 2094 704 2096 704 2098 704 2101 704 2112 694 2140 713 2142 713 2144 713 2147 713 2243 708 2245 708 2248 708 2284 678 2293 671 2433 667 2436 651 2431 619 2328 621 2305 610 2303 610 2300 610 2298 610 2254 626 2243 614 2243 612 2241 612 2238 612 2236 612 2234 612 2181 630 2176 630 2165 630 2043 621 2041 621 2039 621 1981 639 1977 639 1972 639 1922 630 1920 630 1855 644 1830 632 1828 632 1825 632 1823 632 1821 632 1796 646 1642 644 1640 644 1525 660 1507 662 1493 662 1385 653 1383 653 1380 653 1378 653 1378 655 1362 669 1360 669 1321 655 1318 655 1316 655 1224 674 1227 708"/></Shape>
            <String CONTENT="par terre et mourut une heure après."
                    HPOS="1224"
                    VPOS="610"
                    WIDTH="1212"
                    HEIGHT="146"
                    ></String>
          </TextLine>
          <TextLine ID="eSc_line_c353f421"
                    TAGREFS="LT8"
                    BASELINE="1222 894 2594 818" 
                    HPOS="1182"
                    VPOS="759"
                    WIDTH="1412"
                    HEIGHT="165">
            <Shape><Polygon POINTS="1250 855 1300 818 1305 818 1474 809 1479 809 1539 839 1541 839 1617 800 1619 800 1743 793 1747 793 1789 804 1812 791 1821 791 1874 816 1945 782 1952 782 2018 807 2050 786 2057 786 2156 802 2167 802 2211 798 2268 793 2316 759 2328 759 2378 788 2459 786 2461 784 2477 770 2477 768 2486 768 2509 779 2587 777 2594 818 2594 841 2564 857 2557 857 2523 846 2521 846 2514 848 2454 869 2447 869 2408 857 2206 887 2204 887 2094 882 2069 894 2062 894 2016 882 2002 882 1883 905 1878 905 1844 894 1832 892 1805 898 1766 905 1764 905 1738 903 1699 896 1637 910 1580 921 1578 921 1539 917 1484 908 1463 921 1461 924 1445 924 1385 912 1187 922 1182 849"/></Shape>
            <String CONTENT="M. le Ch^er de la Rochalar informé de–"
                    HPOS="1182"
                    VPOS="759"
                    WIDTH="1412"
                    HEIGHT="165"
                    ></String>
          </TextLine>
          <TextLine ID="eSc_line_c4cb5acc"
                    TAGREFS="LT8"
                    BASELINE="1220 1025 1920 997 2608 956" 
                    HPOS="1218"
                    VPOS="896"
                    WIDTH="1390"
                    HEIGHT="170">
            <Shape><Polygon POINTS="1220 1025 1220 1041 1254 1057 1257 1057 1259 1057 1261 1057 1263 1057 1263 1054 1266 1054 1270 1045 1325 1054 1328 1054 1330 1054 1332 1054 1351 1041 1378 1064 1378 1066 1380 1066 1383 1066 1385 1066 1452 1064 1454 1064 1456 1064 1456 1061 1477 1038 1518 1036 1569 1057 1571 1057 1573 1057 1637 1054 1640 1054 1642 1054 1702 1018 1725 1034 1727 1034 1729 1034 1731 1034 1823 1032 1947 1022 1949 1022 1952 1022 1979 1002 2030 1034 2032 1034 2034 1034 2036 1034 2101 1032 2103 1032 2225 997 2259 1009 2261 1009 2264 1009 2266 1009 2268 1009 2305 986 2307 983 2605 970 2608 956 2601 915 2555 921 2546 917 2521 896 2518 896 2516 896 2514 896 2511 896 2415 921 2381 903 2378 903 2376 903 2346 905 2344 905 2342 905 2342 908 2321 928 2321 931 2236 940 2222 935 2176 915 2174 915 2172 915 2085 928 2057 919 2055 919 2053 919 2014 924 2011 924 2009 924 2009 926 2007 926 1988 949 1986 954 1883 956 1878 954 1837 937 1835 937 1832 937 1830 937 1828 937 1805 958 1803 960 1798 958 1738 935 1736 935 1734 935 1731 935 1729 935 1729 937 1727 937 1706 965 1704 967 1571 972 1566 972 1465 949 1463 949 1461 949 1394 981 1392 981 1316 970 1314 970 1218 990 1220 1025"/></Shape>
            <String CONTENT="cette affaire par la Veuve Lefevre et le S^r–"
                    HPOS="1218"
                    VPOS="896"
                    WIDTH="1390"
                    HEIGHT="170"
                    ></String>
          </TextLine>
          <TextLine ID="eSc_line_93da3349"
                    TAGREFS="LT8"
                    BASELINE="1197 1155 1821 1135 2679 1073" 
                    HPOS="1192"
                    VPOS="1006"
                    WIDTH="1487"
                    HEIGHT="188">
            <Shape><Polygon POINTS="1197 1155 1197 1181 1282 1178 1284 1178 1302 1194 1305 1194 1307 1194 1309 1194 1445 1169 1449 1169 1454 1169 1500 1181 1502 1181 1504 1181 1569 1169 1605 1183 1608 1183 1610 1183 1612 1183 1672 1158 1688 1169 1690 1169 1692 1169 1695 1171 1816 1171 1816 1169 1819 1169 1821 1169 1851 1146 1899 1171 1901 1171 1903 1171 1972 1167 1975 1167 1977 1167 1977 1165 2002 1144 2094 1153 2096 1153 2098 1153 2101 1153 2135 1128 2140 1128 2153 1128 2220 1130 2243 1151 2245 1151 2248 1151 2250 1151 2344 1144 2346 1144 2348 1144 2387 1116 2523 1135 2525 1135 2527 1135 2587 1103 2679 1096 2679 1073 2674 1032 2601 1006 2598 1006 2596 1006 2543 1011 2541 1011 2539 1011 2495 1043 2484 1052 2465 1045 2429 1032 2426 1032 2424 1032 2422 1032 2387 1050 2371 1059 2362 1050 2330 1022 2328 1022 2326 1022 2323 1022 2270 1027 2268 1027 2266 1027 2266 1029 2236 1059 2231 1061 2222 1059 2133 1034 2131 1034 2128 1034 2126 1034 2124 1034 2124 1036 2096 1066 2085 1077 2018 1070 2014 1070 2011 1070 2009 1070 2007 1070 1956 1084 1926 1075 1910 1070 1908 1070 1906 1070 1903 1070 1901 1070 1901 1073 1897 1077 1885 1091 1800 1093 1782 1084 1743 1057 1741 1057 1738 1057 1736 1057 1734 1057 1731 1057 1679 1089 1653 1105 1516 1109 1491 1100 1435 1077 1433 1077 1431 1077 1429 1077 1426 1077 1426 1080 1399 1105 1392 1112 1380 1105 1346 1082 1344 1082 1341 1082 1309 1082 1307 1082 1241 1087 1238 1087 1236 1087 1192 1112 1197 1155"/></Shape>
            <String CONTENT="Pillat Con^er au Con^el superieur du Cap beau frere"
                    HPOS="1192"
                    VPOS="1006"
                    WIDTH="1487"
                    HEIGHT="188"
                    ></String>
          </TextLine>
          <TextLine ID="eSc_line_3df27754"
                    TAGREFS="LT8"
                    BASELINE="1167 1281 1452 1279 2546 1217" 
                    HPOS="1163"
                    VPOS="1165"
                    WIDTH="1383"
                    HEIGHT="155">
            <Shape><Polygon POINTS="1167 1281 1167 1304 1314 1314 1316 1314 1318 1314 1369 1295 1465 1320 1468 1320 1470 1320 1596 1304 1598 1304 1601 1304 1626 1288 1665 1304 1667 1304 1669 1304 1672 1304 1745 1284 1791 1298 1793 1298 1796 1298 1798 1298 1853 1275 1892 1291 1894 1291 1897 1291 2066 1288 2069 1288 2211 1252 2342 1270 2344 1270 2346 1270 2348 1270 2385 1247 2543 1229 2546 1217 2539 1174 2362 1187 2348 1181 2326 1165 2323 1165 2321 1165 2319 1165 2316 1165 2282 1183 2261 1197 2243 1185 2213 1165 2211 1165 2209 1165 2206 1165 2144 1167 2142 1167 2140 1167 2112 1190 2094 1208 2064 1208 2046 1192 2025 1176 2023 1176 2020 1176 2018 1176 2016 1176 2014 1176 2014 1178 2011 1178 1997 1194 1986 1210 1630 1231 1603 1231 1582 1213 1569 1199 1566 1199 1564 1199 1562 1199 1461 1204 1458 1204 1406 1220 1362 1233 1339 1224 1337 1224 1335 1224 1332 1224 1330 1224 1330 1226 1312 1245 1277 1224 1261 1215 1259 1215 1257 1215 1254 1215 1163 1229 1167 1281"/></Shape>
            <String CONTENT="dud. Lefevre a ecrit aux Juges de Surseoir"
                    HPOS="1163"
                    VPOS="1165"
                    WIDTH="1383"
                    HEIGHT="155"
                    ></String>
          </TextLine>
          <TextLine ID="eSc_line_2e30f1ed"
                    TAGREFS="LT8"
                    BASELINE="1236 1419 2681 1337" 
                    HPOS="1231"
                    VPOS="1291"
                    WIDTH="1450"
                    HEIGHT="174">
            <Shape><Polygon POINTS="1236 1419 1241 1458 1257 1444 1280 1456 1302 1465 1305 1465 1307 1465 1392 1460 1394 1460 1396 1460 1396 1458 1410 1447 1413 1442 1463 1442 1557 1440 1559 1440 1571 1435 1601 1421 1640 1431 1688 1442 1690 1442 1786 1437 1789 1437 1830 1417 1851 1408 1883 1414 1899 1417 1901 1417 1984 1408 2025 1403 2030 1405 2075 1421 2078 1421 2080 1421 2137 1417 2140 1417 2142 1417 2167 1396 2170 1392 2222 1392 2257 1392 2316 1408 2319 1408 2321 1408 2323 1408 2371 1382 2374 1380 2376 1380 2438 1401 2440 1401 2443 1401 2445 1401 2500 1373 2502 1371 2681 1359 2681 1337 2679 1304 2656 1293 2654 1293 2651 1293 2518 1307 2482 1291 2479 1291 2477 1291 2326 1300 2323 1300 2236 1330 1995 1339 1961 1320 1958 1320 1956 1320 1954 1320 1952 1320 1910 1348 1780 1353 1734 1334 1731 1334 1729 1334 1727 1334 1725 1334 1702 1350 1637 1339 1635 1339 1633 1339 1582 1366 1426 1373 1323 1357 1321 1357 1318 1357 1316 1357 1293 1378 1263 1362 1261 1362 1259 1362 1257 1362 1254 1362 1254 1364 1231 1382 1236 1419"/></Shape>
            <String CONTENT="le Jugement, les Juges en lui envoyant l&#x27;Infomãon"
                    HPOS="1231"
                    VPOS="1291"
                    WIDTH="1450"
                    HEIGHT="174"
                    ></String>
          </TextLine>
          <TextLine ID="eSc_line_0b2b0911"
                    TAGREFS="LT8"
                    BASELINE="1241 1554 2674 1479" 
                    HPOS="1238"
                    VPOS="1433"
                    WIDTH="1436"
                    HEIGHT="170">
            <Shape><Polygon POINTS="1241 1554 1241 1577 1316 1580 1318 1580 1321 1580 1344 1573 1371 1564 1385 1570 1445 1603 1447 1603 1449 1603 1534 1598 1536 1598 1539 1598 1539 1596 1557 1582 1571 1593 1571 1596 1573 1596 1575 1596 1578 1596 1633 1593 1669 1591 1672 1591 1674 1591 1741 1550 1743 1550 1786 1559 1789 1559 1791 1559 1823 1548 2020 1573 2023 1573 2025 1573 2112 1534 2236 1538 2238 1538 2241 1538 2314 1515 2330 1513 2353 1515 2447 1522 2449 1522 2674 1495 2674 1479 2665 1433 2617 1449 2582 1437 2580 1437 2578 1437 2576 1437 2562 1440 2443 1458 2314 1453 2273 1453 2270 1453 2268 1453 2257 1458 2225 1470 2163 1463 2147 1463 2144 1463 2142 1463 2131 1465 2089 1476 2069 1470 2057 1465 2055 1465 2053 1465 2050 1465 2030 1472 2002 1481 1986 1474 1972 1470 1970 1470 1968 1470 1906 1479 1855 1488 1830 1483 1796 1479 1793 1479 1791 1479 1766 1488 1747 1497 1644 1497 1458 1497 1456 1497 1454 1497 1452 1497 1452 1499 1449 1499 1442 1509 1440 1511 1417 1511 1325 1504 1323 1504 1238 1520 1241 1554"/></Shape>
            <String CONTENT="ont marqué que Michel qui a esté tué étoit–"
                    HPOS="1238"
                    VPOS="1433"
                    WIDTH="1436"
                    HEIGHT="170"
                    ></String>
          </TextLine>
          <TextLine ID="eSc_line_70fafa5b"
                    TAGREFS="LT8"
                    BASELINE="1245 1687 2660 1616" 
                    HPOS="1243"
                    VPOS="1570"
                    WIDTH="1417"
                    HEIGHT="161">
            <Shape><Polygon POINTS="1245 1687 1245 1703 1314 1713 1316 1713 1383 1697 1387 1697 1390 1697 1426 1729 1429 1729 1431 1729 1433 1731 1474 1731 1474 1729 1516 1726 1518 1726 1520 1726 1520 1724 1541 1703 1679 1703 1679 1701 1681 1701 1683 1701 1683 1699 1704 1681 1741 1699 1743 1699 1745 1699 1747 1699 1750 1699 1750 1697 1766 1683 1816 1687 1819 1687 1821 1687 1823 1687 1823 1685 1832 1676 1862 1690 1864 1690 1867 1690 1869 1690 1871 1690 1892 1674 1929 1690 1931 1690 1933 1690 2020 1676 2036 1687 2039 1687 2041 1687 2043 1687 2046 1687 2110 1662 2112 1660 2114 1660 2158 1692 2160 1692 2163 1692 2165 1694 2206 1694 2206 1692 2209 1692 2211 1692 2261 1662 2314 1685 2316 1685 2319 1685 2387 1683 2390 1683 2392 1683 2424 1655 2516 1676 2518 1676 2521 1676 2523 1676 2582 1637 2585 1635 2660 1632 2660 1616 2654 1575 2598 1584 2557 1580 2475 1570 2472 1570 2470 1570 2433 1586 2424 1591 2360 1591 2266 1591 2264 1591 2261 1591 2231 1598 2199 1607 2190 1600 2167 1586 2165 1586 2163 1586 2160 1586 2064 1591 2062 1591 2020 1612 2014 1614 2004 1612 1984 1607 1981 1607 1979 1607 1977 1607 1945 1616 1924 1621 1917 1619 1883 1600 1881 1600 1878 1600 1876 1600 1819 1623 1812 1628 1754 1628 1481 1630 1378 1648 1376 1648 1273 1639 1270 1639 1268 1639 1243 1653 1245 1687"/></Shape>
            <String CONTENT="très arrogant, Que le matin du jour qu&#x27;il fut"
                    HPOS="1243"
                    VPOS="1570"
                    WIDTH="1417"
                    HEIGHT="161"
                    ></String>
          </TextLine>
          <TextLine ID="eSc_line_00d29c2d"
                    TAGREFS="LT8"
                    BASELINE="1245 1818 2654 1749" 
                    HPOS="1243"
                    VPOS="1703"
                    WIDTH="1411"
                    HEIGHT="143">
            <Shape><Polygon POINTS="1245 1818 1245 1846 2651 1770 2654 1749 2651 1710 2589 1703 2587 1703 2585 1703 2555 1715 2534 1722 2507 1717 2468 1710 2465 1710 2463 1710 2461 1710 2461 1713 2452 1720 2443 1729 2394 1729 2390 1724 2381 1715 2381 1713 2378 1713 2376 1713 2374 1713 2371 1713 2335 1726 2332 1726 2330 1726 2264 1717 2261 1717 2259 1717 2231 1731 2222 1738 2121 1742 2098 1740 2043 1729 2041 1729 2039 1729 2036 1729 2036 1731 2020 1742 2018 1747 1887 1754 1883 1752 1867 1738 1864 1738 1862 1738 1860 1738 1858 1738 1803 1756 1789 1758 1752 1758 1640 1754 1637 1754 1488 1772 1463 1775 1458 1775 1419 1758 1417 1758 1415 1758 1413 1758 1344 1779 1270 1772 1268 1772 1266 1772 1243 1781 1245 1818"/></Shape>
            <String CONTENT="tué, il avoit vivement insulté un habitant a–"
                    HPOS="1243"
                    VPOS="1703"
                    WIDTH="1411"
                    HEIGHT="143"
                    ></String>
          </TextLine>
          <TextLine ID="eSc_line_bf20c6ea"
                    TAGREFS="LT8"
                    BASELINE="1241 1951 2702 1887" 
                    HPOS="1238"
                    VPOS="1832"
                    WIDTH="1464"
                    HEIGHT="147">
            <Shape><Polygon POINTS="1241 1951 1241 1972 1697 1951 1720 1953 1812 1963 1814 1963 1816 1963 1883 1944 1887 1944 1890 1944 1949 1976 1952 1976 1954 1979 2025 1979 2025 1976 2108 1969 2110 1969 2112 1969 2112 1967 2153 1933 2197 1967 2199 1967 2202 1967 2204 1967 2273 1965 2275 1965 2277 1965 2277 1963 2293 1949 2307 1960 2307 1963 2309 1963 2312 1963 2314 1963 2390 1960 2392 1960 2394 1960 2443 1924 2486 1956 2488 1956 2491 1956 2493 1956 2534 1953 2537 1953 2539 1953 2539 1951 2582 1912 2582 1910 2702 1905 2702 1887 2697 1841 2649 1850 2628 1843 2594 1832 2592 1832 2589 1832 2587 1832 2585 1832 2566 1846 2564 1848 2560 1848 2532 1839 2530 1839 2527 1839 2525 1839 2523 1839 2523 1841 2511 1850 2507 1855 2498 1850 2479 1841 2477 1841 2475 1841 2472 1841 2438 1853 2431 1855 2420 1855 2342 1843 2339 1843 2337 1843 2335 1843 2312 1859 2303 1866 2160 1873 2135 1869 2066 1855 2064 1855 2062 1855 2059 1855 2059 1857 2043 1873 2039 1880 1899 1885 1881 1882 1809 1866 1807 1866 1711 1889 1692 1873 1690 1873 1688 1873 1640 1873 1637 1873 1635 1873 1633 1873 1605 1896 1582 1878 1580 1878 1578 1878 1536 1878 1534 1878 1532 1878 1479 1903 1474 1903 1465 1903 1387 1894 1385 1894 1383 1894 1321 1910 1318 1910 1316 1910 1270 1896 1268 1896 1266 1896 1263 1896 1238 1910 1241 1951"/></Shape>
            <String CONTENT="la Sortie de la Messe, Qu&#x27;il y a quelque temps"
                    HPOS="1238"
                    VPOS="1832"
                    WIDTH="1464"
                    HEIGHT="147"
                    ></String>
          </TextLine>
          <TextLine ID="eSc_line_9cae88aa"
                    TAGREFS="LT8"
                    BASELINE="1247 2086 2658 2027" 
                    HPOS="1245"
                    VPOS="1965"
                    WIDTH="1413"
                    HEIGHT="163">
            <Shape><Polygon POINTS="1247 2086 1247 2128 1325 2125 1328 2125 1330 2125 1374 2093 1504 2112 1507 2112 1509 2112 1511 2112 1511 2109 1513 2109 1523 2096 1536 2102 1539 2102 1541 2102 1543 2102 1575 2089 1853 2091 1890 2091 1892 2091 1894 2091 1901 2089 1954 2068 1975 2084 1981 2089 1984 2089 1986 2089 1988 2089 2114 2082 2117 2082 2137 2073 2170 2059 2192 2070 2195 2070 2197 2070 2199 2070 2215 2068 2252 2061 2264 2066 2303 2080 2305 2080 2307 2080 2309 2080 2312 2080 2312 2077 2330 2061 2339 2052 2374 2057 2491 2077 2493 2077 2658 2038 2658 2027 2656 1988 2626 1965 2624 1965 2621 1965 2619 1965 2543 1967 2541 1967 2539 1967 2504 1992 2452 1995 2413 1974 2410 1974 2408 1974 2358 1976 2355 1976 2353 1976 2321 2002 2284 1979 2282 1979 2280 1979 2277 1979 2275 1979 2165 2013 2163 2015 2101 2015 2009 2018 1979 1999 1977 1999 1975 1999 1972 1999 1970 1999 1968 1999 1936 2020 1855 2008 1853 2008 1851 2008 1848 2008 1832 2022 1789 2015 1786 2015 1784 2015 1727 2031 1722 2031 1720 2031 1658 2015 1656 2015 1653 2015 1651 2015 1587 2036 1585 2036 1461 2031 1458 2031 1456 2031 1454 2031 1454 2034 1452 2034 1445 2043 1445 2045 1413 2045 1406 2045 1376 2018 1374 2018 1371 2018 1369 2018 1309 2020 1307 2020 1305 2020 1305 2022 1282 2045 1245 2050 1247 2086"/></Shape>
            <String CONTENT="qu&#x27;il avoit esté accusé d&#x27;avoir volé deux sacs"
                    HPOS="1245"
                    VPOS="1965"
                    WIDTH="1413"
                    HEIGHT="163"
                    ></String>
          </TextLine>
          <TextLine ID="eSc_line_e65f46d9"
                    TAGREFS="LT8"
                    BASELINE="1211 2213 1546 2208 2676 2158" 
                    HPOS="1208"
                    VPOS="2096"
                    WIDTH="1468"
                    HEIGHT="172">
            <Shape><Polygon POINTS="1211 2213 1211 2236 1252 2249 1254 2249 1257 2249 1259 2249 1261 2249 1282 2233 1369 2268 1371 2268 1374 2268 1440 2263 1442 2263 1445 2263 1445 2261 1486 2224 1488 2224 1493 2224 1587 2238 1589 2238 1591 2238 1642 2217 1644 2217 1647 2217 1681 2233 1683 2233 1686 2233 1688 2233 1736 2217 1821 2217 1855 2236 1858 2236 1860 2236 1862 2236 1864 2236 1878 2224 1915 2233 1917 2233 1920 2233 2098 2213 2188 2233 2190 2233 2259 2229 2261 2229 2319 2197 2415 2201 2459 2222 2461 2222 2463 2222 2530 2217 2532 2217 2534 2217 2569 2185 2674 2174 2676 2158 2672 2105 2635 2096 2633 2096 2631 2096 2628 2096 2628 2098 2619 2107 2605 2121 2585 2112 2582 2112 2580 2112 2314 2135 2277 2123 2245 2112 2243 2112 2241 2112 2199 2114 2197 2114 2195 2114 2174 2128 2156 2139 2124 2130 2085 2119 2082 2119 2080 2119 1940 2125 1938 2125 1936 2125 1920 2139 1903 2153 1858 2141 1809 2132 1807 2132 1805 2132 1777 2146 1750 2160 1704 2151 1702 2151 1699 2151 1697 2151 1614 2164 1594 2155 1564 2141 1562 2141 1559 2141 1557 2141 1555 2141 1555 2144 1539 2158 1525 2171 1429 2174 1413 2164 1396 2151 1394 2151 1392 2151 1339 2151 1337 2151 1335 2151 1332 2151 1309 2169 1298 2178 1277 2169 1241 2155 1238 2155 1236 2155 1234 2155 1208 2169 1211 2213"/></Shape>
            <String CONTENT="d&#x27;Indigo chés un Marchand du Cap, mais que"
                    HPOS="1208"
                    VPOS="2096"
                    WIDTH="1468"
                    HEIGHT="172"
                    ></String>
          </TextLine>
          <TextLine ID="eSc_line_e26312dc"
                    TAGREFS="LT8"
                    BASELINE="1241 2350 2339 2307" 
                    HPOS="1238"
                    VPOS="2263"
                    WIDTH="1101"
                    HEIGHT="124">
            <Shape><Polygon POINTS="1241 2350 1241 2369 1339 2387 1341 2387 1344 2387 1346 2387 1346 2385 1369 2364 1371 2364 1374 2364 1472 2382 1474 2382 1477 2382 1520 2364 1536 2378 1536 2380 1539 2380 1541 2380 1543 2382 1587 2382 1587 2380 1589 2380 1702 2350 1708 2350 1713 2350 1757 2369 1759 2369 1761 2369 1867 2346 1876 2343 1878 2343 1908 2366 1910 2366 1913 2366 1915 2366 1917 2366 1954 2352 2048 2362 2050 2362 2053 2362 2103 2336 2160 2343 2163 2343 2337 2325 2339 2307 2335 2274 2186 2263 2183 2263 2181 2263 2147 2281 2108 2281 2018 2286 2014 2286 1931 2272 1929 2272 1926 2272 1871 2293 1867 2293 1860 2293 1796 2279 1793 2279 1791 2279 1738 2297 1734 2300 1681 2300 1679 2300 1660 2286 1658 2286 1656 2286 1653 2286 1651 2286 1605 2302 1367 2309 1307 2297 1305 2297 1302 2297 1238 2316 1241 2350"/></Shape>
            <String CONTENT="cela n&#x27;avoit pas esté bien prouvé."
                    HPOS="1238"
                    VPOS="2263"
                    WIDTH="1101"
                    HEIGHT="124"
                    ></String>
          </TextLine>
          <TextLine ID="eSc_line_f32228a5"
                    TAGREFS="LT8"
                    BASELINE="1254 2499 2686 2446" 
                    HPOS="1252"
                    VPOS="2382"
                    WIDTH="1434"
                    HEIGHT="179">
            <Shape><Polygon POINTS="1254 2499 1257 2561 1380 2515 1481 2547 1500 2552 1502 2552 1504 2552 1541 2550 1543 2550 1546 2550 1546 2547 1552 2543 1571 2522 1591 2541 1601 2547 1603 2547 1605 2547 1608 2547 1676 2545 1679 2545 1681 2545 1681 2543 1692 2534 1727 2502 1750 2502 1798 2527 1821 2538 1823 2538 1825 2541 1867 2541 1867 2538 1869 2538 1871 2538 1871 2536 1887 2520 1897 2511 1933 2502 1956 2515 1984 2534 1986 2534 1988 2534 1991 2534 2034 2531 2036 2531 2039 2531 2039 2529 2059 2508 2078 2492 2114 2506 2119 2506 2121 2506 2124 2506 2126 2506 2133 2504 2190 2485 2335 2485 2344 2490 2376 2518 2378 2518 2381 2518 2383 2520 2438 2520 2438 2518 2440 2518 2443 2518 2507 2481 2509 2479 2516 2479 2553 2485 2555 2485 2557 2485 2560 2485 2560 2483 2562 2483 2566 2476 2569 2474 2573 2476 2589 2483 2592 2483 2594 2483 2683 2467 2686 2446 2674 2382 2619 2408 2562 2389 2560 2389 2557 2389 2555 2389 2553 2389 2553 2391 2550 2391 2539 2408 2346 2419 2323 2410 2321 2410 2319 2410 2316 2410 2314 2410 2291 2424 2254 2405 2252 2405 2250 2405 2248 2405 2245 2405 2238 2408 2181 2428 2066 2421 2064 2421 1997 2433 1977 2421 1949 2408 1947 2408 1945 2408 1809 2412 1807 2412 1805 2412 1777 2435 1766 2444 1500 2453 1465 2451 1440 2451 1417 2430 1417 2428 1415 2428 1413 2428 1410 2428 1312 2430 1309 2430 1252 2460 1254 2499"/></Shape>
            <String CONTENT="Il marque que Lefevre paroit meriter grace"
                    HPOS="1252"
                    VPOS="2382"
                    WIDTH="1434"
                    HEIGHT="179"
                    ></String>
          </TextLine>
          <TextLine ID="eSc_line_e9406dd8"
                    TAGREFS="LT8"
                    BASELINE="1249 2635 2679 2580" 
                    HPOS="1174"
                    VPOS="2534"
                    WIDTH="1505"
                    HEIGHT="158">
            <Shape><Polygon POINTS="1179 2678 1199 2667 1213 2676 1231 2692 1234 2692 1236 2692 1238 2692 1300 2690 1302 2690 1339 2671 1369 2657 1486 2667 1532 2669 1534 2669 1536 2669 1539 2669 1546 2664 1564 2651 1628 2660 1658 2664 1660 2664 1663 2664 1665 2664 1669 2660 1683 2648 1711 2657 1734 2664 1736 2664 1738 2664 1741 2664 1743 2664 1752 2655 1764 2646 1789 2655 1832 2669 1835 2669 1837 2669 1913 2667 1915 2667 1917 2667 1917 2664 1936 2648 1942 2639 2011 2635 2055 2644 2075 2648 2078 2648 2080 2648 2096 2641 2128 2630 2192 2630 2202 2639 2222 2655 2225 2655 2227 2655 2229 2655 2367 2651 2369 2651 2417 2630 2426 2625 2433 2630 2454 2639 2456 2639 2459 2639 2461 2639 2463 2639 2463 2637 2475 2628 2486 2618 2676 2618 2679 2580 2672 2534 1174 2593 1176 2635"/></Shape>
            <String CONTENT="par les circonstances qui ont accompagne cette"
                    HPOS="1174"
                    VPOS="2534"
                    WIDTH="1505"
                    HEIGHT="158"
                    ></String>
          </TextLine>
          <TextLine ID="eSc_line_f72f1432"
                    TAGREFS="LT8"
                    BASELINE="985 2783 1429 2761 2004 2738" 
                    HPOS="1078"
                    VPOS="2676"
                    WIDTH="926"
                    HEIGHT="165">
            <Shape><Polygon POINTS="1080 2841 1321 2841 1323 2841 1325 2841 1353 2823 1387 2800 1479 2784 1530 2800 1532 2800 1534 2800 1617 2786 1640 2800 1686 2827 1688 2827 1690 2827 1692 2827 1695 2827 1697 2827 1759 2788 1768 2784 1782 2786 1816 2795 1819 2795 1821 2795 1823 2795 1825 2795 1842 2781 1855 2770 2004 2768 2004 2738 2000 2708 1819 2706 1814 2703 1764 2676 1761 2676 1759 2676 1757 2676 1711 2701 1681 2717 1571 2708 1569 2708 1445 2722 1417 2703 1415 2703 1413 2703 1410 2703 1408 2703 1355 2722 1335 2703 1335 2701 1332 2701 1330 2701 1328 2701 1286 2701 1270 2690 1263 2685 1261 2685 1259 2685 1257 2685 1078 2685 1080 2747"/></Shape>
            <String CONTENT="bon malheureuse affaire–"
                    HPOS="1078"
                    VPOS="2676"
                    WIDTH="926"
                    HEIGHT="165"
                    ></String>
          </TextLine>
        </TextBlock>
      </PrintSpace>
    </Page>
  </Layout>
</alto>
