3200 4136
949 517 1411 149 outrageantes et revint une 2.^e fois tenant

947 631 1446 161 les mêmes discours le traittant de J. F. et

903 769 1499 170 de petit maitre, a quoy led. Lefevre lui dit–

924 903 1522 167 enocre de se retirer sinon qu'il le mettroit–

901 1043 1521 147 dehors, Que led. Michel revint une 3^e fois –

970 1174 1471 147 et entra dans la Salle, ce qui obligea Lefevre

940 1325 1457 129 de se lever de table et se mettre en devoir

970 1463 1367 133 de le faire sortir, mais Michel le prit–

972 1594 1434 143 au colet lui donna quelques coups de pieds –

972 1723 1411 156 et de poing et le terrassa, led. S^r Dupré

979 1886 1326 138 les separa après quoy Michel étant sorti

940 2001 1515 140 de la salle trouva un baston sous sa main

960 2157 1366 124 rentra brusquement et en donna un coup–

990 2279 1462 149 aud. Lefevre qui prit led. Michel au colet

983 2428 1442 120 voulant lui oter son baston dont Michel

997 2548 1467 147 lui donna un second coup, après quoy Lefevre

999 2704 1352 136 prit son Epée pour parer les nouveaux –

997 2830 1494 143 coups que Michel vouloit lui porter, Michel

993 2971 1439 126 s'etant jetté sur lui avec furie pour lui–

1002 3092 1411 150 arracher l'Epée dont il avoit receu quelques

2485 880 501 121 l. du 26 mars 1730
