3232 3640
1009 368 1496 107 Testamentaire de ce preter a cette bonne euvre et

1009 463 1438 95 aura par Dieu lÿ⎀ en tiendra bon compte,

1608 430 97 64 ⎀lui

1005 562 1472 83 J'assigne tous mes biens presant et advenir

1011 649 1513 93 a faire batir cet opital qu'il tiendra lieu d'opital

1003 748 1508 85 et hotel de charitté audit lieu de puimeros

1003 855 1525 95 au Conptat Venoissin dAvignon Je prie monseigneur

1001 940 1510 89 Leveque de Voison de samploÿer a cette bonne

999 1041 1527 75 euvre d'avoir la bontté d'ordonner a m^r Le Curé

1003 1132 1519 101 qui desert la paroisse du dit lieu de puimeros

1001 1243 1492 87 d'emploÿer tous les fonds que je legue pour

1001 1342 1508 91 faire batir cette maison pour les pauvres

997 1437 1529 103 nécéssiteux du dit lieu de Puineros qu'au moÿen

995 1538 1527 102 des biens que je leur donne sera dit journellement

997 1633 1502 108 a à perpetuité une messe tant pour le

997 1739 1527 105 repot de mon ame que pour le repot de lame

993 1844 1484 99 de fut mon pere et ma mère et feut ma

980 1939 1536 109 sœur Margueritte qui me laissoit tous ses

980 2044 1487 125 biens qu'elle avoit en ces islles pourquoi je

978 2153 1540 109 dois appliquer ce bien pour le repos de lame de feut

989 2254 1484 105 mon père et de ma mère qui m'ont mis au–

980 2347 1529 112 monde et nottamment pour celle qui ne laissoit

989 2430 1514 120 feut ma sœur que pour tous mes autres freres et Seurs

976 2521 1533 113 de touttes a qui japlique le surplu des biens que le

978 2614 1536 113 Seigneur m'a par sa toute puissance et bonté procuer

974 2719 1533 108 en ces islles que pretanttions que j'ay en france de

978 2800 1531 126 toutes lesquelles je donne et legue par ce presant

984 2897 1511 124 à lopital dudit lieu de puimeros mon pays

984 2972 1517 136 natal dans le Conptat venoissin dAvignon tout

999 3085 1498 120 Ce qui me reste après les legs de dessus acquittés

1001 3156 1478 154 comme étant ma derniere volonté finalle
