2752 3768
678 276 1548 128 la fidélité d'un Esclave qui à découvert leur

680 399 1544 107 retraite ; ils désirent que la liberté lui soit

678 514 1581 118 accordée, ainsi qu'a sa femme, aux frais du

682 640 1575 128 Roi, et ils demandent la même grace pour

689 751 1568 128 un autre Esclave qui à apporté la tête d'un

686 891 1452 120 Chef de Bande, Maron depuis 14 ans.

871 1008 1395 162 Le Geolier, dont la négligence à facilité

693 1145 1472 106 l'evasion des deux Esclaves, est en Prison.

701 1262 1567 127 les Administrateurs attendent, à son sujet, la

659 1392 1584 117 décision de Monseigneur ; ils observent que

705 1526 1416 110 cet homme, ancien soldat, ayant des

695 1649 1575 130 Protecteurs dans la Colonie, pourroit être

709 1779 1481 125 absous si on lui faisoit son procès, et ils

705 1923 1521 120 proposent, en conséquence, de le renvoyer en

705 2051 1544 128 france, et d'accorder à la veuve de Garet la

674 2181 1489 123 demie solde dont il jouit. les différentes

720 2323 1585 115 récompenses, distribuées d'ailleurs, à ceux qui

726 2459 1454 99 ont concouru à ces deux éxpéditions,–

730 2591 1249 107 n'excendent pas la somme de 800^lt.

902 2733 1382 116 Les graces demandées pour les deux

726 2861 1573 107 Esclaves sont bien meritées, et ne peuvent

737 2989 1524 109 que produire le meilleur éffet sur l'esprit

684 3116 1598 111 de leurs semblables. la proposition des
