3200 3816
515 279 460 79 31 x^bre 1729

1690 137 794 316 A Monsieur–

943 468 1690 165 Monsieur Romain Juge Royal Civil Et Criminel

992 633 437 117 de cette Isle,

926 843 1729 238 Supplie humblement Demoiselle francoise michel Emancipée

969 1047 1664 131 Daage authorisée par Justice fille de Deffunt sieur paul

960 1170 1646 116 Michel Et de Deffunte Dame anne Julienne gobert au

973 1269 1626 140 Jour de son deceds veuve de feu M^r Durieux –

971 1380 1637 154 Chevallier de Lordre militaire de Saint louis Lieutenant

988 1522 738 112 de Roy de cette Isle ;

947 1600 1627 149 Disant que Malgré Vostre Sentence Rendue le Vingt

973 1729 1648 136 neufiesme du present mois pour laquelle Il Est –

971 1848 1626 136 ordonné quil sera proceddé a la publication de Ces

969 1975 1611 132 Bans de mariage ave le Sieur Lamure Cap^ne de

975 2079 1639 159 milice nonbstant Lappositon formé par le Sieur–

977 2226 1661 150 de la Chausé son Curateur aux causes et ce nonobstant

977 2368 1682 150 opposition ou appellation quelquonque et sans y préjudicier,

971 2491 1616 131 Vostre ditte Sentence signiffiée le 30 du present mois

973 2588 1688 146 au R. B. fourchus missionnaire apostolique et faisans

960 2711 1701 131 Les fonctions curialles de La paroisse de S^t Jean Baptiste

979 2821 1629 151 auroit fait refus de procedder a La publication de

981 2948 1633 128 ces dits bans de Mariage et Ce uniquement fondé sur

977 3080 1669 129 un prétendue acte dappel au Conseil superieur a luy –

971 3192 1054 108 signiffié le Jour dhier 30 du Courant ;

996 3290 1661 123 Ce considerez monsieur Il vous plaise conformement a Vostre

2532 3494 120 213 16
