2624 3760
213 227 407 153 21 8^bre 1779

1022 141 432 260 Cayenne.

787 522 1494 104 Deux Négres évadés au Mois de 7^bre

716 649 1565 105 1778 des Prisons à Cayenne ont massacré;

710 764 1577 96 près de Kourou, un mulatre libre, se sont

724 898 1498 98 rendus ensuite à Sinnamary, ou, après

710 1008 1573 136 plusieurs brigandages, ils ont assassiné le

716 1146 1561 105 nommé Garet, pillé sa maison, et commis

704 1274 1556 92 plusieurs autres excès, en rendant compte

685 1391 1475 119 de ces faits, M^rs de fiedmond et Préville

712 1524 1558 117 marquent qu'ils ont fait donner quelques

718 1650 1527 115 vétemens et la ration à la femme Garet

710 1775 1540 115 et à ses trois enfants réduits à la plus

706 1911 1573 104 extrême misere, et ils prient Monseigneur

668 2045 1615 96 de vouloir bien approuver ces secours, ils

706 2168 1573 100 ajoutent qu'après beaucoup de peines et de

681 2287 1623 113 dépenses, ces assassins, auxquels deux autres

712 2414 1596 121 Esclaves s'etoient joints, ont été fusillés dans

722 2548 1584 109 un lieu presqu'inaccessible ; que trois ont péri

716 2673 1552 115 et que le quatrieme, qui avoit pris la fuite ;

716 2803 1534 108 à été tellement belssé qu'on croit qu'il n'en

718 2953 550 90 reviendra pas.

877 3053 1416 120 M^rs de fiedmond et Préville annoncent

724 3181 1569 117 que la destruction de ces scélerats est duë à
