3232 3680
1129 323 1507 114 je me trouve aux droits des Messieurs Niellÿ par acte

1131 404 1524 105 reçu par metre le Vache notaire Roÿal audit Bourg

1120 488 1533 100 Saint pierre en date du Vingt sept septembre dernier

1123 578 1542 90 Mille Sept Cent Cinquante Six au moÿen dequel

1127 660 1519 86 acte je Suis subroger en tous ces droits concernant ce

1131 760 1536 80 qu'il pourroit leur revenir de la succession de feut

1127 844 1554 92 leur oncle sieur francois Nielly les ayant entierement

1129 938 1544 102 payés soit en argent que reprise que je leur aÿ cedé

1123 1036 1552 94 à la Grenade comme apes par leditt acte et independament

1125 1120 1536 98 mon dit Sieur Thibaut aurat sa commission qu'il

1118 1220 1553 86 prelevera independamant des Six mille livres cy

1116 1312 1567 100 dessus laquelle Somme de six mille livres n'est qu'on

1125 1414 1566 88 reconnoissance des bontés et services qu'il ma toujour

1120 1521 1520 81 temoigner et prendra sa commission telle qu'il

1120 1608 1563 92 Avisera bonnestre et ainsÿ des depenses qu'il pourra

1116 1705 1528 92 faire dans les affaires de ma dite Succession

1129 1805 1520 98 qui je le prie de souhaigner et en acquitter les

1123 1897 1556 94 charges de faire comme pour lui même les droits

1118 1991 1537 90 et pretentions de la presantte succession tous les

1123 2095 1568 88 procès pendant et que ceus quon pourroit suciter

1125 2187 1335 104 injustement a ma presente succession–

1143 2297 1544 92 Item - Je legue et nomme pour mon heritier

1110 2387 1581 109 et Légataire huniverssel lopital du lieu du Poimeros

1116 2498 1533 94 mon païs natal que je nomme par mon

1116 2590 1559 100 present testament olographe mon légataire

1125 2700 1558 86 huniversel et lequel hopital est commancé

1129 2796 1558 92 et qu'il na pa de fond aces pour achever cette

1131 2890 1560 96 euvre de charitté je luy legue généralement tous

1125 2999 1571 104 mes autres biens prettantions de quelque nature

1133 3097 1563 102 que ce soit toute fois les leguer cy dessus acquittés

1137 3185 1550 118 et Je prie Monsieur Thibout mon Executeur
