3232 3656
1105 310 1556 104 Au moment pour le repot de lame des feut demoiselle

1103 412 1574 69 Margueritte Julien feut ma seur veuve à mon déces

1103 475 1550 85 de feutt Sieur Francois Milly et les autres six cents

1103 552 1578 89 livres pour en faire un fond à la ditte Paroisse pour

1099 633 1566 86 estre dit Tous les premiers Lundit de chaque mois

1099 712 1584 100 une messe pour le repot de lame de la ditte defuntte

1092 792 1571 115 Margueritte Julien feut ma Seur à perpetuitté en

1099 883 1572 104 reconnoissance des biens qu'elle me laissoit tant

1094 974 1581 96 en ces islles que aillieurs; et je prie mon Executeur

1092 1060 1589 91 testamentaire davoir la bonté de se faire faire ainsy

1099 1163 1125 84 et aura part a cette bonne œuvre.

1172 1265 1505 93 Item je legue cent livres pour être emploÿées a

1096 1348 1569 94 de messe par le reverand perre curé de la Paroisse de

1099 1440 1584 83 Saint Pierre pour le repôt de lame de feut M^r Doillin

1096 1531 1565 97 de lissle ⎀aucÿ dans la dite paroisse de Saint Pierre

1354 1507 90 52 ⎀aussi

1094 1637 1552 79 l'année derniere mille sept cent cinquante six en

1094 1720 1591 93 reconnoissance des bontés qui a toujour eut pour moÿ

1099 1819 1592 78 je prie mon executeur testamentaire de le faire faire

1101 1905 1562 85 ainsi lorqu'il aura des fond en maint de mon

1094 1984 291 99 heritage.

1125 2077 1515 86 Item, Je legue a Madame La Veuve Doissin une

1092 2161 1595 91 pension Viagère Sa vie durant de quatre cent livres

1092 2252 1571 79 laquelle somme sera prise sur la plu clair et le plu

1090 2352 1575 79 pur de mon heritage et sera payée par preferance

1096 2439 1561 73 a tout autre de six en six mois deux cents livres. –

1145 2561 1461 93 plus je legue a maditte dame Doissin mille livres

1094 2654 1595 92 dargeant paÿé des premiers fonds qui ce trouveront

1094 2758 1605 75 de mes biens et cet an reconnoissances des bonttés quelle

1107 2837 1566 93 a eut pour moÿ pendant tout le temps que jaÿ restté

1086 2930 1601 80 chais elle plu je fais abandont a ma ditte dame

1090 3010 1601 105 des remises que je ly aÿ fait et avec cela je la prie detre

1080 3109 1595 96 contante et de faire dire une messe pour le repot de mon

1092 3207 250 84 ame –
