3200 3840
1077 371 1608 132 voir donner que sans avoir Egard a son opposition

1083 512 1592 119 Comme frivolle et mal fondée, Il sera passé –

1083 627 1564 123 outre a la Celebration du Mariage de la Suppliante

1083 757 1541 98 avec led. sieur Lamur, En Consequence En joindre au

1064 881 1585 111 Reverend pere fourchus d'En publier les bans a leurs

1083 1011 1594 100 premiere Requisition, et feréz bien signé a Loriginal

1090 1126 612 107 françoise Michel.

1058 1245 1617 126 Attendu que nous avons repondu une requeste

1092 1378 1546 96 présenté par la Suppliante aux mesmes fins, soit

1081 1480 1594 111 la premiere Requeste Rapportée a S^t Pierre le 7^e X^bre

1096 1582 730 99 1729 signé Romain ;

1077 1683 1602 132 Veu la Requeste de nous Repondüe, qui demeurera

1081 1824 1596 100 nulle, authorisons la Suppliante En la presente

1079 1924 1613 121 jnstance, Et Permettons lassignation requise a S^t Pierre

1034 2030 1110 122 le 12 x^bre 1729 Signé Romain.

1092 2158 1598 118 La Presente Requeste et ordonnance ont Esté signiffiée

1077 2265 1596 124 audit Sieur La Chaussée par exploit de Benard –

1002 2393 1686 115 du quatorze décembre mil sept cent vingt neuf ※

1096 2504 1491 149 Collationné sur la copie signiffiée a moy

1117 2615 1511 128 representée et a l'jnstant remise avec ces

1130 2692 1553 166 présentes par moy notaire Royal en l'Isle

1117 2796 1481 165 martinique soussigné Ce treize avril

1113 2935 807 128 mil sept cen trente./

1206 2998 813 253 Vacquin

1796 3289 333 132 no^re Royal

2425 3462 154 83 11
