3232 3688
1026 338 1568 112 Sieur da Costat fait des recouvremant des fond à moÿ dus

1006 430 1598 98 sur la ditte horie du dit Seigneur de maclos et autres place

1010 520 1580 82 tant dans le Reigñe de France que autres àsises dans la–

1006 598 1572 94 Conptat d'avignon, je la dechut des a presant par mon

1006 682 1592 88 présant Testamant olograffe de toutte préttention et a remetre

1010 768 1547 88 tous Ses titres et Papiers que je lui remÿ lors de la ditte

1004 848 1580 86 procuration passée par le dit metre Durand notaire au

1006 932 1564 88 dit lieu de Carouel au mois de septembre mille sept

1002 1026 1541 74 cent quarante huit comme apert par ses lettres qu'il

998 1110 1590 88 ma souvant ecrit le dit Sieur Dacostat, que j'aÿ enature

1002 1214 1582 76 et qen trouvera par moÿ mes papiers après mon deces

996 1290 1588 82 et dont dans lunes dequelles le dit Sieur Dacostat me

996 1385 1578 71 marque que ma ditte prettantion Sur l'hoirie du dit

989 1469 1591 82 feul Sier Pierre Gabriel de Lobeau de Berord se monte au

991 1563 1585 78 dela de quatre cent trente cinq mille livres en tout, mais

993 1651 1546 92 de tous des titres nécéssaires pour le recouvremant de cette

998 1737 1578 92 somme il cera neanmoins audit Sieur Da Costat loisible de

993 1835 1531 82 poursuivre le payemant de la ditte Somme aux condition

998 1917 1563 92 quil ferat entré a mon heritier et légataire huniverssel cÿ

998 2009 1576 80 après nommé la ditte Somme dans le courant d'une

991 2100 1572 82 année à compter du jour qui en sera requit par mon

989 2188 1562 80 légataire huniversell et ce faissant aura pour lui la

985 2280 1578 88 moitié de fond qui en retira dacord partie avec mon

989 2372 1554 84 legataire huniversel toute depence prelevee; je declare

981 2458 1591 88 avoir toujou vecu dans la religion cotolique apostolique

977 2552 1580 84 Romaine et que je veux ÿ vïvre et mourir priant le

977 2634 1595 95 Seigneur tout puissant de man faire la grace jnvoque a

973 2729 1560 88 cela ffait la Glorieuse Vierge Marie mere de mondieu

965 2823 1611 88 pour quelle jntercede pour moÿ au pres de Dieu le pere le

963 2909 1596 82 fils mon createur, et le bien heureux Saint Jean Saint

969 2987 1601 92 Pierre Saint Julien mes Saint patrons les priant humble¬

955 3083 1610 94 mant dintercede pour moÿ mon bon ange gardien et

961 3161 1594 113 Tous Ses Saint et Sainttes du Paradix afin que je puisse
