3232 3656
855 162 367 116 Julien

694 262 541 95 Testament olographe

879 327 79 77 de

690 381 392 130 J^r P^re Julien

832 501 80 51 Du

690 550 345 77 28 mars 1757

698 625 394 83 déposé ez minutes

696 700 398 88 de M^e LeVacher

700 755 401 79 No^re R^l à S^t Pierre

702 812 350 102 le 28 mars 1757

784 981 282 109 19 8^bre 1821.

868 1148 65 140 5

1401 209 1292 87 Extrait des minutes du Greffe du tribunal de Premiere

1389 270 1245 65 Jnstance séant à Saint Pierre Martinique –

1324 322 1320 110 Au nom du Pere, du fils,du S^t Esprit ainsi soit-il.

1103 422 1586 108 Moÿ Je soussigné Jean Pierre Julien natif de Puimeros

1059 513 1646 116 au conptat Venaissin D'Avignon, à présent en cette ille Martinique

1105 615 1588 95 Depuis le mois de fevrier mille sept cent quarante neuf, fils

1104 698 1605 90 de feu Sier Philippe Julien vivant bourgois et en cien conseil

1105 779 1602 94 dudit lieu de Puimeros, et de demoiselle Gabrielle Tranchere

1094 877 1609 85 mes peres et meres après metre mis en la presance de

1099 966 1539 84 Dieu Jnvoquer Son Saint nom, Savoir prié de me

1092 1052 1589 81 pardonner mes peches et de recevoir mon ame en

1062 1123 1629 95 Son Saint Paradis, Considerant qu'il n'est rien de plus

1088 1218 1607 96 Sertaint que la mort et de moins incertaint que son

1090 1314 1593 89 heure Voullant avant d'en êstre prévenut donner

1096 1399 1573 93 à mes afaires temporelles les arrangemants qu'il

1094 1482 1597 94 convient à toutte perssone de faire pour l'ordre de ces

1105 1578 1590 91 affaire, eviter tout proces apres soit et disposer des biens

1103 1663 1566 93 qui a plut à la providance divine de me donner en ce

1101 1742 1590 96 monde tant en cet islles qu'en France et dans mon

1103 1828 1535 99 pais natal: et dans le temps que ma santté et le

1096 1919 1599 97 Jugemant me le permet de le faire de mon bon grê

1096 2010 1611 94 et libre franche volontté comme estant en par faite

1092 2104 1624 95 santté et plaine connoissance desprit j'aÿ resolut de

1092 2195 1609 83 faire mon testament olograffe de dernière volontté que

1096 2303 1595 75 je veux en tous et ordonne estre suivit et éxécuter

1092 2382 1593 91 dans toutte sa forment et teneur par Monsieur

1088 2477 1615 96 Thibout actuellement en cette islle greffier en chef du

1094 2561 1595 93 consseil superieur de cette dite isle martinique que je

1092 2646 1599 87 nomme pour l'Exécution du présant testamant, et par

1094 2731 1561 98 le presant acuellant revoquant toutes testament –

1092 2825 1587 83 Codicille donnation procuration cÿ devant que je

1094 2910 1611 100 pourois avoir fait voulant que celuÿ cÿ soit le seul

1090 3001 1617 96 qu'il vaille par testament codicille donnation de dernier

1094 3089 1603 97 volontté comme estant mes dernieres volonttés et mes
