3200 3856
1142 407 1627 132 NOUS ordonnons quil sera jncessament passé–

1153 533 1635 124 outre a la Celebration du mariage de lad. demandresse

1148 670 1625 116 avec led. sieur Lamure, en Consequence que les –

1140 781 1642 150 Bans seront publiées par le reverend Pere Curé

1133 919 1584 128 des Lieux En La maniere accoutumée, les despends

1153 1026 1624 139 compensez ; Et faisant droit sur la demande –

1176 1163 1612 150 presentement formée par led. Heussay sur le bureau

1178 1293 1567 170 a Ce que les presentes soient Exécuttés nonobstant

1172 1441 1569 150 opposition ou appellation quelquonque Et sans y

1170 1578 1597 127 préjudicier Conformement aux Conclusions dud. –

1180 1698 1569 127 Procureur du Roy, ordonnons que les presentes

1077 1805 1637 151 seront Exécutées nonobstant opposition ou –

1170 1928 1582 188 appellation quelquonques Et sans y préjudicier,

1176 2060 1629 148 fait Et Donné par nous Conseiller du Roy Juge

1150 2197 1653 142 Royal susd. a LExtraordinaire le Jeudy vingt

1009 2311 1779 178 neuf décembre mil sept cent vingt neuf signé

1086 2413 1345 260 sur le Registre Legoux et Romain.

1245 2542 1543 191 Payé vingt deux mots nuls en cette espedition ;

1476 2657 791 276 Vacquin

2094 2951 295 157 greffier

2656 3486 167 235 15
