3136 3688
1211 525 1383 148 n'avoient plus rien à risquer, L'un etoit

1211 659 1416 119 aux Galeres et l'autre etoit détenu en

1217 778 1472 131 prison depuis 3 ans pour etre Soupçonné

1209 903 1080 94 d'avoir assassiné son Maitre.

1410 1012 1281 114 Depuis L'evasion de ces deux coquins

1199 1120 1490 105 Nous avons eu Monseigneur, toujours des

1197 1221 1494 133 detachements à leur Suite et toujours Sans

1205 1342 1412 125 Succés et sans la fidelité du négre –

1197 1452 1453 119 esclave qui les a fait découvrir, il eut été

1201 1569 1486 125 impossible de pouvoir les avoir de longtems

1190 1675 1458 125 et ils auroient fait beaucoup de mal–

1190 1788 1458 119 avant de Pouvoir les attraper. Le Service

1190 1897 1261 131 signalé de cet Esclave nous porte–

1186 2016 1476 106 Monseigneur, à vous demander sa liberté

1184 2124 1507 140 et celle de sa femme en payant à son maitre

1186 2253 1507 123 leur valeur si vous l'approuviez au compte

1188 2360 1449 117 du Roi ; cette dépense pourroit être prise–

1069 2458 1590 157 sur les fonds assignés pour les négres

1166 2579 1521 121 fugitifs de Surinam : Et cet Encouragement

1170 2706 1513 111 bien merité par ce négre feroit le meilleur

1176 2809 1459 122 effet sur les Esclaves pour les décider à

1180 2936 1496 98 donner connoissance des négres attroupés

1172 3038 1476 129 depuis plusieurs années, et qui ont formé
