3136 3680
1127 539 1483 123 autres effets ils continuerent leur route –

1024 640 1581 163 jusqu'a Sinnamari, ou ils ont continué leurs

1090 766 1499 139 Brigandages, aprés avoir volés et pillés

1110 877 1438 120 plusieurs habitans de ce quartier, ils

1098 1001 1436 111 en rencontrerent un à la chasse nommé

1098 1101 1436 127 Garret qu'ils ont assassiné et pris Son

1096 1220 1487 115 fusil ; ils vinrent de la dans Sa maison –

1092 1330 1413 111 ou ils trouverent un des camarades de

1084 1445 1417 131 cet homme et aprés avoir pris ce qui

1088 1545 1434 129 leur convenoient dans la maison, ils

1090 1660 1487 143 l'attacherent par les mains à un poteau

1084 1778 1491 129 et Sans un autre négre qui s'etoit joint

1076 1895 1501 116 à eux qui eut l'humanité de revenir Sur

1071 2005 1481 129 ses pas pour le detacher, il est certain

1071 2124 1488 114 que ces deux coquins l'auroient laissé

1028 2232 997 202 perir dans cette posture.

1223 2334 1344 135 La mort de ce Garret, homme trés

1057 2445 1467 135 laborieux et trés bon Sujet, laisse une–

1055 2563 1516 135 femme et trois enfants en bas age dans

1045 2672 1456 139 la plus grande misere et hors d'Etat de

1047 2790 1524 137 pouvoir subsister, M d^e fiedmond l'a faite

1045 2903 1516 130 placer à la fondation de Sa maison de Santé,

1028 3007 1535 163 et M Préville lui a proposé de lui faire donner
