3136 3688
965 530 1373 125 des établissements dans le grand bois.

1086 653 1418 115 Nous avons également l'honneur de vous

951 772 1525 100 rendre compte Monseigneur, qu'un Mulatre

955 872 1400 125 eslcave de M Le ch^er de Behagues par

957 993 1510 113 l'espoir de la récompense, nous a aporté la

957 1094 1500 112 tête d'un Nommé Jeannot chef d'une bande

951 1219 1508 114 qui etoit maron depuis 14 ans, qui avoit

961 1331 1385 113 été rencontré plusieurs fois par des –

961 1438 1533 108 détachements et même avoit été blessé sans

957 1563 1553 104 jamais avoir pû decouvrir son établissement ;

951 1682 1461 90 Nous ne doutons pas que cette mort ne

953 1776 1500 121 fasse rendre beaucoup de négres de sa bande

953 1895 1443 108 en se voyant sans chef. Nous vous

955 2024 1301 104 demandons Monseigneur, pour ce

951 2124 1547 119 mulatre la même grace que pour le premier.

1092 2243 1381 105 Nous avons Monseigneur, ⎀ de vous –

1975 2200 193 80 ⎀l'honneur

948 2343 1550 115 observer que ces Esclaves sont trés bons sujets

944 2458 1505 115 et que leurs maitres par le besoin qu'ils en

944 2569 1460 127 ont ne souhaitent pour Eux que des–

924 2690 1519 100 recompenses pécuniaires, ils n'envisagent

940 2804 1482 109 point que la recompense qui peut seule

932 2890 1507 125 flatter un Esclave est celle de la Liberté et

940 3028 1521 121 nous osons vous assurer que ces gens la
