3232 3640
1011 313 1490 117 les réparations de la chapelle située Sur le pourtout

1009 404 1492 97 prest de la ville de Carpentras je ly legue cent–

1007 487 720 101 livres argent de France

1049 590 1448 91 Item Je legue à la chapelle de Notre Dame

1005 691 1525 85 de vie située dans le terroit de Verrorues diocese

1007 788 1549 87 de Carpentras pour la réparation de la ditte chapelle

1007 877 1492 91 a laquelle je fut promis des mon enfance et a

1003 964 1535 101 laquelle je promit avant mon depart de france

1015 1061 1535 95 que s'ÿ le tout puissant me favorisoit de retirer

1003 1172 1531 95 en ces islles quelques biens je lÿ en feroÿ part de

1005 1274 1494 88 quelque chose a laquelle chapelle je legue six

1001 1375 1496 83 cent livres argent de France et au moyen de

1005 1458 1527 91 cette Somme sera dit deux messes à perpetuitté

1009 1567 1535 93 pour le repot de mon ame que pour feut mon

1007 1660 461 73 pere et mere

1069 1743 1445 105 Item Je legue deux cents livres a chacune des

1007 1844 1494 91 filles qui s'est mariée de feut mattant seur ⎯ de

1011 1947 1452 83 feut mon père actuellement au poimeros ou aux

1013 2024 1494 101 environs argent de france et m^r le Curé de la Paroisse

1005 2099 1521 121 du lieu de Puimeras est prié de lÿ faire tenir au cas

1013 2198 1488 85 qu'il ne fussent pas dans ledit lieu de Puimeras –

1053 2293 1473 99 Item je lègue a Monsieur Thibout mon Executeur

1009 2378 1484 113 testamentaire dix mille livres pour ses peines et

1009 2471 1539 133 soins qu'il prendrat dans la regie et administration

1005 2572 1486 121 de ma presante sucession pour en faire retirer les

1003 2681 1504 107 fonds s'y aucun san trouva etre dus à la Grenade

1003 2782 1490 105 que aillieurs en faire tenir les fonds en france,

1001 2881 1517 119 et quiter jeneralement tous ses leg par moÿ fait

999 2968 1517 123 dans mon present testament olographe soubtenir

1007 3075 1480 116 les proces s'y sen trouve faire rentrer tout ce qui

997 3156 1510 142 se trouvera etre dut a ma Sucession a laquelle
