3200 4112
651 210 608 134 20 Septembre 1730

635 379 393 141 Michel

1371 250 968 195 S^t Domingue

1156 472 1351 181 Jean Jacques le fevre age de 16 ans

1197 651 1356 116 demande des lettres de Remission pour avoir

956 764 1636 144 tué le nommé Michel Tonnellier sur l'habitation

1083 897 1413 131 de la Veuve Le fevre sa mere demeurante au–

1200 1018 1033 144 Quartier Morin dependant du Cap.

1193 1187 1357 131 Il paroit par l'Information composée de

1193 1308 1323 138 2. Temoins, Que le Dimanche 26. fevrier

1188 1448 1440 135 1730, le S^r Lefevre dont la mere étoit absente,

1165 1601 1344 116 S'etant mis a table pour manger la Soupe

1179 1731 1383 130 avec le s^r Dupré habitant de Bayaha qui

1179 1868 1438 121 est un des temoins led. Michel parut sur la

1174 1987 1454 144 porse de la Salle ou ils mangeoient et demanda

1133 2145 1468 123 d'un ton insolent a Lefevre pourquoy on ne

1172 2282 1420 137 lui servoit pas la soupe aussitot qu'a luy–

1177 2419 1451 144 qu'il ne vouloit point manger de ses restes

1174 2563 1344 139 a quoi Le fevre repondit qu'on ne faisoit–

1177 2725 1392 132 que lui servir la soupe, qu'il se retirat

1181 2871 1317 114 et qu'il alloit lui envoyer a diner, que–

1179 2992 1339 121 Michel se retira en disant des parolles–
