3200 3816
564 218 483 116 29 Xbre 1729

1571 143 926 181 Michel (F^oise)

1051 345 1612 138 A tous ceux qui Ces Presentes verront pierre –

1045 472 1535 132 Romain Conseiller du Roy Juge Royal, Civil Et

1041 585 1630 148 Criminel de L'isle martinique, Salut scavoir faisons

1060 714 1635 125 que sur le Different mïs Et Pendant ; Entre dem^lle –

1053 841 1661 125 françoise michel Emancippée d'age authorisée par Justice

1047 951 1656 104 fille de deffunt le Sieur Pierre michel et de deffunte

1058 1045 1620 114 Damme Anne Julienne Goberte a son déceds veuve de feu

1060 1146 1631 106 M. Durieux Demandresse en Requeste de nous repondue

1064 1255 1614 137 le Douze de ce mois et en proffit de deffaut de nous

1066 1390 1595 119 obtenue le Vingt trois de ced. mois, Comparante par

1060 1494 1639 129 heussay d'une part, et le Sieur Cherry de la Chaussé

1070 1626 1623 112 deffendeurs aux dites Requestes et deffaut reassigné

1064 1725 1614 125 sur Iceluy par leniault Sergent le vingt trois de

1066 1835 1582 117 ced. mois, comparant En personne dautre part ;

1064 1944 1607 120 Partyes ouyes led. Sieur de la Chaussée a dit qu'il,

1060 2050 1656 133 Est vray qu'il a donné son consentement au mariage de la

1068 2175 1633 114 ditte demoiselle francoise michel Dont Il Est Curateur

1075 2285 1620 121 aux causes, Mais qu'il ne la fait que sur Limitation

1075 2401 1635 143 que luy en fait, le Sieur Dubois, ayant reconue que

1070 2527 1614 139 le Sieur Lamure est Chargé de deux communautés

1075 2662 1624 132 précedentes qu'il Est obligé de remplacer qu'il na

1070 2798 1599 129 que trente quarre de terre, Et quatorze negre pour

1056 2910 1622 130 tout Bien, Et sachant que la famille de la demoiselle

1087 3037 1623 130 michel sopose a son mariage avec led. Sieur –

1071 3157 1604 159 Lamure ainsy qu'il paroist par la procuration

2509 3431 143 276 12
