3232 3632
1021 330 1528 97 dernieres jnttentions et nottamant je casse anulle pour

1023 415 1522 101 toujour le Testament par moÿ fait en faveur de feut m

1019 496 1494 103 voissin de lille Reçu par metre le Vaché notaire

1019 579 1518 98 Roÿal de ce dit bourg Saint Pierre Martinique

1027 657 1506 93 le vingt un fevrier mille sept cent cinquante un

1023 736 1520 103 lequel testamant non capatif je casse et anulle des

1025 819 1508 105 a presant et pour toujour ainsi que tout autre que

1029 905 1470 99 je puis cÿ devant avoir fait desquel je ne me

1027 988 1504 99 resouvient pas et sy je mant resouvient jean ferois

1027 1075 1506 99 mention expresce, je casse annulle ainsi par ce

1027 1152 1514 107 presant la procuration que je fis a M^r Philippe

1031 1238 1502 97 Dacostat residant à vaison, passée par devant metre

1027 1313 1508 97 Decrant notaire au lieu de Cavonit dans le Conptat

1025 1402 1510 95 Venaissin davignon par laquelle procuration je luÿ

1025 1477 1516 98 cedoit la moitié des droits et prettention que j'aÿ a

1027 1559 1510 111 prettandre de feut messier Pierre Gabriel de labeau

1031 1648 1514 93 de Berord baron de macles Saint remond de moulle Garde

1033 1739 1528 77 la baronie de Maclas située en france près de lion, laquelle

1033 1820 1510 104 est Expréssement afectée ÿ potheque a feut demoiselle

1025 1910 1512 91 banne Tranchère Ma Tante, Seur de Fut ma mere

1027 1995 1518 101 et dont je Suis son heritiers et legastaire huniversel

1029 2094 1512 95 come apert par son testament fait en ma faveur

1039 2183 1512 82 a molemond du conptat Venaissin reçu par metre Coutton

1035 2259 1508 75 notaire dudit lieu de Mollemont au conptat Venoissin

1037 2338 1522 81 tous lesquels droits et pretentions apartenant a feut la

1037 2417 1512 85 dite demoiselle hanne Tranchere ma portion en vertu

1035 2506 1516 84 de son dit Testamant, lesquelles Prettention ce montoient

1033 2594 1522 79 a de sommes considérables et dont je fis remise des

1033 2685 1520 87 titres au dit Sieur Dacostat le jour de la ditte procure

1033 2772 1522 85 passée par le dit metre Durand Notaire au dit lieu

1031 2863 1530 91 de Carons au contat Venaissin par lequel fait convai¬

1021 2933 1526 93 nut que je donne et ce doit au dit sier Da Costat

1035 3014 1516 95 la moitié de mes prettantions sur l'hoirie du dit

1037 3101 1524 107 feut messire Pierre Gabriel de Berord et n'aÿant le dit
