3200 3824
958 393 1661 131 Legitime auroit Presenté Requeste a Monsieur L'intendant

988 526 1642 107 aux fins dopposition a la Publication des Bancs, quil

988 630 1634 156 auroit fait signiffier au R. P. fourchus Curé de la–

971 786 1648 125 paroisse de la Bassepointe le vingt huit juin dernier, par

975 894 1576 123 Martin huissier, Monsieur L'Jntendant Renvoya a se

981 1017 1539 106 pourvoir devant vous, Monsieur, Monsieur Dubois –

968 1142 1630 100 Jourdain oncle maternelle de la Supliante auroit –

968 1247 1552 110 Representé aud. sieur de la Chausée le tout et led.–

979 1351 1562 108 jnconvenients de son proceddé, a quoy Il auroit

960 1444 1642 115 Repondue quil Demandoit uniquement que M. Lamure

981 1548 1607 136 fit son jnventaire, aprés lequel Il se Rendroit soudain

964 1661 1651 132 a la Bassepointe, pour faire celebrer le Mariage, l'jnventair

968 1767 1624 128 a Esté faite, M. Dubois Jourdain luy en a donné

934 1886 1654 134 d'aduis, pour qu'il eut a venir suivant sa promesse, Il

962 2003 1643 172 luy auroit fait Reponce qu'il pouvoit jouer tel rolle

964 2122 1641 138 qu'il souhaitteroit pour faire Reussir le mariage, que

962 2247 1613 130 pour luy Il seroit jnexorable, sa pretention nest Ny

960 2381 1585 113 Raisonnable Ny soutenable contre son precedent–

956 2489 1615 145 consentement celluy des principaux parents Et surtout

958 2600 1623 125 celuy de M. Dubois son oncle qui luy sert de Pere,

956 2729 1583 128 Ces Raisons sont frivolles et vous voudréz –

930 2870 1573 108 Bien Monsieur, l'authoriser a procedder en la

937 3003 1653 109 presente jnstance et en Consequence permettre à

930 3122 1592 113 la suppliante de faire assigner par devant

926 3241 1670 150 vous, a Lextraordinaire led. sieur de la Chaussée pour
