3232 3656
1062 318 1495 98 la mort de feut mon pere avec Sieur Bernard

1056 400 1566 109 natif du Poitreau Dauphine dépendaire du bailliage

1062 493 1542 85 du buit pret de Sainte Jalle laquelle ditte marie

1060 572 1542 82 Bernard on asure quelle est décedée a la ville de

1062 649 1572 94 Carpentras au Conptat de Venoissin depuis quelques

1062 731 1576 83 année et ne sachant le nombre d'enfants quelle

1054 800 1556 97 aura laissoit je leur legue a tous mille livres

1058 887 1574 89 argent en France cet a dire mille livres a chacun

1060 974 1558 90 de lous ses enfants que la dite marie Bernard

1060 1066 1582 93 aura laissoit à son décès et je Suplie Monseigneur

1060 1155 1570 90 l'Evêque de la Ville de Carpentras d'ordonner à son

1060 1247 1570 89 grand viquaire et curé de la Paroisse de la ville

1052 1342 1580 85 de Carpentras de s'informer charitablement de

1056 1448 1560 65 cette pauvre famille ou alle ce trouver et combien

1056 1519 1576 89 d'enfants et leur faire distribuer à chacun la Somme

1052 1608 1550 87 de mille livres, et sa grandeur ainsi que tout ceux

1054 1702 1554 93 qui s'emploÿeront à cette euvre de charité Dieu

1054 1801 1544 89 leur en tiendra compte jespere du Salle infiny

1052 1905 1584 85 de mondit Seigneur l'eveque et archeveque importibus

1050 1990 1538 89 de la dite ville de Carpentras qui voudra bien

1052 2092 1586 87 ce pretter à cette bonne euvre ainsi que m^r Le Curé

1058 2183 1397 83 de la ditte parroisse de la ville de Carpentras. –

1084 2291 1550 93 Item Je legue à M^r Dumiey chaif de Caisse de

1042 2384 1594 93 mondit Seigneur leveque de Carpentras trois cents livres

1046 2479 1586 96 argent de trouver en reconnoissance des marques

1054 2579 1188 83 d'amitié qu'il mà toujours donnés.

1078 2681 1522 101 Item Je legue à M^r Deÿdier Metre menuissier

1050 2778 1570 96 a Carpentras mille livres argent de France pour

1050 2859 1584 108 les agreables services qu'il ma souvante fois rendu

1066 2963 1566 99 et le prie de faire dire une messe pour le repot

1066 3064 1377 98 de mon ame et je le prie destre conptant–

1141 3150 1485 118 Item - Je legue à notre dame de Santté pour
