3200 3568
1177 380 1523 103 ce qu'il en ait esté autrement ordonné–

1167 509 832 135 par sa Maj^té

1159 662 1565 124 Le S^r Le Noir Nottaire a aussy esté jnterdit

1159 822 1563 121 pour six moix, Ausurplus Il a esté donné

1161 985 1563 109 acte au Procureur général de l'apel comme

1159 1135 1535 121 d'abus qu'il a jnterjetté de la celebration

1155 1308 1547 115 du Mariage en question et pour y estre–

1161 1443 1549 140 fait droit Il luy a esté permis de faire–

1153 1613 1253 131 jnsinuer qui bon luy sembleroit.

1143 1768 1573 144 M^rs de Champigny et Dorgeville marquent

1153 1938 1565 135 que le Con^el superieur s'est determiné a vser

1149 2099 1547 119 de severité à l'egard de ces deux Officiers,

1147 2261 1575 115 que les dernieres affaires qu'ils ont eu au

1145 2424 1561 137 Conseil, les frequentes prises à partye –

1145 2588 1543 103 ausquelles Ils ont donné lieu et les–

1143 2745 1553 245 continuelles jnjonctions qu'on est obligé

2536 3157 131 167 6
