3200 3792
1028 334 1541 148 Nous travaillons jncessament aux partages, Je Vous

1026 450 1600 146 prie de vouloir Bien vous y trouver, Je veux dire sur

1028 591 1575 137 Vostre habitation du Costé de Cul de sac francois le

1018 714 1650 139 vingt vn de ce mois, touttes les autres personnes jnteressées –

1022 836 1636 124 Etant Egallement averties, vous aurez la bontez mademoiselle

1018 952 1612 139 de me Repondre par le porteur pour me promettre

1022 1084 1617 116 que vous vous y trouverez ou quelque autre pour vous,

1022 1209 1610 109 ou vous M. Envoyerez Sil vous plait une déclaration –

1018 1318 1598 139 par laqeulle vous consentiez qu'a deffaut de l'un ou

926 1409 1707 174 de Lautre on passera outre. Cette precaution mest –

1009 1571 1607 148 absolument necessaire, Les mineurs n'Étant pas En

1007 1702 1592 122 Estat de Recommencer tous les Jours les sortes de

1001 1799 1631 151 depences, Jay Lhonneur destre mad^lle Vostre tres humble

992 1952 1613 116 Et tres obeissant serviteur Signé a Loriginal gay a S^t pierre

997 2079 1610 103 Le 8 novembre 1729 et Sur la Surscrption Est éscrit à

1007 2184 1640 116 mademoiselle mademoiselle michel Chez monsieur Du Bois

1022 2296 715 141 a la Bassepointe.–

1009 2416 1628 189 Collationné aux originaux a moy representez

1030 2538 1552 177 et a l'jnstant rendus avec ces présentes

1030 2639 1634 198 par moy notaire Royal en l'Isle martinique

1037 2759 1543 188 resident au bourg saint Pierre soussigné

1045 2869 1503 198 Ce treise Avril mil sept cent trente※

1321 3013 718 241 Vacquin

1821 3246 476 154 no^re Royal
