3136 3688
983 540 1484 115 part de quelques corsaires qui voudroient

965 649 1480 119 envoyer une chaloupe pour le bruler ou

969 772 1470 119 piller. ce Gouverneur commanda sur

955 872 1502 129 le champ ce detachement et dirigea la–

959 1001 1476 107 conduite qu'il devoit tenir, pour ne point

955 1108 1492 117 manquer leur Expedition, effectivement il

948 1221 1532 118 reussit complettement, puisqu'il raporta les

953 1323 1520 137 têtes de trois de ces fugitifs et il y en avoit

955 1444 1377 115 un quatrieme qui s'est échapé, mais

944 1555 1556 129 cependant griévement blessé, ce qui fait croire

946 1678 1558 120 qu'il n'ira pas loin. vous voyez Monseigneur,

938 1794 1531 109 que ces deux négres commencoient deja a

938 1899 1544 115 grossir leur bande, ce qui auroit pu causer

938 2007 1523 121 dans quelques mois beaucoup de mal à

934 2126 1464 113 ce poste et peut être la dévastation de ce

932 2239 1511 123 quartier ; ces négres etoient des gens fins,

928 2345 1543 128 rusés, adroits, entreprenants, fort allertes

924 2454 1527 127 et infatigables, connoissants parfaitement –

934 2581 1535 113 toutes les ressources des bois de ce quartier

934 2692 1529 104 y aiant en outre des ménageries de toutes

922 2798 1476 127 parts, ils ne pouvoient que subsister –

920 2911 1535 131 agreablement ; ce qui les rendoient encore plus

920 3015 1455 144 entreprenants et déterminés, etoient qu'ils
