3232 2928
1100 526 1072 326 Monsieur le Procureur Général

781 1266 1830 156 Pour satisfaire à la lettre dont vous m'avéz honoré le 9 de ce

735 1423 1833 88 accompagnant la copië d'une dépêche des bureaux de la mairie

742 1516 1730 96 & des colonies, je me suis empressé de faire la verification

735 1615 1764 101 ordonnée– & je me suis convaincu que la Surcharge commise

735 1701 1797 99 dans la double minute du testament de la dame V^e Beuns–

737 1812 1767 92 reçu par m^e Spitalier, notaire, le 7 novembre mil sept cent

733 1901 1828 101 quatre vingt six, n'existe nullement sur la minute dud. acte dont

724 2002 1834 101 je suis dépositaire, que lad^e minute est parfaitement, à cette date,

725 2096 1830 98 & dans sa série, tous dans la liasse de cette même année 1786

720 2199 1825 101 que Sur les répertoire chronologique & alphabetique du Notaire

997 2303 1518 122 le point bien éclairci, je ne sais pas plus expliquer
