3104 4224
229 904 517 155 Ordonnance de Mons^r

225 1056 615 145 Le marquis desorel

237 1170 298 92 General

786 678 1585 223 dix neuf, Minutte Signée Buttet,

792 894 1804 183 Il est ordonné au sieur Chevallier d'Hericourt

807 1039 1775 176 Major du Cap, d'informer Contre le nommé

764 1172 1737 147 Simon Carbonnel, soldat deserteur dela

784 1300 1801 169 Compagnie de Buttet, a la grande Rivière

748 1426 1853 190 Le dixneufième septembre mile sept cent dix

800 1602 1754 160 neuf, Minutte signée Lemarquis de sorel,

793 1926 1799 176 Information du même septembre

774 2069 1808 174 mile sept cens dix neuf, Faitte Par nous

774 2224 1848 125 Louis Chevallier d'Hericourt, Major de saint

798 2377 1782 115 domingue servant au Cap, Contre le nommé

770 2522 1793 122 Siméon Carbonnel dit saint Marcel,

770 2682 1819 122 soldat de la Compagnie de Buttet, accusé

798 2813 617 122 de desertion,

645 2980 1930 159 Avons fait tenir cet homme de Cinq

786 3165 1766 127 pieds et deux pouces de hauteur, grand de

786 3322 1822 136 Cheveux bruns moyenne Corperance, aagé

784 3477 1848 150 de vingt neuf ans, lequel apres serment

216 1928 361 113 Information
