3232 4256
906 437 1568 208 Copie de la lettre du s^r duparc Lieutenant dela

889 565 1614 227 seconde Compagnie du Reg^t suisse de Karrer a m. de

901 796 251 97 Karrer

927 929 331 125 Monsieur

915 1257 1619 194 Il ÿ a un an que j'ay eu l'honneur de vous écrire pour

918 1371 1616 191 avoir Celuy devous supplier de vouloir bien me procurer un

915 1477 1652 241 Congé pour repasser en France afin que je puisse me rendre chet

927 1605 1635 232 moÿ terminer des affaires de famille qui me sont de la derniere

932 1733 1620 224 Conséquence, je vous prie dont en grace, Monsieur, d'avoir égard

939 1955 556 123 a ma juste demande.

965 1988 1595 234 Je n'aÿ pas Cessé d'être incommodé depuis dix huit mois que

974 2123 1562 213 j'aÿ été relevé de S^te Lucie avec mon détachement, je ne suis

962 2234 1628 217 même que de retour des Bains chaud de Cette isle ou j'avois été

967 2362 1628 248 pour me guerrir s'il étoit possible d'un Rhumatisme affreux

974 2499 1604 227 duquel je souffre toujours aÿant été peu soulagé des eaux, a

984 2619 1583 223 mon retour, Monsieur, dans cette garnison, j'ay trouvé M.

981 2742 1571 213 Amman notre cher Commandant dans un bien triste état

979 2877 1616 251 par la suite de l'attaque d'apoplexie qu'il a essuyé depuis

993 3021 1626 208 m. Long a eu l'honneur de vous rendre Compte pendant mon

991 3118 1632 239 absence, Cette maladie luy a totalement oté les forces et l'usage

1005 3258 1623 236 des jambes, même dela teste, il décline a vue d'œil et chaque
