3008 3624
1020 293 1627 109 son prest, et quelle raison il a pû avoir pour deserter.

1006 384 1667 107 a Repondu qu'il n'a nulle Connoissance des raisons

1028 471 1661 114 qu'il a eû pour deserter ne scachant pas qu'il luy ait

1026 565 1706 125 ete fait aucuns mauvais traittements qui l'ait pû porter

1016 688 846 83 a prendre ce mauvais party.

1008 799 1720 131 Interrogé s'il ne luy a pas ouy parler de désertion entre

914 901 523 109 Camarades.

998 1006 1488 109 aRepondu ne luy en avoir jamais ouy parler

1010 1107 1687 115 Interroge s'il a Connoissance du lieu de sa retraitte et

1016 1205 1716 127 s'il scait que quelque uns l'ayent favorisé dans sa desertion

986 1320 1685 113 a Repondu n'avoir nulle Connoissance de ces deux choses

996 1429 1671 99 Enquis s'il n'a plus rien a deposer ny pour ny contre

1022 1526 1629 100 l'accusé étans obligé en qualité de Temoin de dire avec

1008 1636 1706 111 vérité tous ce qu'il scavoit qui aye quelques raport

1014 1739 524 79 a sa desertion

1006 1811 1689 117 a Repondu n'avoir plus rien a deposer ny pour

1022 1922 784 101 ny contre ledit accusé.

968 2033 1697 119 Lecture a luy faite de sa deposition a dit icelle

1008 2120 1693 118 contenir verité et a signé fait au fort s^t Loüis Ce

1018 2220 1696 103 deuxieme jour du mois de may de l'année mil sept cent

1026 2325 1712 133 trente un signé à l'original P. Beaune de massip et

1022 2456 661 129 Goguetel greffier

964 2715 1715 137 Recollement fait au fort s^t Loüis le deuxieme

1022 2824 1661 121 jour du mois de may de l'année mil sept cent trente un

1032 2929 1365 121 par nous major du fort et quartier de s^t Loüis

1608 3020 393 126 huit^e page

1608 3138 228 145 dmp
