3104 4224
727 725 1740 164 aagé de vingt un an, lequel apres

713 894 1721 164 serment par luy presté de dire verité,

662 1079 1728 155 Luy Avons demandé son nom et

718 1274 1667 134 quallité, celluy de ses pere et mere

711 1452 1294 117 sa naissance et sa religion,

711 1628 1759 139 A dit se nommer nicolas Besnard, dit

741 1809 1717 138 du Chesne, fils d'Ysore Besnard

737 1971 1718 157 et de marie Gabrielle Montagne, ses

690 2161 1737 131 pere et Mere natif de la paroisse

704 2316 1749 157 du Soüé Evêché de Saintonge de la

732 2489 1756 172 religion Catholique, appostolique et romaine,

716 2640 1754 138 et Caporal de la Compagnie du sieur Buttet

713 2776 1742 162 dont est le soldat arresté, en prisons de

734 2938 700 117 cette ville,

678 3081 1721 169 Luy avons demandé s'il connois le soldat

711 3252 1456 153 qui est arresté en dites prisons,

793 3372 1618 225 A dit le Connoître pour soldat de laditte
