2592 3768
217 288 704 178 Chabaroche

341 408 599 186 P^ie Charles

900 851 1258 137 Je soussigné Premier chirurgien

734 977 1286 130 de l'hôpital des Religieux de la

724 1088 1288 124 charité du Cap Certifie que le

732 1191 1391 104 nommé pierre Charles Chabaroche

720 1289 1321 107 soldat au R^gt du Cap Comp^e de

730 1389 1393 97 Bonnetat a eu une fistule a l'anus

724 1488 1497 102 très composée produite par la suppuration

730 1574 1344 96 des hemorroïdes internes et externes

845 1666 1194 102 le malade se trouvoit alors

741 1775 1409 88 dans une cactechimie scorbutique et

730 1869 1388 86 venerienne qui a rendu la cure

724 1932 1218 106 de sa fistule très longue et très

728 2028 1386 113 difficile, mais il reste à présent

739 2133 1321 88 une autre guerison a desirer

736 2208 1336 117 cest celle de sa lymphe disposée

741 2306 1472 99 a la dissolution et formant obstruction

757 2382 1435 121 dans quelques visceres du bas-ventre

757 2493 1311 113 il y a beaucoup lieu de croire

766 2597 1350 101 qu'on ne l'obtiendra que par le

741 2694 1268 98 retour du malade en France,

743 2796 1275 101 à cet effet je lui ai donné le

749 2899 1388 111 présent Certificat au susdit hôpital

766 3004 682 120 le 21 X^bre 1778

1563 3049 423 141 Guloy

755 3167 796 96 vû par nous medecin

757 3253 781 121 du roy au Cap Baradot
