3104 4240
770 683 1806 172 Rendu chés Monsieur de Pardieu

822 888 1751 146 d'ou il a esté Conduit aux prisons

822 1060 1782 143 de cette ville, samedy au soir seiziême

822 1222 1711 172 de ce mois, ou il est depuis detenu

822 1406 1157 132 et accusé de desersion,

798 1538 1803 158 Interrogé s'il concient d'avoir deserté,

813 1684 1777 172 A dit que lors qu'il est Party du

820 1837 1781 174 du Cap ce n'êtoir point dans le dessein

822 2011 1784 160 de deserter, qu'il voulloit aller chés

810 2167 1780 146 le Sieur Fleury, ou on luy avoit donné

820 2315 1727 139 a manger dans le Temps que sa

817 2466 1608 148 Compagnie etoit a la grand Riviere,

775 2631 1819 167 Interrogé s'il fût chés le dit sieur Fleury

829 2821 1124 135 et Combien il y demeura,

775 2989 1824 183 A dit qu'il partit un mardy apres

803 3144 1789 177 midy du Cap, et fût Coûcher a une

817 3293 1674 167 habitation qu'il croit être celle de

815 3448 1784 221 Monsieur Feron, ou il ne parla qu'a des
