3008 4208
842 619 1744 180 dit Saint Marcel, atteint de

839 827 1841 178 desertion en ce qu'il a contrevenû

856 988 1815 178 a L'article quatriême de L'ordonnance

835 1171 1854 194 des deserteurs, qui défend a Tous

839 1348 1874 178 soldats de se s'eloygner de sa garnison

863 1521 1866 164 sans congé par ecrit de ses officiers,

877 1690 1803 166 de plus d'une lieüe, a peine d'être

881 1870 1806 149 Traitté Comme deserteur, ainsy quoy

879 2031 1808 168 qu'il paroisse par L'interrogatoire de

818 2202 1864 145 L'accusé qui est d'ailleurs imbecille,

884 2368 1876 154 que son Veritable dessein n'estoit point

907 2548 1801 142 de deserter, ayant pourtant été a

893 2700 1855 166 six lieües de sa garnison, sans fuzil

914 2873 1817 152 et sans congé de ses officiers,

902 3032 1841 173 Il se trouve par l'ordonnance, dans le

912 3177 1808 175 Cas des deserteurs, et je conclud

914 3345 1782 201 pour le Roy, a ce que le dit Simon
