2912 4224
765 708 1447 160 par luy presté de dire verité,

749 922 1749 124 Luy avons demandé son nom et

770 1077 1820 133 quallité celluy de ses pere et mere, Le lieu

767 1232 1447 124 de sa naissance et sa Religion,

671 1443 1905 145 A fit se nommer pierre dorlé dit

770 1623 1822 127 duplessis fils de pasquier Dorlé

772 1806 1839 111 et de Catherine Philbert de la place des

758 1952 1841 129 pere et mere natif, de Mondider en picardie

760 2137 1792 132 de la Religion Catholique, apostolique,

758 2269 1867 166 et Romaine, et sergent de la Compagnie

774 2445 1776 155 de Buttet, dont est le soldat qui est

767 2628 1710 134 arresté des prisons de Cette ville

673 2792 1858 134 Luy Avons demandé s'il Connoist le

727 2954 1886 134 soldat qui est arresté des prisons de cette

760 3095 320 87 ville.

718 3221 1900 144 A dit le Connoitre pour soldat de laditte

765 3367 1780 181 Compagnie, Luy avoit donné son prest
