3136 3616
664 269 1720 148 interrogé s'il a Connoissance du signalement du

658 383 1363 121 nommé Jean françois Monpas dit Dumas

652 468 1734 150 a Repondu que par le Signalement Couché sur le

656 582 1722 141 Registre de la Compagnie de Coulons, il a Connoissance

654 685 1676 140 que Ledit Jean François Monpas dit Dumas, est fils

660 795 1616 121 de Martin monpas et de margueritte Dertemieur

670 910 1690 110 natif de s^t martin parroisse desus d'eveché D'arras

646 1014 1632 129 agé de vingt deux ans, taille cinq pied, quatre

652 1122 1696 107 pouces, cheveux chatains sans barbe, visage rond, les

648 1211 1085 135 yeux bleus de profession jardinier

636 1329 1726 123 Interrogé s'il n'a pas ouy dire dans quel endroit l'accusé

458 1434 1900 142 a resolu se retirer et quelle route il a tenu dans sa fuitte

630 1528 1730 131 a Repondu n'avoir aucune Connoissance de l'endroit ou le dit

628 1655 1638 120 accusé a resolu se retirer n'y de la routte qu'il a tenu

618 1739 498 107 dans sa fuitte.

618 1834 1720 156 Interrogé s'il n'a point Connoissance que la desertion

618 1946 1664 139 de l'accusé aye été favorisé par quelques habitants

618 2051 1300 134 ou autres de quelque façon que ce soit

572 2141 1575 147 a Repondu n'avoir nulle Connoissance de Cela

576 2264 1742 136 Enquis s'il n'a rien a Deposer pour ou contre l'accusé

614 2368 1672 125 étant obligé en qualité de Temoin de dire avec verité

594 2478 1712 135 tous ce qu'il peut scavoir qui ait quelque rapors a sa

584 2585 332 88 désertion

550 2673 1740 143 a Repondu n'avoir plus rien a deposer ny pour n'y

592 2790 695 94 contre le dit accusé

574 2902 1678 149 Lecture a luy faitte de sa Deposition a dit Icelle

1223 3049 358 88 Cinq.^e page

1285 3139 185 139 dmp
