3200 3608
615 286 1736 134 ses pere et mere, son age, le lieu de sa naissance et la

605 404 800 121 Religion qu'il professe

609 495 1732 116 a Dit se nommer Pierre marin monnier dit s^t Denis

633 591 1710 144 Caporal de la Compagnie de Coulons, fils de René Monnier

629 713 1700 138 et de marie Graffard, ses pere et mere, agé d'Environ vingt

613 833 1696 111 Cinq ans, natif de s^t Sauver de Rennes en Bretagne

621 942 1608 118 de la Religion Catholique, apostolique et Romaine

623 1052 1684 110 Luy avons demandé s'il Connoist le nommé Jean

633 1174 940 92 françois Monpas, dit Dumas

599 1260 1740 107 A Repondu le connoitre pour avoir été Incorporé dans

599 1359 1696 108 La Compagnie de Coulons huit jours avant le Départ de

603 1463 1708 106 Le Ditte Compgnie du petit goave, pour soldat dela ditte

625 1569 429 84 Compagnie

543 1663 1614 110 Luy avons demandé s'il est son parent au allié

619 1753 1339 113 A Repondu  n'être ny l'un ny l'autre

633 1872 1714 110 Interrogé s'il scait que le nommé Jean françois Monpas

573 1976 800 82 dit Dumas a deserté

605 2064 1726 110 A Repondu qu'il scait que le nommé Jean françois

643 2186 1688 95 monpas dit Dumas est accusé du Crime de desertion pour

635 2285 1658 98 n'avoir pas paru a la ditte Compagnie le jour de Son

625 2385 1716 106 Depart depuis Ce temps la à cette garnison ce qu'il

639 2483 692 90 Croit qu'il a deserté

635 2561 1662 128 Interrogé a quelle heure il Croit que ce Soldat a

553 2675 900 99 deserté de sa Compagnie.

577 2774 1758 108 A Répondu que Ce soldat a déserté de lad^e Compagnie

645 2888 1440 90 entre les sept et huit heures du soir du vingt mars

659 2978 1672 132 Interrogé s'il a quelques Connoissance du sujet qu'a pû

1357 3088 379 99 trois^e page

1437 3161 191 126 dmp
