2944 4288
355 235 288 108 N. 5^e

305 566 274 110 plainte

848 204 1242 153 Carbonnel dés S^t Marcel (Siméon)

1226 496 1388 154 Monsieur

781 755 1810 162 Monsieur Lemarquis

879 917 1759 166 desorel Chevallier de Lordre Millitaire

858 1072 1852 140 de saint Louis Gouverneur Général des

877 1210 1831 143 Collonies françoises de saint Domingue

855 1417 1857 140 Le sieur Buttet Lieutenant de Vaisseau

874 1567 1798 145 et Capitaine d'une Compagnie Franche

855 1724 1795 115 de La marine en garnison, dans la ville

848 1872 1826 138 du Cap, Vous Remontre que le

820 2048 1806 119 Nommé Simeon Carbonnel dit Saint-

827 2194 1854 150 Marcel, soldat de sa Compagnie, ayant

793 2334 1879 143 deserté Le quatorze de ce mois, a esté

827 2498 1835 136 arresté chés Monsieur de Pardieu, a

834 2665 1757 126 quatre lieües de cette ville, dans les

812 2832 1719 129 prisons de laquelle il est actuellement

831 2987 1772 155 detenu; pourquoy je demande qu'il soit

798 3165 1898 117 Informé, pour ensuite être faite Justice, suivant

827 3316 1833 135 ées ordonnances de sa majesté, Fait au Cap

791 3456 1809 150 le dix huitième septembre Mile Sept cents
