3008 3608
1016 288 1711 110 Contenir verità et a signé au fort s^t Louis le deuxieme

1004 380 1663 109 jour du mois de may de l'année mil sept cent trente un

982 471 1711 128 signé a l'original monnier, de massip et goguetel

996 583 311 128 greffier.

856 809 1873 131 Le jour et an que dessus deuxieme de may mil sept

1002 918 1709 90 cent trente un, est Comparu par devant nous major

992 1016 1729 96 de s^t Loüis pour nous servir de second temoin

992 1114 1713 98 Contre le nommé Jean françois Monpas du Dumas

980 1222 1007 94 accusé du Crime de désertion.

982 1330 1735 91 Un homme de taille de Cinq pieds, Cheveux chatains

972 1433 1747 102 Les yeux Bleus, visage rond, Barbe Blonde, le nés un

998 1537 1685 114 peut gros et ecrassé, la Bouche grande, auquel après

976 1639 1296 88 Serment par luy prêté de dire vérité

978 1733 1695 109 avons demandé son nom et qualité et Celluy de ses

998 1840 1715 102 pere et mere, son age, le lieu de sa naissance et la

972 1928 864 118 Religion qu'il professe.

960 2036 1771 100 a Dit se nommer Pierre Beaune, dit la Lancette, soldat

986 2136 1747 110 Barbier de la Compagnie de coulons fils d'etienne Beaune

988 2238 1741 103 Bourgeois et de martialle pinot ses pere et mere natif de la

992 2333 1638 100 parroisse de libersai, éveché de Limoges de la Religion

980 2449 1165 86 Catholique, apostolique et Romaine

936 2539 1779 148 Luy avons demandé s'il connoist le nommé jean françois

984 2645 652 99 monpas dit Dumas

964 2734 1757 100 a Dit le Connoitre pour soldat de la Compagnie de Coulons.

978 2838 1719 128 Interrogé s'il n'est point parent ny allié du nommé

980 2954 395 100 cy dessus.

1499 3012 333 122 six^e page

1499 3118 235 143 dmp
