3104 4208
624 677 1787 190 a luy faitte de son Interrogatoire du

615 853 1820 189 vingt Uniême Septembre, Mil sept cents

587 1044 437 120 dix neuf

577 1180 1876 145 A dit quelle Contient verité, et ny voulloir

626 1334 1009 136 rien adjouter ny diminuer,

594 1472 1812 150 Avons ensuitte Présenté Audit

582 1652 1796 143 Simon Carbonnel dit saint marcel

554 1811 1899 155 Les nommés pierre Dorlé dit Duplessis,

577 1954 1843 168 Joseph Le Conte, et nicolas Besnard

453 2125 1918 133 Tous trois Temoin contre luy

582 2281 1862 140 Luy Avons demandé s'il les connoît

610 2468 1761 119 pour gens d'honneur et de Biens,

554 2611 1897 147 L'avertissant qu'après que lecture Luy aura

615 2770 1726 140 été Faitte de leurs deposition il

598 2926 1846 131 ne sera plus tenû aux Reprôches

617 3085 1829 145 qu'il pouroit Leur Faire, et que son

629 3261 1820 133 proces Luy va être prevôtallement

612 3406 1561 145 Fait par le Conseil de guerre,
