3104 4152
766 696 1802 178 Après avoir vû la plainte

763 878 1812 146 Faitte a Monsieur Le marquis Desorel,

756 1033 1771 141 general de cette collinnie par le Sieur

747 1197 1844 145 Buttet Capitaine de Compagnie, et de la

713 1356 1871 154 Garnison du Cap, du dixhuit Septembre

733 1517 1856 141 Mil sept Cents dix neuf, Contre le

738 1674 1770 111 sommé simon Carbonnel dit saint

731 1817 1821 139 Marcel, soldat de sa Compagnie,

743 1969 1807 130 accusé de desertion, l'ordonnance au

726 2129 1819 149 Bas pour informer de Monsieur le

747 2306 1803 132 General, du Dix neuf du Mesme mois

703 2451 1888 155 signé le marquis de sorel, informations

745 2611 1828 140 du cinquiême du present Mois, Interrogat^re

740 2768 1826 131 et reponces de l'accusé du vingt et uniême

752 2908 1588 129 du mesme Mois, Recollement et

745 3067 1772 143 Confrontations du vingt deux present

733 3210 1791 157 Mois Faittes et parfaittes, Nous

745 3379 1835 161 Avons trouvé, Le dit Simeon Carbonnel
