3136 3624
684 257 1271 137 a Repondu n'etre ny l'un n'y l'autre

694 360 1710 145 Interrogé s'il scait que le nommé Dumas est accusé du

644 448 1668 166 Crime de Desertion et s'il le croit veritablement deserteur.

678 561 1652 137 a Repondu qu'il croit qu'il est veritablement deserteur

668 686 1680 157 Interrogé qu'elle preuve il a pour Croire que ledit Jean

684 789 1255 131 françois monpas dit Dumas soit deserteur.

652 883 1746 163 a Repondu que ce soldat s'etant évadé de la Compagnie

646 984 1748 161 le Soir du départ de laditte Compagnie du petit goave pour

678 1085 1670 149 venir dans cette garnison et ne l'ayant pas veu joindre

666 1193 1700 161 sa compagnie n'y paroitre depuis ce temps la il jugeoit

666 1314 610 93 qu'il avoit déserté

650 1405 1682 141 Interrogé s'il a Connoissance que l'accusé ait emporté

632 1503 1347 131 avec luy quelques Choses de son uniforme

632 1602 1684 147 a Repondu qu'il n'a nulle connoissance que le dit

650 1723 1714 137 accusé ais emporté avec luy quelques Choses de son Uniforme

650 1803 1698 149 Interrogé s'il scait quel temps ledit accusé est

636 1908 1082 111 soldat dela Compagnie de Coulons

624 2009 1730 149 a Repondu qu'il croit que ledit Jean François Monpas

644 2099 1642 159 dit Dumas a été Incorporé dans laditte Compagnie

634 2206 993 111 de Coulons le neuf mars dernier.

620 2287 1688 175 Interrogé s'il luy a veu monter la garde, recevoir le

539 2418 826 100 prest et passer en revue

435 2496 1842 175 a Repondu qu'il ne luy a pas veu monter la garde

567 2625 1696 137 ny recevoir le prest, mais qu'il la veu passer en revüe

606 2701 1637 170 la veille du depart de la ditte Compagnie du petit goave.

614 2792 1688 193 Interrogé s'il a Connoissance que ce soldat aye été

602 2919 1702 179 maltraità ou qu'on luy ait retenu quelques Choses de

1198 3034 375 110 sept^e page

1323 3114 225 228 dmp
