3104 4224
730 711 1822 136 Veu Monter Lagarde, et Passer en reveüe

720 877 1789 141 Et qu'il se nomme Simon Carbonnel, dit

716 1039 1819 131 Saint Marcel, Luy Avons demandé

680 1194 1832 150 s'il scait que ledit Jean marcel soit

702 1372 1472 129 Arresté et la raison pour quoy

704 1546 1723 124 a dit quil Le scait que c'est pour

711 1706 1777 115 desertion, et qu'il na Jamais sceu qu'il

709 1842 1819 143 Voullût deserter ny quil eust lieu de le faire,

610 2022 1895 139 Luy avons demandé s'il n'a plus rien

694 2168 1778 138 a dire, contre Ledit Saint Marcel,

687 2344 1792 164 a dit que non et que cest un pauvre

636 2503 1540 153 Innocent, qui a l'esprit mal timbré,

673 2658 1794 181 Lecture a Luy Faitte de sa deposition

680 2816 1825 143 a dit quelle contient Verité, et ny voulloir

678 2947 1806 176 adjouter ny diminuer, et a signé, Minutte

673 3118 796 127 Signé du Plessis,

626 3247 1858 186 Avons fait venir aussy un homme de cinq

680 3407 1846 190 pieds ou environ de hauteur petits cheveux,
