2976 4224
797 678 1782 155 Saintes Evangilles de Dire la Vérité,

809 854 1829 178 L'avons Interrogé sur son nom celluy

840 1025 1758 141 de ses pere et mere le sien et sa

833 1185 1833 129 naissance, et sur sa profession et religion

746 1335 1948 162 A Repondu se nommer simeon Carbonnel

837 1497 1840 115 dit saint Marcel, fils d'antoinne

835 1642 1845 129 Carbonnel et d'Isabelle Ignague, des

840 1809 1849 124 pere et mere,Agé de vingt un an

833 1964 1851 133 natif de saint Marcel en provence, de la

788 2109 1875 143 Religion Catholique, Apostollique et

809 2264 1864 134 Romaine et soldat de la Compagnie

866 2421 1748 153 de Buttet, dela garnizon du Cap, a

797 2588 1887 152 Present detenu dans les prisons

854 2754 892 141 de la ditte Ville,

821 2923 1871 176 Interrogé par qui il a été arresté, en

873 3099 1767 151 quel endroit et pourquoy Conduit

847 3250 856 133 dans les prisons,

844 3374 1815 195 A Repondû qu'il s'est luy même
