3008 4200
689 591 1944 333 A Repondû qu'il n'a Rien a

795 854 1858 203 Leur reprocher, et qu'il les connoist

858 1033 1263 175 pour Gens de Bien,

753 1169 1809 198 Lecture Faite Audit Simeon

858 1318 1764 203 Carbonnel dit Saint Marcel de

882 1491 1689 184 Ces Informations, a dit quelles

882 1621 1817 196 contiennent Verité, et n'y avoir Rien a

900 1775 1825 203 augmenter ny diminuer. Il supplie seulleme^nt

900 1941 1827 170 Messieurs les officiers qui composent

861 2107 1871 165 Le Conseil de guerre de Considerer

921 2244 1837 194 que son dessein n'a jamais été de deserter,

919 2405 1773 182 et a Signé, au Cap le Vingt deux

928 2559 1813 185 Septembre Mile Sept Cents dix neuf,

914 2732 1662 182 Minutte signée S. Carbonnel,

347 3203 630 103 Conclusions de Mons.

343 3313 557 91 Le Ch^e d'Hericourt

350 3384 616 126 major faisant fonction

361 3481 495 114 de procureur du roy.

1068 3147 1722 227 Nous Major de saint Domingue

980 3367 938 283 servant au Cap,
