3104 4184
637 706 1392 142 Carbonnel dit Saint Marcel,

609 876 1769 137 Luy Avons demandé s'il scait pourquoy

597 1027 1267 137 Ledit soldat est arresté,

613 1201 1581 147 A dit que c'est pour avoir deserté,

606 1369 1777 134 Luy Avons demandl s'il a eu quelque

634 1508 1760 174 connoissance du dessein qu'a eu cet homme

611 1650 525 151 de deserter

613 1810 1758 168 A dit que non, que tout ce qu'il scait

669 1982 1683 149 c'est que ledit saint Marcel est un

604 2105 1746 163 Imbecil, qu'il ne scait ce qu'il fait

597 2250 1742 144 qu'étant venu de la même recrüe sur la

588 2375 1737 181 Fluste de Roy, le port defaix il

581 2517 1781 172 essaya des malgues de se sauver voullant

562 2673 1751 165 se jetter de la patte de la mere, dudit

590 2793 1753 214 vaisseau en l'eau, dont il fût empêshé

588 2954 1741 184 par un Caporal de ladite Recrüe,

544 3105 1806 198 Etant a la martinique, ledit saint marcel

546 3256 1783 184 se jetta du vaisseau dans la mer, et

548 3407 1784 228 dût Ratrapé par une pirogue a un
