<?xml version="1.0" encoding="UTF-8"?>
<alto xmlns:xsi="http://www.w3.org/2001/XMLSchema-instance"
      xmlns="http://www.loc.gov/standards/alto/ns-v4#"
      xsi:schemaLocation="http://www.loc.gov/standards/alto/ns-v4# http://www.loc.gov/standards/alto/v4/alto-4-2.xsd">
  <Description>
    <MeasurementUnit>pixel</MeasurementUnit>
    <sourceImageInformation>
      <fileName>FRCAOM06_COLE_241486A_0840.jpg</fileName>
    </sourceImageInformation>
  </Description>
  <Tags>
    <OtherTag ID="QZ7" LABEL="CustomZone" DESCRIPTION="block type CustomZone"/><OtherTag ID="QZ8" LABEL="DamageZone" DESCRIPTION="block type DamageZone"/><OtherTag ID="QZ9" LABEL="DigitizationArtefactZone" DESCRIPTION="block type DigitizationArtefactZone"/><OtherTag ID="QZ10" LABEL="DropCapitalZone" DESCRIPTION="block type DropCapitalZone"/><OtherTag ID="QZ11" LABEL="GraphicZone" DESCRIPTION="block type GraphicZone"/><OtherTag ID="QZ12" LABEL="MainZone" DESCRIPTION="block type MainZone"/><OtherTag ID="QZ13" LABEL="MarginTextZone" DESCRIPTION="block type MarginTextZone"/><OtherTag ID="QZ14" LABEL="MusicZone" DESCRIPTION="block type MusicZone"/><OtherTag ID="QZ15" LABEL="NumberingZone" DESCRIPTION="block type NumberingZone"/><OtherTag ID="QZ17" LABEL="QuireMarksZone" DESCRIPTION="block type QuireMarksZone"/><OtherTag ID="QZ18" LABEL="RunningTitleZone" DESCRIPTION="block type RunningTitleZone"/><OtherTag ID="QZ19" LABEL="SealZone" DESCRIPTION="block type SealZone"/><OtherTag ID="QZ20" LABEL="StampZone" DESCRIPTION="block type StampZone"/><OtherTag ID="QZ21" LABEL="TableZone" DESCRIPTION="block type TableZone"/><OtherTag ID="QZ22" LABEL="TitlePageZone" DESCRIPTION="block type TitlePageZone"/>
    <OtherTag ID="LT7" LABEL="CustomLine" DESCRIPTION="line type CustomLine"/><OtherTag ID="LT8" LABEL="DefaultLine" DESCRIPTION="line type DefaultLine"/><OtherTag ID="LT9" LABEL="DropCapitalLine" DESCRIPTION="line type DropCapitalLine"/><OtherTag ID="LT10" LABEL="HeadingLine" DESCRIPTION="line type HeadingLine"/><OtherTag ID="LT11" LABEL="InterlinearLine" DESCRIPTION="line type InterlinearLine"/><OtherTag ID="LT12" LABEL="MusicLine" DESCRIPTION="line type MusicLine"/>
  </Tags>
  <Layout>
    <Page WIDTH="3136"
          HEIGHT="3608"
          PHYSICAL_IMG_NR="146"
          ID="eSc_dummypage_">
      <PrintSpace HPOS="0"
                  VPOS="0"
                  WIDTH="3136"
                  HEIGHT="3608">
        <TextBlock HPOS="526"
                   VPOS="219"
                   WIDTH="1895"
                   HEIGHT="3226"
                   ID="eSc_textblock_586330af"
                   TAGREFS="QZ12">
          <Shape><Polygon POINTS="526 219 526 3445 1581 3445 2421 3445 2421 219"/></Shape>
          <TextLine ID="eSc_line_3a34d04a"
                    TAGREFS="LT8"
                    BASELINE="663 340 1132 340 1535 358 2358 354" 
                    HPOS="663"
                    VPOS="272"
                    WIDTH="1695"
                    HEIGHT="118">
            <Shape><Polygon POINTS="663 340 663 366 1102 364 1120 368 1168 380 1170 380 1172 380 1174 380 1207 368 1217 364 1229 368 1289 386 1291 386 1293 386 1822 378 1910 388 1912 390 2085 390 2085 388 2087 388 2089 388 2117 368 2121 368 2137 368 2273 380 2275 380 2356 368 2358 354 2354 304 2069 304 2061 302 1987 282 1985 282 1983 282 1981 282 1942 300 1914 300 1828 302 1820 300 1762 276 1760 276 1758 276 1756 276 1688 298 1680 300 1662 298 1545 284 1543 284 1541 284 1501 298 1491 300 1485 298 1465 284 1463 284 1461 284 1315 284 1291 272 1289 272 1122 272 1120 272 1118 272 1072 294 1064 298 990 298 982 294 926 272 924 272 832 272 830 272 828 272 779 292 777 292 695 280 693 280 691 280 663 290 663 340"/></Shape>
            <String CONTENT="La contumace bien instruite Contre ledit Jean"
                    HPOS="663"
                    VPOS="272"
                    WIDTH="1695"
                    HEIGHT="118"
                    ></String>
          </TextLine>
          <TextLine ID="eSc_line_cc142a7a"
                    TAGREFS="LT8"
                    BASELINE="655 446 1323 446 1702 457 2374 446" 
                    HPOS="655"
                    VPOS="388"
                    WIDTH="1719"
                    HEIGHT="99">
            <Shape><Polygon POINTS="2370 410 2157 410 2151 406 2125 390 2123 390 2121 390 2119 390 2117 390 2079 406 2067 412 1906 412 1886 404 1850 390 1848 390 1846 390 1844 390 1842 390 1824 402 1820 404 1796 402 1740 398 1738 398 1736 398 1734 398 1730 402 1716 410 1644 400 1634 400 1632 400 1624 400 1549 410 1525 400 1513 394 1511 394 1509 394 1507 394 1495 398 1469 410 1431 398 1399 388 1397 388 1395 388 1345 398 1267 412 1156 400 1154 400 1152 400 1112 412 1052 394 1040 390 1038 390 852 390 850 390 848 390 844 392 810 408 775 390 773 390 771 390 655 390 655 446 657 487 735 467 1068 467 1102 481 1110 485 1112 485 1114 485 1116 485 1126 481 1166 467 1275 479 1331 485 1333 485 1541 483 1543 483 1559 475 1570 469 1578 475 1588 483 1590 483 1592 483 1594 485 1900 485 1900 483 2374 463 2374 446 2370 410"/></Shape>
            <String CONTENT="françois monpas dit Dumas et la déclare düment"
                    HPOS="655"
                    VPOS="388"
                    WIDTH="1719"
                    HEIGHT="99"
                    ></String>
          </TextLine>
          <TextLine ID="eSc_line_3e647e6d"
                    TAGREFS="LT8"
                    BASELINE="645 533 926 537 1451 559 2347 559" 
                    HPOS="645"
                    VPOS="485"
                    WIDTH="1702"
                    HEIGHT="108">
            <Shape><Polygon POINTS="645 533 645 563 1004 559 1022 569 1038 579 1040 579 1042 579 1044 579 1106 569 1160 561 1219 571 1259 577 1261 577 1572 577 1620 587 1864 589 1866 589 1868 589 1870 589 1884 579 1894 571 1932 579 1944 581 1946 581 1999 579 2143 575 2155 581 2163 589 2165 589 2167 589 2169 589 2171 589 2193 583 2211 577 2225 583 2247 593 2249 593 2251 593 2253 593 2275 583 2281 581 2343 583 2347 559 2347 505 2309 503 2307 503 2305 503 2303 503 2303 505 2271 521 1995 521 1856 505 1786 497 1784 497 1740 505 1688 513 1662 505 1638 495 1636 495 1634 495 1632 495 1630 495 1616 505 1598 515 1547 515 1527 505 1503 493 1501 493 1499 493 1497 493 1463 505 1433 513 1403 505 1361 491 1359 491 1357 491 1355 491 1353 491 1333 505 1319 513 1263 513 1237 505 1187 489 1185 489 1183 489 1084 497 1072 487 1070 487 1068 487 986 487 984 487 900 505 894 505 892 505 854 485 852 485 850 485 790 495 751 485 749 485 747 485 645 503 645 533"/></Shape>
            <String CONTENT="atteint et Convaincu du Crime de desertion pour"
                    HPOS="645"
                    VPOS="485"
                    WIDTH="1702"
                    HEIGHT="108"
                    ></String>
          </TextLine>
          <TextLine ID="eSc_line_eea5d4fb"
                    TAGREFS="LT8"
                    BASELINE="639 653 1044 657 1517 673 2337 661" 
                    HPOS="639"
                    VPOS="601"
                    WIDTH="1698"
                    HEIGHT="106">
            <Shape><Polygon POINTS="639 677 703 689 705 689 707 689 735 677 739 677 956 677 960 677 984 687 986 687 988 687 1122 679 1187 705 1189 705 1191 705 1193 705 1241 691 1403 703 1405 703 1407 703 1451 689 1559 705 1561 705 1718 695 1738 705 1740 705 1742 707 2033 707 2033 705 2035 705 2111 677 2207 691 2209 691 2335 675 2337 661 2331 615 2261 627 2157 617 2155 617 2153 617 2123 629 1836 629 1798 609 1796 609 1794 609 1792 609 1784 609 1696 629 1561 629 1509 611 1507 611 1505 611 1503 611 1469 629 1389 629 1353 605 1345 601 1343 601 1341 601 1339 601 1277 603 1275 603 1273 603 1271 605 1251 619 1181 605 1160 601 976 601 974 601 962 603 910 615 876 605 874 605 872 605 804 617 745 601 743 601 741 601 639 601 639 653 639 677"/></Shape>
            <String CONTENT="reparation de quoy la Condamné a être passé par"
                    HPOS="639"
                    VPOS="601"
                    WIDTH="1698"
                    HEIGHT="106"
                    ></String>
          </TextLine>
          <TextLine ID="eSc_line_c216ffda"
                    TAGREFS="LT8"
                    BASELINE="611 775 1614 791 2217 779" 
                    HPOS="611"
                    VPOS="725"
                    WIDTH="1606"
                    HEIGHT="100">
            <Shape><Polygon POINTS="611 775 611 797 898 797 904 799 948 819 950 819 952 819 1038 803 1144 821 1146 821 1148 821 1211 799 1213 799 1217 799 1283 823 1285 823 1287 823 1355 811 1427 823 1429 823 1553 811 1592 825 1594 825 1596 825 2215 801 2217 779 2213 733 1989 733 1987 733 1985 733 1983 733 1946 759 1906 759 1852 735 1840 729 1838 729 1756 729 1754 729 1752 729 1750 729 1742 735 1714 755 1457 755 1425 737 1405 727 1403 727 1331 727 1329 727 1327 727 1325 727 1311 737 1307 741 1299 737 1279 731 1277 731 1275 731 1273 731 1271 731 1261 737 1237 751 1144 749 1130 739 1112 725 1110 725 1108 725 1056 725 1054 725 1052 725 1050 725 1030 739 1012 751 878 749 864 741 850 731 848 731 846 731 844 731 796 741 757 749 739 741 729 737 727 737 725 737 723 737 721 737 715 741 701 749 611 743 611 775"/></Shape>
            <String CONTENT="Les armes jusqu&#x27;à Ce que mort s&#x27;ensuive et a"
                    HPOS="611"
                    VPOS="725"
                    WIDTH="1606"
                    HEIGHT="100"
                    ></String>
          </TextLine>
          <TextLine ID="eSc_line_e74f5402"
                    TAGREFS="LT8"
                    BASELINE="641 881 1600 899 2354 885" 
                    HPOS="641"
                    VPOS="827"
                    WIDTH="1713"
                    HEIGHT="101">
            <Shape><Polygon POINTS="641 881 641 904 904 904 942 922 944 922 946 922 1048 906 1066 920 1068 920 1070 920 1072 920 1074 920 1126 908 1213 924 1215 924 1395 916 1467 926 1469 928 1818 928 1818 926 1820 926 1872 908 1956 926 1958 926 2352 908 2354 885 2347 835 2319 845 2129 837 2119 837 2117 837 2115 837 2065 849 2027 837 2019 835 2017 835 2015 835 1999 837 1908 857 1574 857 1529 843 1493 831 1491 831 1489 831 1487 831 1455 841 1401 829 1399 829 1397 829 1395 829 1371 843 1369 845 1365 843 1329 829 1327 829 1132 829 1130 829 1128 829 1088 847 1070 855 1026 855 1012 847 998 839 996 839 994 839 906 847 874 851 868 849 846 833 844 833 842 833 840 833 771 839 719 827 717 827 715 827 713 827 641 849 641 881"/></Shape>
            <String CONTENT="ordonné qu&#x27;au dessaut de sa personne; la presente"
                    HPOS="641"
                    VPOS="827"
                    WIDTH="1713"
                    HEIGHT="101"
                    ></String>
          </TextLine>
          <TextLine ID="eSc_line_f9c2cd4e"
                    TAGREFS="LT8"
                    BASELINE="643 998 2341 1014" 
                    HPOS="643"
                    VPOS="934"
                    WIDTH="1698"
                    HEIGHT="110">
            <Shape><Polygon POINTS="643 998 643 1028 733 1016 920 1018 938 1028 942 1032 944 1032 946 1032 948 1032 966 1028 1022 1018 1096 1028 1098 1028 1225 1020 1335 1028 1423 1036 1425 1036 1427 1036 1451 1028 1475 1022 1553 1028 1656 1038 1658 1038 1660 1038 1682 1028 1692 1024 1700 1028 1716 1040 1718 1040 1720 1040 1940 1042 1942 1042 2023 1030 2129 1044 2131 1044 2339 1028 2341 1014 2341 978 2259 948 2257 948 2117 946 2115 946 2113 946 2063 972 2059 976 1950 976 1942 970 1902 944 1900 944 1898 944 1896 944 1894 944 1824 968 1816 972 1808 968 1762 948 1760 948 1758 948 1756 948 1716 968 1704 972 1533 972 1515 964 1493 956 1491 956 1489 956 1487 956 1485 956 1475 964 1463 970 1295 970 1261 960 1185 938 1183 938 1020 936 1018 936 1016 936 1014 936 986 954 974 962 958 954 944 948 942 948 940 948 938 948 926 954 918 958 908 954 874 936 872 936 870 936 868 936 818 950 735 934 733 934 643 948 643 998"/></Shape>
            <String CONTENT="sentence sera lüe et publiée a la teste des Troupes"
                    HPOS="643"
                    VPOS="934"
                    WIDTH="1698"
                    HEIGHT="110"
                    ></String>
          </TextLine>
          <TextLine ID="eSc_line_771e2050"
                    TAGREFS="LT8"
                    BASELINE="637 1104 2347 1124" 
                    HPOS="635"
                    VPOS="1050"
                    WIDTH="1712"
                    HEIGHT="106">
            <Shape><Polygon POINTS="637 1104 635 1130 948 1124 990 1134 1020 1142 1022 1142 1024 1142 1026 1142 1028 1142 1038 1134 1052 1126 1122 1134 1138 1136 1140 1136 1150 1134 1185 1128 1199 1134 1225 1148 1227 1148 1375 1150 1377 1150 1379 1150 1409 1138 1447 1150 1449 1150 1533 1152 1535 1152 1537 1152 1563 1140 1730 1154 1732 1154 1820 1142 1836 1154 1836 1156 1838 1156 1840 1156 1842 1156 1914 1140 2011 1148 2013 1148 2095 1138 2101 1138 2103 1138 2151 1154 2153 1154 2155 1154 2157 1154 2159 1154 2175 1142 2215 1150 2217 1150 2345 1138 2347 1124 2347 1088 2319 1072 2317 1072 2315 1072 2313 1072 2311 1072 2267 1088 2263 1090 2241 1088 2155 1080 2153 1080 2079 1086 2047 1088 2039 1086 2009 1072 2007 1072 2005 1072 2003 1072 1956 1084 1948 1086 1942 1084 1920 1074 1918 1074 1916 1074 1874 1082 1866 1084 1862 1082 1826 1062 1824 1062 1784 1062 1782 1062 1780 1062 1778 1062 1748 1080 1742 1084 1714 1080 1658 1072 1656 1072 1620 1078 1602 1082 1596 1078 1572 1062 1570 1062 1568 1062 1565 1062 1563 1062 1513 1076 1495 1082 1479 1076 1433 1058 1431 1058 1429 1058 1307 1066 1287 1056 1285 1056 1164 1056 1162 1056 1160 1056 1118 1070 1102 1078 982 1078 964 1068 950 1062 948 1062 946 1062 944 1062 922 1068 910 1070 906 1068 886 1054 884 1054 882 1054 808 1050 806 1050 725 1064 691 1070 637 1064 637 1104"/></Shape>
            <String CONTENT="qui seront pour Cet effet mises en Bataille et qu&#x27;il"
                    HPOS="635"
                    VPOS="1050"
                    WIDTH="1712"
                    HEIGHT="106"
                    ></String>
          </TextLine>
          <TextLine ID="eSc_line_77dbc899"
                    TAGREFS="LT8"
                    BASELINE="641 1216 2223 1230" 
                    HPOS="641"
                    VPOS="1170"
                    WIDTH="1582"
                    HEIGHT="80">
            <Shape><Polygon POINTS="641 1216 641 1242 866 1234 900 1244 908 1246 910 1246 912 1246 954 1244 1090 1236 1213 1246 1259 1248 1261 1250 2221 1250 2223 1230 2221 1196 1922 1194 1914 1190 1876 1180 1874 1180 1872 1180 1684 1186 1682 1186 1656 1174 1654 1174 1652 1174 1582 1186 1549 1190 1511 1184 1435 1172 1433 1172 1341 1182 1297 1186 1269 1180 1219 1170 1217 1170 1215 1170 1187 1180 1166 1186 641 1172 641 1216"/></Shape>
            <String CONTENT="sera mis au pied de la ditte Sentence un proces"
                    HPOS="641"
                    VPOS="1170"
                    WIDTH="1582"
                    HEIGHT="80"
                    ></String>
          </TextLine>
          <TextLine ID="eSc_line_f0bff2a0"
                    TAGREFS="LT8"
                    BASELINE="625 1322 930 1316 2366 1336" 
                    HPOS="623"
                    VPOS="1260"
                    WIDTH="1743"
                    HEIGHT="103">
            <Shape><Polygon POINTS="625 1322 623 1342 872 1334 984 1346 1008 1348 1010 1348 1030 1346 1096 1338 1128 1346 1140 1350 1142 1350 1144 1350 1183 1346 1251 1340 1271 1348 1279 1350 1281 1350 1283 1350 1303 1348 1341 1340 1365 1348 1379 1352 1381 1352 1527 1355 1529 1355 1531 1355 1547 1348 1565 1342 1630 1348 1726 1359 1977 1361 1979 1361 2025 1350 2033 1348 2037 1350 2059 1363 2061 1363 2063 1363 2065 1363 2115 1350 2139 1363 2141 1363 2143 1363 2203 1352 2327 1363 2329 1363 2331 1363 2364 1350 2366 1336 2366 1292 2323 1282 2321 1282 2271 1290 2215 1300 2047 1300 1995 1288 1932 1276 1930 1276 1928 1276 1900 1288 1880 1294 1854 1286 1810 1274 1808 1274 1806 1274 1804 1274 1764 1286 1736 1294 1698 1286 1640 1272 1638 1272 1636 1272 1606 1284 1588 1292 1405 1282 1305 1278 1303 1278 1301 1278 1299 1278 1293 1282 1281 1288 1092 1288 1082 1280 1078 1276 1076 1276 1074 1276 1072 1276 1044 1280 1010 1284 998 1280 962 1264 960 1264 864 1262 862 1262 860 1262 824 1276 763 1260 761 1260 659 1260 657 1260 655 1260 625 1272 625 1322"/></Shape>
            <String CONTENT="Verbal de son execution par Jean Baptiste Goguetel"
                    HPOS="623"
                    VPOS="1260"
                    WIDTH="1743"
                    HEIGHT="103"
                    ></String>
          </TextLine>
          <TextLine ID="eSc_line_fd5c4269"
                    TAGREFS="LT8"
                    BASELINE="641 1423 1168 1421 2309 1437" 
                    HPOS="639"
                    VPOS="1357"
                    WIDTH="1670"
                    HEIGHT="114">
            <Shape><Polygon POINTS="641 1423 639 1455 804 1457 806 1457 808 1457 814 1455 862 1439 910 1453 912 1453 914 1453 916 1453 936 1445 950 1455 954 1459 956 1459 958 1459 960 1459 980 1455 1042 1441 1118 1455 1134 1457 1136 1457 1138 1457 1144 1455 1177 1441 1197 1455 1209 1463 1211 1463 1213 1463 1215 1465 1273 1465 1273 1463 1275 1463 1277 1463 1289 1455 1305 1443 1351 1443 1373 1455 1379 1457 1381 1457 1383 1457 1411 1455 1481 1445 1497 1453 1497 1455 1499 1455 1501 1455 1503 1457 1740 1457 1760 1469 1762 1469 1764 1469 1766 1471 1890 1471 1890 1469 1892 1469 1950 1453 1961 1451 2157 1451 2159 1453 2179 1463 2181 1463 2183 1463 2307 1451 2309 1437 2307 1401 1884 1401 1868 1391 1828 1365 1826 1365 1824 1365 1756 1363 1724 1363 1722 1363 1720 1363 1718 1363 1682 1387 1664 1397 1527 1397 1509 1383 1479 1361 1477 1361 1475 1361 1439 1361 1437 1361 1435 1361 1397 1381 1383 1389 1371 1381 1369 1381 1367 1381 1365 1381 1295 1393 1243 1381 1241 1381 1239 1381 1237 1381 1207 1393 1148 1375 1090 1357 1088 1357 1086 1357 641 1363 641 1423"/></Shape>
            <String CONTENT="greffier, fait au fort s^t Loüis Ce quatrieme jour"
                    HPOS="639"
                    VPOS="1357"
                    WIDTH="1670"
                    HEIGHT="114"
                    ></String>
          </TextLine>
          <TextLine ID="eSc_line_68ab653a"
                    TAGREFS="LT8"
                    BASELINE="637 1515 2303 1537" 
                    HPOS="635"
                    VPOS="1453"
                    WIDTH="1668"
                    HEIGHT="112">
            <Shape><Polygon POINTS="637 1515 635 1537 741 1545 743 1545 775 1539 808 1533 836 1539 860 1545 862 1545 864 1545 896 1539 934 1533 976 1541 1014 1547 1016 1547 1054 1541 1090 1535 1102 1541 1122 1551 1124 1551 1126 1551 1128 1551 1152 1541 1164 1537 1235 1543 1323 1549 1325 1549 1365 1543 1395 1539 1499 1541 1503 1545 1519 1555 1521 1555 1523 1555 1525 1555 1527 1555 1545 1547 1570 1557 1572 1557 1574 1557 1634 1549 1848 1561 1850 1561 1981 1549 2071 1561 2073 1561 2075 1561 2115 1551 2181 1565 2183 1565 2301 1549 2303 1537 2301 1475 2153 1491 2093 1479 2091 1479 2023 1489 1995 1473 1989 1469 1987 1469 1985 1469 1928 1469 1926 1469 1924 1469 1922 1469 1918 1473 1904 1481 1830 1473 1772 1467 1770 1467 1768 1467 1754 1473 1724 1485 1694 1473 1680 1467 1678 1467 1676 1467 1642 1473 1614 1477 1600 1473 1586 1467 1584 1467 1582 1467 1580 1467 1563 1473 1537 1483 1395 1483 1325 1471 1231 1459 1229 1459 1146 1471 1120 1475 1098 1471 1048 1461 1046 1461 1044 1461 1012 1471 1000 1475 992 1471 964 1457 962 1457 860 1455 858 1455 856 1455 804 1469 753 1453 751 1453 749 1453 637 1469 637 1515"/></Shape>
            <String CONTENT="de mois de may de l&#x27;année mil sept Cent trente"
                    HPOS="635"
                    VPOS="1453"
                    WIDTH="1668"
                    HEIGHT="112"
                    ></String>
          </TextLine>
          <TextLine ID="eSc_line_1f1ff692"
                    TAGREFS="LT8"
                    BASELINE="659 1613 1090 1617 1754 1637 2364 1633" 
                    HPOS="657"
                    VPOS="1543"
                    WIDTH="1707"
                    HEIGHT="124">
            <Shape><Polygon POINTS="659 1613 657 1629 822 1643 824 1643 826 1643 846 1633 848 1633 850 1635 880 1653 882 1653 884 1653 936 1655 938 1655 940 1655 996 1637 1000 1635 1078 1635 1114 1639 1168 1647 1170 1647 1239 1643 1289 1639 1299 1643 1321 1655 1323 1655 1325 1655 1387 1645 1405 1643 1425 1647 1475 1655 1477 1655 1533 1649 1535 1649 1574 1663 1576 1663 1578 1663 1580 1663 1618 1651 1624 1649 1686 1651 1979 1667 1981 1667 1983 1667 2011 1659 2045 1647 2077 1659 2085 1663 2087 1663 2089 1663 2109 1661 2181 1649 2255 1663 2257 1663 2259 1663 2261 1663 2305 1651 2358 1665 2364 1633 2362 1591 2225 1563 2223 1563 2221 1563 2219 1563 2185 1585 2181 1587 2149 1585 2061 1575 2059 1575 1930 1577 1730 1583 1680 1571 1668 1569 1666 1569 1636 1569 1596 1571 1590 1569 1565 1555 1563 1555 1561 1555 1495 1565 1415 1579 1347 1561 1307 1551 1305 1551 1303 1551 1301 1551 1299 1551 1287 1559 1211 1549 1209 1549 1207 1549 1205 1549 1193 1557 1164 1575 1136 1557 1134 1557 1132 1557 1130 1557 1038 1571 958 1551 936 1545 934 1545 659 1543 659 1613"/></Shape>
            <String CONTENT="un signé a L&#x27;original de Brach. le Ch^er de Coulons"
                    HPOS="657"
                    VPOS="1543"
                    WIDTH="1707"
                    HEIGHT="124"
                    ></String>
          </TextLine>
          <TextLine ID="eSc_line_cd289ff8"
                    TAGREFS="LT8"
                    BASELINE="633 1711 1046 1709 1618 1733 2364 1737" 
                    HPOS="633"
                    VPOS="1643"
                    WIDTH="1731"
                    HEIGHT="142">
            <Shape><Polygon POINTS="633 1711 633 1741 673 1735 685 1743 695 1751 697 1751 699 1751 701 1753 701 1751 703 1751 705 1751 715 1743 729 1735 763 1735 840 1747 870 1751 872 1751 874 1751 876 1751 880 1747 898 1737 1016 1737 1040 1751 1060 1765 1062 1765 1064 1765 1066 1767 1148 1767 1148 1765 1150 1765 1152 1765 1166 1755 1187 1743 1237 1757 1255 1761 1257 1761 1259 1761 1261 1761 1269 1757 1301 1743 1335 1759 1355 1769 1357 1769 1359 1771 1437 1771 1437 1769 1439 1769 1465 1763 1519 1747 1612 1765 1652 1773 1654 1773 1710 1769 1806 1759 1842 1771 1858 1777 1860 1777 1862 1777 1900 1773 2035 1755 2085 1777 2095 1781 2097 1781 2099 1781 2117 1779 2205 1759 2275 1781 2279 1783 2281 1783 2283 1785 2362 1785 2364 1737 2364 1707 2253 1687 2251 1687 2249 1687 2213 1701 2205 1703 2191 1699 2155 1691 2153 1691 2151 1691 2149 1691 2131 1697 2121 1703 1967 1703 1916 1689 1846 1673 1844 1673 1842 1673 1816 1685 1794 1697 1586 1681 1584 1681 1513 1693 1491 1679 1489 1679 1487 1679 1485 1679 1483 1679 1457 1691 1395 1671 1377 1665 1375 1665 1373 1665 1371 1665 1357 1669 1303 1685 1263 1669 1261 1669 1259 1669 1257 1669 1191 1685 1078 1659 1034 1649 1032 1649 1030 1649 1002 1655 950 1669 918 1669 898 1651 892 1647 890 1647 888 1647 633 1643 633 1711"/></Shape>
            <String CONTENT="de malues Bignort, Daguesseau de Bailleul gadroy"
                    HPOS="633"
                    VPOS="1643"
                    WIDTH="1731"
                    HEIGHT="142"
                    ></String>
          </TextLine>
          <TextLine ID="eSc_line_d11cb81f"
                    TAGREFS="LT8"
                    BASELINE="633 1820 1008 1816 1706 1836 2067 1836" 
                    HPOS="631"
                    VPOS="1753"
                    WIDTH="1436"
                    HEIGHT="127">
            <Shape><Polygon POINTS="633 1820 631 1834 679 1854 681 1854 683 1854 685 1854 687 1854 713 1836 719 1832 733 1836 769 1848 771 1848 773 1848 775 1848 806 1838 824 1832 864 1840 884 1842 886 1842 942 1840 1076 1836 1088 1844 1100 1852 1102 1852 1104 1852 1106 1852 1183 1846 1243 1840 1257 1846 1275 1856 1277 1856 1279 1856 1281 1856 1309 1848 1323 1844 1329 1848 1339 1856 1341 1856 1343 1856 1345 1856 1411 1850 1417 1850 1457 1872 1459 1872 1461 1872 1527 1862 1568 1872 1570 1872 1572 1872 1574 1872 1608 1858 1640 1868 1642 1868 1644 1868 1646 1868 1648 1868 1664 1854 1668 1854 1744 1876 1746 1876 1824 1878 1958 1880 1961 1880 1963 1880 2003 1862 2023 1852 2061 1862 2067 1836 2065 1799 2037 1799 2033 1797 2005 1775 2003 1775 2001 1775 1999 1775 1942 1779 1940 1779 1938 1779 1922 1793 1916 1799 1830 1799 1822 1791 1810 1781 1810 1779 1808 1779 1806 1779 1804 1779 1802 1779 1774 1789 1754 1795 1716 1787 1668 1777 1666 1777 1664 1777 1640 1785 1610 1793 1537 1781 1531 1781 1529 1781 1525 1781 1459 1791 1435 1777 1433 1777 1431 1777 1429 1777 1427 1777 1425 1777 1405 1791 1339 1791 1309 1773 1299 1769 1297 1769 1295 1769 1293 1769 1291 1769 1287 1773 1263 1789 1219 1789 1199 1771 1189 1761 1187 1761 1185 1761 1183 1761 1144 1769 1114 1775 1102 1767 1092 1759 1090 1759 1088 1759 990 1759 988 1759 986 1759 984 1759 980 1763 972 1769 958 1763 948 1759 946 1759 944 1759 942 1759 932 1761 884 1777 818 1759 806 1755 804 1755 802 1755 788 1757 741 1767 707 1755 703 1753 701 1753 633 1753 633 1820"/></Shape>
            <String CONTENT="de paradis, de massip et goguetel greffier"
                    HPOS="631"
                    VPOS="1753"
                    WIDTH="1436"
                    HEIGHT="127"
                    ></String>
          </TextLine>
          <TextLine ID="eSc_line_421fd1c7"
                    TAGREFS="LT8"
                    BASELINE="593 1988 1120 2002 1692 2028 2253 2030" 
                    HPOS="591"
                    VPOS="1926"
                    WIDTH="1662"
                    HEIGHT="148">
            <Shape><Polygon POINTS="593 1988 591 2012 659 2028 661 2028 663 2028 689 2022 715 2036 717 2036 719 2036 721 2036 723 2036 743 2022 822 2020 994 2048 996 2048 1112 2042 1114 2042 1148 2028 1305 2040 1329 2056 1331 2056 1333 2056 1335 2056 1407 2042 1463 2060 1465 2060 1467 2060 1535 2048 1555 2058 1557 2058 1559 2058 1610 2050 1702 2066 1704 2066 1760 2056 1852 2068 1854 2068 1856 2068 1908 2048 2017 2074 2019 2074 2021 2074 2079 2052 2249 2054 2253 2030 2249 1980 2195 1994 2131 1976 2099 1968 2097 1968 2095 1968 2063 1974 2009 1988 1782 1986 1758 1968 1750 1962 1748 1962 1746 1962 1700 1956 1698 1956 1696 1956 1694 1956 1678 1966 1654 1980 1545 1980 1469 1962 1415 1950 1413 1950 1411 1950 1389 1960 1359 1972 1319 1958 1301 1952 1299 1952 1297 1952 1239 1956 1229 1956 1201 1938 1199 1938 1197 1938 1020 1934 1018 1934 1016 1934 982 1944 956 1932 954 1932 749 1926 747 1926 745 1926 707 1944 681 1956 593 1942 593 1988"/></Shape>
            <String CONTENT="L&#x27;an mil sept Cent trente un et le quatrieme jour"
                    HPOS="591"
                    VPOS="1926"
                    WIDTH="1662"
                    HEIGHT="148"
                    ></String>
          </TextLine>
          <TextLine ID="eSc_line_17157b51"
                    TAGREFS="LT8"
                    BASELINE="637 2112 1022 2108 1902 2132 2273 2132" 
                    HPOS="637"
                    VPOS="2052"
                    WIDTH="1636"
                    HEIGHT="116">
            <Shape><Polygon POINTS="637 2112 637 2136 854 2128 880 2140 892 2144 894 2144 896 2144 898 2144 916 2140 956 2130 1080 2130 1156 2132 1174 2142 1197 2152 1199 2152 1201 2152 1403 2144 1435 2144 1439 2144 1455 2156 1457 2156 1459 2156 1461 2156 1557 2148 1622 2160 1624 2160 1728 2152 1744 2162 1746 2162 1748 2162 1750 2162 1822 2148 1840 2146 1860 2148 1958 2166 1961 2166 1963 2166 2015 2150 2019 2150 2021 2150 2055 2160 2057 2160 2059 2160 2159 2154 2179 2168 2181 2168 2183 2168 2185 2168 2271 2152 2273 2132 2269 2082 2175 2088 2147 2080 2143 2078 2141 2078 2139 2078 2137 2078 2135 2078 2135 2080 2115 2094 2077 2094 1981 2076 1946 2072 1944 2072 1942 2072 1940 2072 1934 2076 1906 2094 1844 2094 1786 2078 1784 2078 1782 2078 1780 2078 1778 2078 1760 2090 1632 2090 1608 2074 1606 2074 1604 2074 1602 2074 1600 2074 1559 2086 1413 2086 1387 2068 1381 2064 1379 2064 1377 2064 1303 2060 1301 2060 1269 2066 1223 2076 1112 2066 1110 2066 1108 2066 1106 2066 1086 2078 1054 2064 1046 2060 1044 2060 1042 2060 1018 2062 962 2070 948 2062 936 2054 934 2054 932 2054 818 2052 816 2052 779 2060 729 2070 637 2058 637 2112"/></Shape>
            <String CONTENT="du mois de may mil sept cent trente un, la presente"
                    HPOS="637"
                    VPOS="2052"
                    WIDTH="1636"
                    HEIGHT="116"
                    ></String>
          </TextLine>
          <TextLine ID="eSc_line_4df05fe8"
                    TAGREFS="LT8"
                    BASELINE="629 2208 1122 2212 1692 2234 2263 2236" 
                    HPOS="627"
                    VPOS="2156"
                    WIDTH="1636"
                    HEIGHT="115">
            <Shape><Polygon POINTS="629 2208 627 2246 777 2230 884 2232 906 2250 910 2255 912 2255 914 2255 916 2257 968 2257 968 2255 970 2255 978 2250 1006 2236 1118 2236 1203 2246 1205 2246 1291 2240 1321 2252 1337 2259 1339 2259 1341 2259 1343 2259 1367 2252 1377 2250 1391 2252 1463 2265 1874 2271 1876 2271 1878 2271 1880 2271 1902 2255 1904 2252 2017 2252 2033 2255 2115 2271 2117 2271 2119 2271 2149 2257 2261 2257 2263 2236 2259 2200 2109 2202 2097 2196 2073 2180 2071 2180 2069 2180 2067 2180 2065 2180 2033 2194 2015 2202 1991 2194 1987 2192 1985 2192 1983 2192 1975 2192 1918 2202 1624 2198 1586 2184 1584 2184 1582 2184 1580 2184 1578 2184 1559 2192 1545 2184 1527 2170 1525 2170 1523 2170 1461 2168 1459 2168 1457 2168 1433 2180 1425 2186 1419 2180 1403 2168 1401 2168 1399 2168 1327 2166 1325 2166 1323 2166 1297 2178 1269 2190 1231 2176 1213 2170 1211 2170 1209 2170 1207 2170 1195 2176 1172 2186 1124 2174 1078 2162 1076 2162 1074 2162 1008 2172 986 2174 970 2170 930 2160 928 2160 926 2160 878 2168 856 2172 832 2168 775 2156 773 2156 629 2162 629 2208"/></Shape>
            <String CONTENT="sentence cy dessus et de l&#x27;autre part a été lüe et"
                    HPOS="627"
                    VPOS="2156"
                    WIDTH="1636"
                    HEIGHT="115"
                    ></String>
          </TextLine>
          <TextLine ID="eSc_line_81b6b72d"
                    TAGREFS="LT8"
                    BASELINE="653 2323 910 2323 1758 2351 2241 2351" 
                    HPOS="653"
                    VPOS="2261"
                    WIDTH="1588"
                    HEIGHT="124">
            <Shape><Polygon POINTS="2241 2305 2071 2293 2069 2293 2067 2293 2053 2299 2037 2307 2019 2297 2005 2291 2003 2291 2001 2291 1999 2291 1983 2297 1946 2311 1900 2297 1898 2297 1896 2297 1894 2297 1870 2309 1772 2297 1770 2297 1768 2297 1766 2297 1750 2307 1728 2297 1726 2297 1724 2297 1644 2305 1604 2289 1602 2289 1600 2289 1598 2289 1561 2299 1537 2287 1535 2287 1533 2287 1435 2299 1405 2281 1403 2281 1401 2281 1399 2281 1397 2281 1363 2297 1215 2297 1172 2283 1170 2283 1168 2283 1090 2291 1052 2271 1042 2267 1040 2267 966 2267 964 2267 962 2267 960 2267 958 2269 930 2289 886 2289 800 2265 786 2261 784 2261 781 2261 779 2261 767 2263 705 2281 655 2261 653 2323 653 2353 784 2339 950 2345 972 2357 980 2361 982 2361 984 2361 986 2361 998 2357 1034 2347 1064 2359 1070 2361 1072 2361 1074 2361 1100 2359 1205 2349 1265 2351 1283 2361 1297 2369 1299 2369 1301 2369 1357 2361 1383 2359 1407 2363 1467 2373 1469 2375 2025 2375 2083 2385 2085 2385 2087 2385 2129 2371 2131 2371 2237 2371 2241 2351 2241 2305"/></Shape>
            <String CONTENT="publiée a haute et Intelligible voix a la teste des"
                    HPOS="653"
                    VPOS="2261"
                    WIDTH="1588"
                    HEIGHT="124"
                    ></String>
          </TextLine>
          <TextLine ID="eSc_line_bd40db4c"
                    TAGREFS="LT8"
                    BASELINE="607 2425 1838 2449 2259 2445" 
                    HPOS="605"
                    VPOS="2367"
                    WIDTH="1654"
                    HEIGHT="116">
            <Shape><Polygon POINTS="607 2425 605 2445 643 2463 645 2463 709 2465 711 2467 802 2467 802 2465 864 2449 870 2449 876 2451 928 2465 930 2465 932 2465 994 2453 1004 2451 1016 2453 1108 2469 1110 2469 1197 2455 1207 2455 1279 2455 1281 2457 1301 2469 1303 2469 1305 2469 1307 2469 1309 2469 1351 2459 1357 2457 1363 2459 1407 2473 1409 2473 1411 2473 1413 2473 1461 2461 1485 2473 1487 2473 1489 2473 1602 2463 1608 2463 1626 2475 1628 2475 1630 2475 1774 2483 1776 2483 1930 2469 1952 2467 1969 2469 2051 2483 2053 2483 2055 2483 2057 2483 2075 2471 2079 2469 2255 2473 2259 2445 2257 2399 1975 2399 1973 2399 1971 2399 1942 2415 1896 2415 1854 2391 1850 2387 1848 2387 1846 2387 1844 2387 1842 2387 1834 2389 1772 2411 1475 2393 1473 2393 1471 2393 1451 2403 1409 2385 1407 2385 1405 2385 1297 2397 1223 2385 1221 2385 1219 2385 1170 2401 1032 2381 1030 2381 902 2391 882 2377 880 2377 878 2377 876 2377 779 2389 717 2369 715 2369 607 2367 607 2425"/></Shape>
            <String CONTENT="Troupes etant en Bataille par moy Jean Baptiste"
                    HPOS="605"
                    VPOS="2367"
                    WIDTH="1654"
                    HEIGHT="116"
                    ></String>
          </TextLine>
          <TextLine ID="eSc_line_146991ec"
                    BASELINE="646 2510 1028 2533 2283 2541" 
                    HPOS="640"
                    VPOS="2459"
                    WIDTH="1642"
                    HEIGHT="120">
            <Shape><Polygon POINTS="643 2507 640 2561 760 2549 832 2567 859 2567 929 2552 1112 2570 1277 2558 1292 2570 1292 2573 1434 2558 1792 2579 2279 2567 2282 2540 2276 2489 2194 2498 2149 2477 2137 2477 2137 2480 2113 2498 1951 2498 1921 2474 1909 2474 1864 2495 1407 2492 1401 2480 1389 2471 1389 2468 1271 2465 1187 2486 1127 2465 1025 2486 995 2462 983 2462 944 2477 944 2480 929 2462 781 2477 715 2459 643 2474 643 2507"/></Shape>
            <String CONTENT="gogueter greffier Conformement et en Execution de la"
                    HPOS="640"
                    VPOS="2459"
                    WIDTH="1642"
                    HEIGHT="120"
                    ></String>
          </TextLine>
          <TextLine ID="eSc_line_bc0925bb"
                    BASELINE="646 2622 2187 2643" 
                    HPOS="643"
                    VPOS="2564"
                    WIDTH="1542"
                    HEIGHT="142">
            <Shape><Polygon POINTS="2185 2642 2182 2597 1996 2579 1987 2579 1966 2597 1846 2597 1807 2579 1798 2579 1743 2594 1665 2573 1395 2588 1295 2567 1145 2585 1079 2567 1004 2582 983 2564 971 2564 935 2582 775 2564 760 2564 703 2579 646 2564 643 2621 646 2672 679 2651 844 2672 886 2672 1037 2654 1085 2678 1094 2678 1133 2657 1199 2693 1337 2696 1428 2660 1515 2660 1587 2702 1632 2702 1632 2699 1638 2699 1638 2696 1668 2669 1749 2702 1752 2706 1921 2706 1921 2702 1927 2702 1966 2672 2098 2693 2182 2666 2185 2642"/></Shape>
            <String CONTENT="presente sentence. Signé a l&#x27;original goguetel"
                    HPOS="643"
                    VPOS="2564"
                    WIDTH="1542"
                    HEIGHT="142"
                    ></String>
          </TextLine>
          <TextLine ID="eSc_line_96730343"
                    TAGREFS="LT8"
                    BASELINE="621 2724 976 2716" 
                    HPOS="617"
                    VPOS="2645"
                    WIDTH="359"
                    HEIGHT="125">
            <Shape><Polygon POINTS="621 2724 621 2770 709 2770 711 2770 713 2770 713 2768 723 2760 737 2748 751 2758 755 2760 757 2760 759 2760 761 2760 763 2760 777 2754 836 2730 972 2730 976 2716 972 2653 912 2645 910 2645 908 2645 906 2645 894 2657 888 2661 872 2657 834 2647 832 2647 830 2647 828 2647 798 2661 792 2663 788 2661 757 2651 755 2651 753 2651 751 2651 749 2651 733 2665 729 2669 617 2669 621 2724"/></Shape>
            <String CONTENT="greffier."
                    HPOS="617"
                    VPOS="2645"
                    WIDTH="359"
                    HEIGHT="125"
                    ></String>
          </TextLine>
          <TextLine ID="eSc_line_f73d0fca"
                    TAGREFS="LT8"
                    BASELINE="657 2828 2251 2854" 
                    HPOS="655"
                    VPOS="2762"
                    WIDTH="1596"
                    HEIGHT="120">
            <Shape><Polygon POINTS="657 2828 655 2840 982 2860 984 2860 1265 2852 1283 2866 1283 2868 1285 2868 1287 2868 1289 2868 1437 2860 1471 2870 1473 2870 1475 2870 1477 2870 1507 2860 1519 2870 1519 2872 1521 2872 1523 2872 1525 2872 1632 2858 1682 2874 1684 2874 1686 2874 1856 2872 1858 2872 1882 2862 1950 2876 1952 2876 2117 2868 2187 2882 2189 2882 2191 2882 2249 2866 2251 2854 2245 2800 2217 2810 2201 2798 2185 2786 2183 2786 2181 2786 2179 2786 2177 2786 2175 2786 2159 2798 2155 2800 2137 2798 2111 2794 2109 2794 2107 2794 2105 2794 2103 2796 2079 2812 1916 2812 1880 2792 1878 2792 1876 2792 1874 2792 1872 2792 1870 2792 1840 2808 1804 2792 1776 2778 1774 2778 1772 2778 1770 2778 1768 2778 1750 2790 1730 2804 1688 2804 1650 2788 1618 2774 1616 2774 1614 2774 1612 2774 1574 2786 1521 2804 1453 2788 1451 2788 1343 2794 1327 2782 1325 2782 1323 2782 1321 2782 1319 2782 1265 2796 1195 2780 1193 2780 1191 2780 1189 2780 1076 2794 976 2790 938 2774 904 2762 902 2762 900 2762 657 2768 657 2828"/></Shape>
            <String CONTENT="Collationné par moy greffier sur l&#x27;original du"
                    HPOS="655"
                    VPOS="2762"
                    WIDTH="1596"
                    HEIGHT="120"
                    ></String>
          </TextLine>
          <TextLine ID="eSc_line_117df674"
                    TAGREFS="LT8"
                    BASELINE="635 2928 1004 2926 2243 2952" 
                    HPOS="635"
                    VPOS="2868"
                    WIDTH="1608"
                    HEIGHT="114">
            <Shape><Polygon POINTS="635 2928 635 2958 735 2940 784 2960 790 2962 792 2962 864 2964 866 2964 868 2964 882 2960 938 2944 1022 2944 1056 2960 1072 2968 1074 2968 1076 2968 1130 2962 1217 2950 1275 2950 1293 2962 1305 2972 1307 2972 1309 2972 1311 2972 1373 2970 1375 2970 1389 2962 1407 2954 1632 2956 1646 2964 1668 2976 1670 2976 1672 2976 1674 2976 1706 2966 1726 2980 1728 2980 1730 2980 1732 2980 1734 2980 1784 2964 1794 2962 1800 2964 1832 2982 1834 2982 1836 2982 1928 2966 1940 2964 1963 2966 2105 2980 2107 2980 2241 2966 2243 2952 2241 2920 1989 2916 1981 2910 1956 2898 1954 2898 1952 2898 1904 2908 1882 2912 1718 2912 1698 2902 1680 2892 1678 2892 1676 2892 1674 2892 1672 2892 1662 2900 1650 2908 1505 2908 1445 2894 1391 2882 1389 2882 1321 2890 1291 2892 1249 2886 1179 2878 1177 2878 1144 2884 1110 2890 956 2890 916 2876 908 2874 906 2874 904 2874 866 2874 711 2880 635 2868 635 2928"/></Shape>
            <String CONTENT="present procès fait au fort s^t Loüis Ce quatrieme jour"
                    HPOS="635"
                    VPOS="2868"
                    WIDTH="1608"
                    HEIGHT="114"
                    ></String>
          </TextLine>
          <TextLine ID="eSc_line_15a485a0"
                    TAGREFS="LT8"
                    BASELINE="623 3020 1780 3032" 
                    HPOS="621"
                    VPOS="2968"
                    WIDTH="1159"
                    HEIGHT="102">
            <Shape><Polygon POINTS="623 3020 621 3032 691 3046 693 3046 695 3046 725 3036 733 3034 786 3038 860 3044 862 3044 926 3042 1066 3038 1122 3048 1201 3064 1203 3066 1289 3066 1289 3064 1291 3064 1293 3064 1293 3062 1303 3054 1305 3052 1319 3054 1361 3062 1363 3062 1387 3056 1427 3048 1489 3060 1523 3066 1525 3066 1527 3066 1529 3066 1529 3064 1533 3062 1549 3046 1588 3058 1590 3058 1592 3058 1654 3048 1674 3066 1676 3066 1676 3068 1678 3068 1680 3068 1682 3070 1778 3070 1780 3032 1772 2978 1748 2996 1588 2996 1543 2978 1535 2976 1533 2976 1531 2976 1529 2976 1523 2978 1497 2994 1421 2994 1407 2980 1407 2978 1405 2978 1403 2978 1401 2978 1399 2978 1397 2978 1397 2980 1379 2990 1339 2980 1333 2978 1331 2978 1329 2978 1327 2978 1323 2980 1303 2990 1291 2980 1285 2974 1283 2974 1281 2974 1279 2974 1231 2980 1172 2986 1124 2980 1082 2974 1080 2974 1078 2974 1076 2974 1076 2976 1072 2980 1062 2988 1014 2980 988 2976 986 2976 954 2980 908 2986 902 2980 892 2972 892 2970 890 2970 888 2970 886 2970 884 2970 848 2980 826 2986 814 2980 790 2968 788 2968 641 2968 639 2968 637 2968 635 2968 623 2974 623 3020"/></Shape>
            <String CONTENT="du mois de may mil sept cent trente un"
                    HPOS="621"
                    VPOS="2968"
                    WIDTH="1159"
                    HEIGHT="102"
                    ></String>
          </TextLine>
          <TextLine ID="eSc_line_ef0a6254"
                    TAGREFS="LT8"
                    BASELINE="609 3148 1104 3122 1636 3122 1730 3117" 
                    HPOS="604"
                    VPOS="3045"
                    WIDTH="1124"
                    HEIGHT="124">
            <Shape><Polygon POINTS="1716 3063 1602 3054 1587 3072 1476 3072 1458 3054 1446 3054 1365 3075 1340 3051 1340 3048 1277 3045 1277 3048 1244 3075 1169 3072 1145 3051 1145 3048 1136 3048 1022 3051 920 3072 799 3057 799 3060 772 3087 718 3060 706 3060 670 3090 604 3093 607 3169 1725 3132 1728 3114 1725 3111 1716 3063"/></Shape>
            <String CONTENT="verifié sur l&#x27;original par nous"
                    HPOS="604"
                    VPOS="3045"
                    WIDTH="1124"
                    HEIGHT="124"
                    ></String>
          </TextLine>
          <TextLine ID="eSc_line_5d14a213"
                    BASELINE="1731 3117 1858 3110 2119 3110" 
                    HPOS="1728"
                    VPOS="3036"
                    WIDTH="388"
                    HEIGHT="90">
            <Shape><Polygon POINTS="1728 3099 1728 3114 1728 3120 2110 3126 2116 3108 2110 3036 1743 3057 1728 3099"/></Shape>
            <String CONTENT="Goguetel"
                    HPOS="1728"
                    VPOS="3036"
                    WIDTH="388"
                    HEIGHT="90"
                    ></String>
          </TextLine>
          <TextLine ID="eSc_line_92d99757"
                    TAGREFS="LT8"
                    BASELINE="615 3227 1487 3189 2095 3203" 
                    HPOS="613"
                    VPOS="3132"
                    WIDTH="1482"
                    HEIGHT="123">
            <Shape><Polygon POINTS="615 3227 615 3255 761 3253 763 3253 765 3253 798 3227 934 3249 942 3249 944 3249 946 3249 948 3249 992 3225 1311 3221 1313 3221 1349 3211 1425 3223 1427 3223 1429 3223 1469 3209 1620 3215 1622 3215 1738 3203 1798 3229 1800 3229 1802 3229 1804 3229 1971 3227 1973 3227 1975 3227 1977 3225 1993 3215 2093 3221 2095 3203 2091 3152 1848 3156 1798 3132 1796 3132 1794 3132 1792 3132 1708 3156 1616 3156 1553 3136 1551 3136 1549 3136 1547 3136 1517 3152 1439 3148 1437 3148 1435 3148 1433 3148 1409 3167 1375 3140 1373 3140 1371 3140 1369 3140 1287 3150 1164 3144 1162 3144 1160 3144 1112 3163 1092 3146 1090 3146 1088 3146 1086 3146 1084 3146 1056 3161 986 3148 984 3148 982 3148 980 3148 946 3177 870 3169 868 3169 747 3181 665 3163 663 3163 661 3163 613 3183 615 3227"/></Shape>
            <String CONTENT="major au fort s^t louis ce quatrieme"
                    HPOS="613"
                    VPOS="3132"
                    WIDTH="1482"
                    HEIGHT="123"
                    ></String>
          </TextLine>
          <TextLine ID="eSc_line_4440def4"
                    TAGREFS="LT8"
                    BASELINE="607 3289 1844 3241" 
                    HPOS="605"
                    VPOS="3193"
                    WIDTH="1239"
                    HEIGHT="110">
            <Shape><Polygon POINTS="1746 3195 1744 3195 1730 3207 1694 3195 1686 3195 1666 3195 1662 3193 1606 3199 1604 3199 1572 3217 1570 3217 1568 3217 1531 3207 1529 3207 1527 3207 1525 3207 1523 3207 1507 3219 1505 3219 1495 3219 1367 3215 1365 3215 1363 3215 1361 3215 1361 3217 1351 3225 1317 3215 1315 3215 1313 3215 1311 3215 1309 3215 1295 3227 1233 3211 1231 3211 1229 3211 1227 3211 1199 3221 1160 3213 1158 3213 1156 3213 1154 3213 1138 3225 1058 3217 1056 3217 1054 3217 982 3239 966 3225 966 3223 964 3223 962 3223 960 3223 958 3223 956 3223 928 3241 848 3243 802 3227 800 3227 798 3227 796 3227 741 3249 739 3249 733 3249 645 3241 643 3241 641 3241 605 3251 607 3289 607 3303 1844 3263 1844 3241 1838 3207 1784 3207 1758 3195 1746 3195"/></Shape>
            <String CONTENT="iour du mois de may de l&#x27;année mille"
                    HPOS="605"
                    VPOS="3193"
                    WIDTH="1239"
                    HEIGHT="110"
                    ></String>
          </TextLine>
          <TextLine ID="eSc_line_1d9e631c"
                    TAGREFS="LT8"
                    BASELINE="605 3353 1413 3315" 
                    HPOS="601"
                    VPOS="3267"
                    WIDTH="812"
                    HEIGHT="114">
            <Shape><Polygon POINTS="1191 3267 1189 3267 1187 3267 1140 3285 1090 3277 1088 3277 1018 3293 1014 3293 1012 3293 974 3277 972 3277 970 3277 854 3285 852 3285 820 3301 731 3289 729 3289 727 3289 725 3289 725 3291 707 3307 653 3293 651 3293 649 3293 647 3293 601 3309 605 3353 605 3381 715 3381 715 3379 717 3379 719 3379 719 3377 725 3373 735 3361 755 3371 771 3377 773 3377 775 3377 844 3371 846 3371 870 3363 904 3353 922 3361 932 3365 934 3365 936 3365 938 3365 960 3357 988 3349 998 3355 1012 3365 1014 3365 1016 3365 1018 3365 1020 3365 1070 3351 1072 3351 1074 3351 1110 3361 1112 3361 1114 3361 1116 3361 1150 3347 1156 3343 1162 3345 1179 3353 1181 3353 1183 3353 1185 3353 1187 3353 1187 3351 1197 3343 1203 3337 1243 3337 1267 3339 1341 3347 1343 3347 1345 3347 1347 3347 1369 3333 1373 3331 1411 3331 1413 3315 1407 3275 1225 3279 1193 3267 1191 3267"/></Shape>
            <String CONTENT="sept cents trente et un."
                    HPOS="601"
                    VPOS="3267"
                    WIDTH="812"
                    HEIGHT="114"
                    ></String>
          </TextLine>
          <TextLine ID="eSc_line_39f17d12"
                    TAGREFS="LT8"
                    BASELINE="1072 3401 1479 3383" 
                    HPOS="1068"
                    VPOS="3313"
                    WIDTH="413"
                    HEIGHT="168">
            <Shape><Polygon POINTS="1409 3317 1389 3317 1369 3319 1363 3319 1305 3333 1291 3335 1283 3335 1229 3323 1229 3325 1209 3325 1197 3325 1177 3341 1172 3345 1068 3349 1072 3401 1076 3481 1481 3479 1479 3383 1473 3321 1409 3313 1409 3317"/></Shape>
            <String CONTENT="de massip"
                    HPOS="1068"
                    VPOS="3313"
                    WIDTH="413"
                    HEIGHT="168"
                    ></String>
          </TextLine>
        </TextBlock>
        <TextBlock HPOS="292"
                   VPOS="2273"
                   WIDTH="441"
                   HEIGHT="359"
                   ID="eSc_textblock_b60a3614"
                   TAGREFS="QZ20">
          <Shape><Polygon POINTS="292 2273 292 2411 292 2632 733 2632 733 2273"/></Shape>
        </TextBlock>
      </PrintSpace>
    </Page>
  </Layout>
</alto>
