3136 3624
187 658 474 118 # pour reparation

201 771 292 62 d'iceluy.

197 863 437 99 approuvé le

191 958 340 80 renvoie

235 1002 429 218 de massip

676 283 1642 113 bien consideré apres avoir jugé la validité de

672 384 1616 111 l'engagement du nommé Jean françois Monpas

650 473 1710 118 dit Dumas soldat dela Compagnie de Coulons, nous

625 564 1677 139 le trouvons düement atteint et connaissent du Crime

658 661 1704 163 de désertion # nous concluons pour le Roy a Ce que

628 791 1730 121 Ledit Jean françois Monpas dit Dumas soit Condamné

648 916 1611 100 a etre passé par les armes jusqu'a Ceque mort

676 999 1644 130 s'ensuive et qu'au deffaut de sa personne la sentence

668 1123 1616 103 contre luy rendüe par le Conseil de guerre soit lüe

654 1228 1646 100 et publiée a la teste des troupes qui seront pour cet

648 1328 1636 125 effet mises en Bataille fait eu fort s^t Loüis ce

650 1439 1684 119 deuxieme jour du mois de may de l'année mil sept cent

640 1548 981 113 trente un, signé de massip.

1224 3024 403 112 onzieme page

1278 3126 222 99 dmp
