3040 4224
863 678 1775 178 Compagnie l'avois Vû passer en reveüe

833 863 1798 164 et Monter la Garde, et qu'il se

873 1027 1803 139 nomme Simon Carbonnel dit saint

894 1227 488 129 Marcel,

840 1346 1864 188 Luy Avons demandé s'il scait le dit

887 1586 1404 115 soldat arresté et pourquoy

861 1748 1812 148 A dit quil le scait, et que c'est pour

885 1921 835 134 Avoir deserté,

852 2093 1805 155 Luy Avons demandé s'il a eu

899 2259 1821 162 quelque connoissance du dessein que le dit

894 2433 1305 113 avoir de deserter

887 2546 1873 176 A dit que non, que tout ce qu'il a a dire

910 2712 1829 155 c'est que le dit Saint Marcel n'a pas le

887 2877 1075 122 sens bien Rassis

863 3031 1796 141 qui est tout ce qu'il a dit scavoir,

917 3182 1810 145 Lecture a luy faitte de sa deposition

929 3341 1787 179 a dit quelle contient verité, et en
