3232 4264
796 1670 1613 125 L'honneir de vous envoier cÿ joint de la lettre du s^r du parc

793 1797 1633 133 Lieutenant qui a son défaut, Commande ma trouppe au fort

796 1928 1642 140 Royal de facôn que le bien du service m'oblige de vous reiterer

798 2065 1642 126 la demande, que la première nouvelle de l'accident de M. Amman

793 2186 1638 168 j'ay pris la liberté, Monseigneur, de vous faire déjà de Vouloir

791 2319 1642 154 bien accorder au S^r la grace de le Revêtir dela Croix

791 2468 1644 142 de s^t Louis et donner des ordres pour le passage de ces officiers sur

781 2612 1650 145 le premier Vaissean qui fera voille pour la Martinique, comme

786 2750 1640 113 on m'observe aussi qu'il est deut plusieurs Congé dans ma trouppe

786 2882 1638 138 qui ÿ sert, je vous supplie, Monseigneur, d'avoir la bonté d'ordonner

786 3010 1645 138 que Cinquante hommes que j'ay a envoier a Cette Compagnie soient

786 3134 1645 120 embarqué sur le même Vaisseau avec Cet officier. mais je dois

781 3273 1659 119 vous remarquer qu'il me paroist bien difficile, pour ne pas

781 3396 1616 124 dire impossible, que, sans les exposer visiblement a la

781 3508 1647 154 contagion, ils puissent l'être dans la fregatte du Roy que
