3008 4224
852 711 1810 157 Bruns gros œïls et fasse plaine,

859 872 1752 153 aagé de vingt ans, lequel apres

852 1039 1848 143 serment par luy presté de dire verité,

826 1217 1876 144 Luy Avons demandé son nom et qualité

873 1379 1815 136 Celluy de ses pere et mere, le lieu de sa

871 1530 1223 126 naissance et de sa religion,

840 1647 1888 178 A dit se nommer Joseph Comte dit la jrophlée.

861 1818 1750 115 Fils de Pierre Conte et de anne

885 1964 1822 122 Dauteau, ses pere et mere natif de soulliers

880 2102 1818 122 Evêché de Toulon, de la religion Catholique

882 2234 1794 126 apostolique et Romaine, soldat de la

892 2358 1808 136 Compagnie du sieur Buttet, dont est le

875 2508 1834 136 soldat arresté en prisons de cette ville,

899 2677 1075 113 et accusé de desertion,

866 2801 1824 144 Luy Avons demandé s'il connoist le

880 2973 998 126 soldat qui est arresté,

882 3102 1848 138 A dit le Connoître pour soldat de ladite

908 3257 1825 129 Compagnie l'avois Vû passer en reveüe

904 3390 1815 167 et monter la garde, et qu'il se nomme Simeon
