2157 2809
585 199 29 64 à
704 187 162 69 Paris
958 187 36 69 le
1087 196 0 53 5
1190 191 165 72 fevrier
1422 204 78 57 175

1534 198 4 60 1

931 289 112 57 4.
1100 288 123 58 Piece
1315 250 172 85 Cottée
1569 235 109 86 O.

443 430 35 51 je
534 412 77 70 n'ai
667 409 106 76 point
836 402 182 83 encore,
1060 384 84 97 Ma
1186 385 101 104 chere
1333 403 156 93 femme
1557 434 65 48 eté
1669 452 1 35 a
1726 440 205 65 versailles

431 514 25 65 je
505 510 29 65 va
597 515 93 55 dans
753 514 20 61 le
850 513 152 64 moment
1065 517 73 65 chez
1206 522 96 62 M^r
1360 522 310 85 D'armentieres
1716 556 60 53 qui
1823 557 36 55 en
1901 559 124 57 revient

421 596 144 82 scavoir
640 599 51 78 s'il
754 623 0 39 a
823 609 52 55 vû
944 603 17 64 le
1036 609 220 86 Ministre,
1292 617 27 74 je
1380 617 82 84 scay
1505 633 65 69 que
1632 627 47 76 ma
1730 645 179 61 presence

416 685 257 80 embarassera
737 709 34 60 un
820 707 105 77 peu,
955 720 33 65 je
1032 715 91 66 crois
1171 714 224 81 cependant
1448 729 99 58 qu'on
1609 752 53 41 m'a
1717 747 81 76 assez
1846 752 81 75 fait
1968 749 29 72 de

425 787 71 62 mal
563 792 87 52 pour
708 798 128 47 penser
894 808 15 43 à
980 812 37 47 me
1057 806 99 54 faire
1202 809 45 57 du
1288 812 134 74 bien,
1465 839 61 48 j'ai
1584 849 102 46 sorcé
1734 855 61 40 une
1852 859 151 48 maison

409 864 97 59 dans
559 870 24 53 la
645 888 56 42 rüe
763 885 156 57 grenelle
971 891 48 49 vis
1071 899 2 44 a
1108 895 61 52 vis
1238 903 26 58 la
1325 907 102 54 croix
1506 913 130 68 Rouge
1692 937 75 47 qui
1810 942 43 48 est
1905 946 39 49 un

412 955 52 64 des
519 962 94 66 plus
659 962 98 59 beau
827 972 182 67 quartier
1064 976 33 53 de
1157 981 151 66 paris,
1347 986 74 54 elle
1481 1001 48 43 me
1567 1001 149 61 coutera
1782 1008 122 61 3400
1958 1021 33 50 et

394 1058 23 52 je
469 1061 154 54 pourrai
670 1067 33 48 en
768 1055 103 62 loues
922 1063 160 58 environ
1141 1080 100 48 pour
1300 1073 147 63 600^lt,
1486 1095 35 53 je
1556 1087 92 64 vais
1706 1089 208 77 travailler

402 1139 1 49 a
455 1129 28 60 la
550 1146 90 60 faire
704 1135 190 68 meubler,
925 1141 143 63 ensuite
1120 1154 24 50 je
1182 1164 98 51 vous
1320 1170 177 63 envoires
1540 1168 216 81 chercher,
1783 1177 82 77 j'ay
1895 1179 128 78 acheté

399 1226 57 50 une
519 1225 74 56 fort
661 1215 85 67 belle
803 1218 131 63 chaise
984 1225 31 64 de
1068 1237 134 70 posse,
1233 1256 32 43 on
1331 1245 42 54 me
1415 1248 164 72 cherche
1630 1266 67 58 une
1749 1260 151 72 breline
1949 1275 36 59 de

394 1296 181 63 rancontre
641 1296 113 79 belle,
794 1310 59 70 qui
916 1317 33 59 me
999 1319 146 57 coutera
1216 1328 129 53 moins,
1395 1337 29 63 ta
1478 1340 84 72 pige
1617 1348 81 61 bien
1754 1366 60 42 ma
1854 1360 103 59 chere

390 1367 138 64 enfast
587 1374 53 70 de
704 1399 68 46 mos
821 1388 195 64 embaras
1084 1413 94 57 dans
1236 1417 23 53 la
1317 1416 140 64 detresse
1510 1418 165 76 d'argent
1717 1437 44 60 où
1783 1433 24 66 je
1864 1446 59 57 suis

372 1458 22 59 il
442 1459 150 64 fautra
676 1464 22 69 se
752 1468 195 74 retourner
1000 1482 84 62 pour
1127 1492 151 62 pouvoir
1325 1498 105 70 enfite
1482 1499 50 71 me
1568 1504 95 65 finer
1710 1526 286 65 agreablement

367 1562 71 44 ies,
502 1560 54 47 mes
606 1558 155 75 respects
812 1568 272 67 complimenes
1122 1574 26 65 et
1197 1582 172 72 amitiés
1407 1592 81 62 aux
1549 1596 139 72 dames
1713 1618 27 53 et
1800 1621 4 56 a
1854 1623 55 58 nos
1942 1620 84 65 bons

361 1644 106 61 amis
523 1645 60 65 que
628 1635 233 77 j'emorasse
964 1652 85 54 dites
1097 1658 85 64 bien
1248 1664 56 71 des
1351 1674 126 61 choses
1531 1699 15 47 à
1578 1700 27 54 la
1653 1683 101 74 chere
1804 1710 107 63 sœus
1938 1708 89 60 pour

372 1734 66 54 moy
489 1740 19 51 et
555 1743 93 49 soyés
709 1734 76 54 l'un
839 1744 25 50 et
937 1750 133 52 l'autre
1106 1754 217 77 persuade,
1352 1764 55 70 que
1445 1768 18 68 je
1493 1777 30 50 ne
1568 1787 39 40 me
1642 1788 208 58 regarderai
1880 1799 134 64 content

368 1822 48 62 que
476 1814 108 73 quand
632 1818 89 69 vous
778 1832 89 45 serés
914 1835 148 71 aupres
1108 1838 30 63 de
1180 1849 95 72 moi,
1328 1850 31 72 je
1404 1852 209 67 tembrase
1653 1877 25 51 et
1718 1877 112 58 aime
1870 1880 88 69 bien

363 1894 258 59 tendrement

725 1928 46 50 De
843 1903 272 91 Conflant

766 248 37 59 Ene

644 291 239 78 CrheCTIONntnele

726 353 4 64 i
