2133 2805
1559 119 70 38 N.
1660 119 120 47 Piece
1823 119 109 44 cotte
1982 119 65 40 O.

653 162 116 68 Lités
848 171 46 56 ma
973 152 116 73 Lettre
1173 165 31 57 en
1313 148 256 72 Particulier

459 283 100 59 Tieucrer
605 294 95 61 tnnLg

561 322 0 39 E

848 274 0 48 a
933 250 114 78 Paris
1120 249 23 73 le
1211 262 34 68 19
1319 246 148 82 fevrier
1518 246 102 78 1752

378 375 60 76 j'ai
485 392 97 60 reçou
658 385 66 56 ma
772 369 119 77 petitte
933 369 113 79 mere,
1075 372 90 72 vôtre
1229 372 103 78 Lettre
1391 375 37 62 du
1474 374 73 63 15,
1587 374 67 88 c'est
1688 392 66 71 tout
1795 397 25 66 ce
1854 395 61 69 qui
1950 394 30 64 me

364 458 104 73 touche
522 451 18 86 le
589 455 97 80 plus,
741 465 31 57 ma
832 451 225 88 satisfaution
1118 453 24 66 ne
1191 454 250 72 commemera
1501 454 92 70 dans
1641 460 44 69 son
1732 464 111 75 entiér
1901 473 63 66 que

369 537 128 77 forsque
545 541 57 74 que
644 540 14 75 je
700 541 76 72 vous
825 531 181 86 posséderés
1056 531 118 81 aupres
1218 531 25 61 de
1299 531 74 86 moi,
1417 531 25 81 je
1473 532 118 66 verrai
1628 534 19 64 le
1703 531 162 68 ministre
1921 545 81 61 dans

372 609 66 68 huit
482 613 41 64 où
573 608 46 62 dix
673 610 116 63 jours,
828 599 76 75 mais
943 601 21 71 je
1014 604 66 63 n'en
1124 599 121 67 attond
1295 600 60 60 pas
1411 599 120 71 grande
1581 599 120 68 chose,
1726 601 20 69 il
1806 613 61 55 m'a
1912 599 75 66 fait

376 693 71 59 plus
501 682 26 60 de
590 676 77 72 mal
731 674 87 63 qu'il
868 680 25 60 ne
953 680 35 49 me
1053 673 105 65 ferait
1208 673 25 61 de
1293 671 75 70 bien
1423 674 95 67 dans
1583 671 237 75 l'Eternité,
1843 682 23 61 je
1898 680 83 62 crois

371 752 187 87 cependant
601 762 52 76 que
694 758 26 77 je
775 746 312 76 l'embaraseres
1130 748 27 84 et
1198 751 82 81 pour
1323 756 69 73 peu
1448 743 81 76 qu'il
1579 740 37 64 me
1666 747 106 68 donne
1814 760 145 55 occasion

371 847 22 58 je
435 834 135 71 n'aurai
608 831 50 70 pas
710 824 28 71 de
786 843 89 55 peine
948 821 11 60 à
1018 821 25 62 le
1092 821 178 71 convirere
1319 823 25 62 de
1408 827 25 48 la
1483 819 128 68 verité,
1635 814 99 77 enfin
1774 817 202 72 j'attendrai

377 904 236 75 palienment
695 893 44 69 les
798 888 133 83 bontées
978 888 37 78 du
1086 890 103 83 Roy,
1242 883 73 70 mais
1368 884 25 77 le
1452 880 97 90 siecle
1590 885 49 76 est
1680 885 61 79 dur

382 1009 33 63 je
477 992 32 77 le
565 981 98 81 dirai
714 981 68 75 ma
834 978 97 68 chere
977 975 138 76 femme
1173 997 55 55 que
1292 971 96 71 M^rs
1429 970 31 85 de
1512 971 173 83 Cousage
1726 986 25 48 et
1803 973 120 73 d'oisy

395 1090 130 48 peusent
575 1072 260 67 serieutement
897 1065 12 62 à
966 1064 27 68 ta
1056 1064 117 73 sœur,
1209 1061 138 73 cousage
1398 1059 75 58 m'en
1530 1072 1 43 a
1583 1073 85 51 ecrit
1725 1069 22 57 et
1804 1071 44 60 me
1884 1061 106 69 parse

383 1153 39 64 de
463 1136 73 80 ch^r
584 1139 147 76 doisy,
775 1131 25 76 tu
861 1133 77 72 scai
982 1141 53 56 que
1098 1130 23 59 la
1195 1125 132 79 fortune
1379 1123 23 68 de
1465 1123 40 76 lon
1568 1123 81 70 Pere
1700 1136 23 59 ne
1775 1120 46 74 lui
1861 1138 132 63 permet

385 1224 29 61 de
464 1215 28 74 la
556 1214 124 70 marier
738 1215 52 76 que
835 1210 87 72 dans
976 1208 109 78 quatre
1134 1214 24 52 ou
1213 1218 67 69 cinq
1334 1215 80 59 ans,
1456 1210 19 55 il
1528 1208 1 57 a
1571 1206 86 74 assez
1698 1206 32 82 de
1771 1222 86 66 peine
1905 1207 37 80 de

403 1290 0 70 u
499 1300 91 66 faire
646 1301 1 51 a
696 1286 42 73 les
780 1287 265 81 engagements
1089 1291 78 49 avec
1217 1282 84 64 moi,
1332 1283 21 63 et
1390 1288 20 77 ce
1461 1282 97 77 seroit
1608 1289 72 63 nous
1724 1281 103 67 casser
1878 1281 20 71 le
1935 1282 46 68 col

404 1361 103 78 nops
565 1380 48 59 que
676 1360 28 70 de
762 1358 124 76 penser
943 1367 1 64 a
1007 1358 33 69 de
1094 1357 181 76 pareilles
1307 1357 112 72 choses
1473 1360 187 70 apresent,
1708 1364 90 65 prend
1857 1361 70 62 donc

389 1452 101 68 toue
542 1456 12 60 à
602 1441 124 64 carler
794 1436 248 73 honestement
1110 1435 45 67 les
1200 1439 202 47 amoureux;
1432 1448 24 37 et
1506 1433 49 52 sur
1590 1435 64 61 tout
1713 1438 0 52 a
1771 1450 26 58 la
1850 1436 154 71 conduite

386 1518 34 82 de
474 1525 21 75 ta
555 1514 91 86 sœur
707 1531 45 67 qui
801 1522 127 75 pouroit
970 1525 33 65 en
1045 1508 158 83 prendre
1246 1510 57 55 une
1352 1506 77 58 dole
1497 1506 70 85 trop
1622 1502 82 78 forte
1741 1510 26 64 et
1791 1504 214 70 dangereuse

389 1594 28 90 je
451 1596 71 87 scai
564 1592 120 89 qu'elle
730 1599 3 73 a
806 1587 120 85 grand
992 1585 107 70 enrie
1153 1584 27 62 de
1241 1588 20 59 se
1316 1582 125 64 marier
1477 1586 26 69 et
1546 1594 125 70 qu'elle
1720 1593 137 71 compte
1912 1586 119 72 qu'elle

382 1676 140 70 tiendra
596 1669 21 69 ce
679 1663 62 79 bon
793 1661 84 84 dieu
929 1668 67 77 par
1054 1660 49 83 les
1143 1659 102 78 pieds
1292 1658 96 58 dans
1428 1667 25 50 ce
1500 1659 107 59 tems,
1654 1657 72 57 mais
1773 1661 54 59 elle
1874 1673 30 64 ne
1939 1673 84 62 peuse

397 1751 42 73 n'y
489 1764 31 57 au
558 1758 60 66 peu
667 1743 24 70 de
759 1748 70 69 bien
886 1742 140 81 qu'elle
1077 1750 40 61 a,
1157 1741 40 71 n'y
1244 1750 0 65 a
1290 1739 92 57 celui
1428 1739 57 56 des
1531 1743 132 52 autres,
1704 1747 74 56 peut
1801 1745 58 56 etre
1905 1747 80 57 aussi

398 1835 30 67 un
471 1834 64 67 peu
583 1823 35 71 de
673 1823 159 76 jalontie
875 1824 64 71 par
987 1819 125 78 raport
1167 1820 57 51 aux
1279 1820 231 51 avantages
1566 1834 51 36 que
1662 1815 50 60 tou
1767 1815 85 74 Pere
1896 1831 69 51 nous
1997 1831 1 57 a

381 1905 93 59 fait,
507 1903 56 61 lui
595 1890 184 75 persuade
852 1888 130 58 qu'elle
1024 1895 31 51 en
1112 1888 63 57 doit
1221 1891 94 56 avoir
1367 1891 166 46 autant,
1570 1889 58 72 cela
1679 1902 109 63 pourra
1835 1888 64 70 etre
1944 1888 73 63 dans

383 1966 175 76 l'avenir,
598 1964 82 76 mais
733 1959 28 77 il
819 1955 82 87 faut
954 1956 131 61 donner
1140 1952 25 62 le
1213 1954 93 60 tems
1354 1966 38 54 au
1440 1951 81 71 cher
1594 1951 81 76 Pere
1723 1951 31 81 de
1796 1961 106 77 payer
1944 1971 25 56 ce
2011 1971 1 54 –

397 2041 85 71 qu'il
523 2034 67 71 doit
637 2033 25 67 et
703 2032 211 69 d'arranger
967 2032 43 75 son
1069 2032 73 61 bien
1196 2039 55 69 qui
1293 2034 72 79 n'est
1406 2050 61 63 pas
1521 2050 12 40 à
1593 2029 168 80 beaucoup
1815 2042 78 64 pres
1929 2030 90 74 dans

386 2130 30 54 sa
457 2111 165 72 valeur,
646 2117 83 65 ainsi
783 2106 92 72 tache
931 2106 25 59 de
1017 2106 20 61 la
1098 2106 208 63 detourner,
1336 2115 51 49 car
1448 2113 147 67 l'amour
1645 2103 107 75 qu'elle
1797 2124 152 50 pouroit

395 2198 156 64 acquerir
606 2183 118 82 n'utes
772 2192 57 73 que
883 2185 23 64 la
966 2182 117 65 raison
1161 2182 50 60 lui
1254 2180 107 81 feroit
1409 2190 79 68 peut
1516 2181 55 72 etre
1626 2181 95 78 faire
1776 2188 150 69 quelque

391 2265 137 67 lottise,
568 2275 23 42 je
631 2258 163 69 voudrois
834 2258 61 73 fort
936 2264 1 45 a
984 2269 76 38 vous
1108 2254 53 55 dire
1209 2263 81 63 vray
1338 2268 48 57 que
1428 2268 70 57 vous
1546 2252 128 71 fassies
1738 2258 96 52 touttes
1882 2248 37 66 les
1951 2254 64 58 deux

394 2344 127 68 aupres
565 2332 35 71 de
644 2349 99 61 moy,
764 2334 93 76 parce
889 2333 57 74 que
997 2326 74 51 nous
1110 2326 81 56 nous
1235 2321 234 52 amuserions
1519 2327 1 52 a
1582 2321 86 65 autre
1712 2318 121 74 chose,
1877 2334 30 60 je
1940 2332 114 61 crains

391 2423 55 68 fort
502 2423 56 67 que
608 2423 67 58 M^r
721 2418 136 65 fougen
921 2398 77 82 n'ais
1038 2399 107 79 perdu
1207 2393 44 69 ses
1285 2390 289 74 etablissements
1620 2387 60 68 par
1732 2385 18 68 le
1796 2382 230 69 tremblement

397 2497 25 61 de
470 2491 114 67 terre,
621 2493 56 65 qui
718 2494 2 61 a
792 2491 122 56 Ruiné
952 2483 60 61 tout
1059 2478 26 54 le
1128 2480 59 54 cul
1240 2475 30 68 de
1323 2474 50 70 sac
1425 2486 26 53 et
1503 2480 167 57 renversé
1708 2469 21 61 la
1771 2469 89 69 ville
1908 2468 35 62 du

398 2573 76 69 Port
524 2583 38 56 au
614 2586 160 54 prince,
814 2567 59 72 j'en
919 2565 65 61 suis
1031 2563 89 65 dans
1163 2565 63 68 une
1263 2562 216 73 inquietade
1537 2563 179 63 mortelle,
1747 2566 53 56 car
1858 2561 79 59 nous
