2147 2767
1118 175 1 27 d
1248 175 1 35 2
1363 175 146 40 evvier
1571 176 129 53 1759

736 261 91 58 burue

819 272 131 77 Dstevenll

1108 242 127 67 Piece
1312 232 138 75 cottée

367 335 158 65 JJ'ai
581 354 109 45 receu
924 341 116 79 chere
1095 333 131 86 pette
1268 337 123 90 Mere
1451 363 116 63 vôtre
1642 365 110 85 lettre
1826 382 40 60 du
1921 397 46 61 20,

431 438 185 61 janvier,
653 451 58 48 par
766 450 31 50 la
856 450 154 62 qu'elle
1069 464 88 62 vous
1206 470 36 62 me
1286 468 192 64 paroisses
1524 479 196 62 imauiete
1776 498 34 39 de
1879 489 45 61 ma

419 539 101 56 sante
588 539 27 56 je
678 552 43 48 me
773 545 91 52 porte
926 550 113 57 mieux
1098 554 140 77 depuis
1288 577 61 56 que
1399 578 35 58 je
1489 579 87 58 suis
1631 580 20 63 à
1720 587 145 66 Paris,
1895 599 23 62 il
1964 598 39 61 me

415 626 129 59 faudra
612 640 217 52 cependant
883 643 35 51 un
990 647 93 72 tems
1127 658 84 65 pour
1256 674 63 51 etre
1369 666 97 65 dans
1513 684 71 46 mon
1645 688 77 54 etar
1784 691 158 59 natural
1982 694 44 65 et^r

418 721 263 56 tranquilliser
740 733 58 46 mon
861 734 154 65 espret,
1049 754 33 46 je
1132 758 28 44 ne
1200 755 126 63 verrai
1385 765 33 49 Le
1473 765 168 64 ministre
1691 782 100 59 qu'au
1829 791 239 66 commencem.

414 811 37 54 du
502 816 156 59 Caréme
731 830 26 43 et
798 813 131 68 ensuite
985 822 29 57 le
1073 829 92 58 Roi,
1192 839 25 51 il
1264 835 42 75 n'y
1352 842 5 66 a
1399 852 109 66 sortes
1544 850 31 72 de
1622 859 216 79 Calomases
1882 890 34 51 et

401 889 233 87 d'atrocitées
686 922 57 62 que
812 915 24 61 le
911 921 179 60 maillard
1151 931 32 66 et
1233 946 31 49 le
1320 943 228 72 vandreuil
1605 979 157 51 n'ayent
1830 975 72 68 fait
1934 974 100 80 debie

401 1007 114 65 contre
584 1015 97 54 moi,
711 1020 162 56 j'espere
924 1026 82 58 avec
1061 1036 26 56 le
1146 1033 92 65 tems
1274 1036 105 68 faire
1436 1053 191 68 connoitre
1668 1060 35 64 la
1755 1076 129 52 verité
1936 1081 23 49 et

400 1110 54 57 que
496 1114 48 43 les
586 1103 91 70 faits
718 1112 60 53 qui
832 1109 206 85 arriveront
1105 1122 281 84 manifesteront
1448 1146 75 68 tout
1575 1155 26 51 ce
1658 1152 57 67 que
1760 1150 75 78 j'ai
1886 1156 45 74 dit

405 1216 23 42 on
479 1218 32 47 ne
561 1210 88 60 peut
709 1213 78 62 rien
842 1227 28 40 de
925 1219 140 53 parces
1127 1235 2 39 a
1195 1231 77 60 tout
1324 1236 25 49 ce
1406 1245 109 56 qu'on
1572 1247 3 50 a
1623 1242 80 70 fuit
1761 1252 117 66 conttre
1931 1264 61 58 moi

407 1295 71 65 c'est
530 1305 52 50 une
634 1305 213 64 tpraunde
918 1309 86 71 vous
1053 1312 113 81 jugés
1207 1318 82 79 bien
1350 1321 179 84 combien
1576 1327 31 78 je
1642 1328 67 85 dois
1759 1346 60 64 etre
1857 1347 137 66 dégonce

419 1385 76 62 mais
542 1392 22 51 je
621 1406 27 47 ne
702 1410 85 43 veux
846 1410 90 49 point
1005 1414 103 49 avoir
1170 1408 30 61 de
1249 1412 200 76 reproches
1494 1437 19 41 à
1564 1436 45 59 me
1665 1426 103 74 faire
1831 1437 22 59 je
1885 1435 101 62 faisse

401 1477 84 55 apr
545 1479 67 60 M^r
678 1481 322 85 d'armentieres,
1043 1501 163 73 quoyque
1254 1519 74 38 cout
1375 1509 70 58 cela
1491 1515 191 77 n'operere
1741 1534 174 65 pecreire
1952 1542 63 60 pas

403 1568 143 68 grand.
586 1575 143 63 chose,
758 1591 30 42 je
838 1591 29 46 ne
912 1584 69 57 scai
1019 1586 58 53 s'il
1128 1600 81 51 aura
1266 1595 261 70 aujourohuy
1576 1623 96 54 part
1725 1629 16 50 à
1789 1630 21 51 la
1848 1622 175 64 nominaio

397 1649 52 64 des
490 1649 151 70 cordous
698 1658 142 71 bleup,
886 1664 27 55 je
959 1678 120 46 crains
1119 1679 118 52 encora
1286 1690 90 62 pour
1425 1689 76 65 lui.
1555 1703 144 55 mgre
1748 1715 49 56 les
1841 1711 159 69 amotiées

391 1742 36 66 da
471 1741 70 70 Roi
607 1744 82 80 c'est
732 1767 42 49 icr
829 1762 20 61 le
891 1758 87 73 pays
1028 1763 31 67 du
1117 1765 124 71 diabee
1289 1778 26 58 et
1362 1781 31 69 de
1430 1796 26 56 la
1504 1783 189 81 Cabale,
1720 1808 25 63 on
1805 1812 2 62 y
1839 1813 36 63 est
1924 1802 48 72 sur

389 1843 24 53 de
449 1841 109 64 rien;
618 1848 29 58 je
710 1850 82 66 sois
879 1862 43 47 ma
973 1865 104 49 crere
1145 1873 190 64 mamanr
1396 1885 78 58 sen
1545 1885 180 72 saisfair
1784 1908 58 55 des
1873 1910 175 60 attetions

384 1940 56 45 qi
476 1937 72 42 mmes
606 1936 225 67 lamarades
876 1946 51 52 ont
972 1954 92 41 pour
1109 1952 109 58 vous,
1240 1964 28 39 et
1315 1963 60 55 ses
1417 1964 204 73 politesses
1665 1987 63 54 que
1766 1986 78 58 vous
1883 1996 129 54 reurés

397 2009 55 75 des
494 2009 120 72 domes
662 2014 28 63 de
754 2015 259 71 l'intendence
1072 2034 24 55 et
1147 2025 30 62 de
1233 2040 170 61 monsieur
1481 2057 24 56 je
1558 2059 77 61 vous
1676 2056 89 66 prre
1807 2051 28 73 de
1876 2053 89 75 leur

395 2099 33 57 en
484 2102 163 65 marquer
713 2117 46 40 me
811 2112 323 65 reconnoissance
1188 2127 30 44 et
1263 2132 30 44 de
1341 2127 50 60 les
1439 2130 152 62 assurer
1641 2134 29 58 de
1739 2148 66 51 mon
1847 2150 136 47 respect

393 2193 19 48 et
462 2190 285 60 attachement;
793 2203 29 45 je
875 2199 162 64 cherche
1096 2203 108 63 chere
1243 2212 139 63 ejnt
1449 2247 70 25 par
1578 2247 75 35 pous
1707 2247 61 36 une
1817 2247 139 37 maison

384 2275 82 59 pour
513 2280 21 61 te
596 2285 154 55 recevoir
822 2292 25 41 je
895 2290 81 45 n'en
1039 2285 189 69 trouverai
1274 2301 103 56 print
1437 2309 35 46 au
1524 2298 146 63 dessons
1726 2299 35 60 de
1818 2316 53 49 mis
1914 2315 78 52 ecut

383 2368 62 54 cea
508 2373 42 56 est
607 2364 78 65 bien
748 2373 125 52 cher,
909 2378 95 59 mais
1054 2374 23 69 il
1127 2371 90 73 faut
1268 2381 188 63 pourtent
1518 2392 69 52 etre
1637 2385 101 69 loge
1778 2387 210 72 déceument

387 2454 76 65 jene
503 2438 76 71 rasse
643 2441 23 71 la
730 2442 104 81 chere
892 2447 93 74 sœeur
1037 2465 24 46 et
1117 2461 60 70 lui
1216 2453 78 84 faix
1373 2460 89 71 mille
1524 2466 176 75 amiriees
1738 2464 84 81 dites
1860 2488 153 64 reaucoup

384 2548 31 52 de
466 2544 116 69 choses
648 2545 0 51 a
724 2537 51 60 nos
826 2539 108 78 amise
982 2541 28 75 de
1079 2557 52 57 son
1195 2557 79 65 gros
1338 2551 143 72 Lombi
1557 2568 25 43 je
1633 2569 76 47 leur
1765 2558 76 66 scai
1887 2556 30 66 un
1958 2556 51 74 gré
