2277 2841
931 146 143 68 Paris
1159 145 45 67 le
1288 148 34 72 12
1395 152 162 75 fevrier
1608 173 168 58 17528

1131 222 118 69 Piece
1315 219 142 71 cottée
1532 224 108 66 O.

510 336 118 56 J'ai
666 327 152 57 receu,
862 334 69 54 Ma
991 333 121 80 chere
1169 342 183 77 femtme,
1399 353 104 71 votre
1573 353 109 80 lettre
1752 362 48 75 du
1864 374 3 66 7
1909 365 204 83 ducourant

490 413 87 57 aussi
624 405 70 78 bien
757 429 58 56 que
856 414 99 56 celles
1001 425 53 47 que
1100 428 88 46 vous
1244 422 171 79 m'avées
1453 434 37 69 cy
1517 429 137 73 devant
1725 435 161 76 adressés
1940 440 38 71 du
2051 463 3 48 –

481 478 77 66 cher
624 482 93 65 Pere
766 492 22 54 et
843 490 27 59 de
936 489 77 63 M^d
1083 494 24 56 Le
1171 494 68 66 lort
1286 504 29 46 au
1357 499 90 70 sujet
1494 510 30 54 de
1566 508 84 74 nôtre
1708 510 101 75 fille,
1834 513 73 74 dont
1955 521 73 67 j'ai

478 565 60 60 eté
580 557 72 74 fort
705 573 70 52 aise
828 565 249 74 d'apprendre
1125 572 56 55 des
1228 580 207 77 nouvelles,
1481 590 84 70 pour
1621 599 84 63 votre
1773 596 83 60 cher
1907 597 94 69 Pere

469 637 18 58 il
540 638 188 67 desireroit
781 656 67 64 etre
906 651 237 74 Lieutenant
1202 658 29 65 de
1279 660 90 78 Roy,
1415 664 31 58 ad
1497 666 156 64 honores
1716 688 89 57 mais
1837 690 23 54 il
1923 689 35 67 me
1995 684 84 73 faut

464 716 79 70 pour
591 718 67 58 cela
733 722 160 80 attendre
951 728 35 72 un
1033 732 85 79 tems
1159 737 90 73 plus
1296 749 178 72 opportun
1564 767 24 49 le
1635 756 184 65 Ministre
1860 771 46 54 est
1953 783 35 57 un

461 781 125 69 homme
639 790 56 69 qui
752 797 73 56 m'a
891 804 87 71 fait
1048 809 82 64 bien
1186 816 38 66 du
1290 829 122 58 mal,
1443 828 28 73 et
1517 836 63 61 qui
1616 845 27 58 ne
1699 844 43 70 me
1788 861 72 56 fera
1917 866 126 57 gueres

453 869 29 61 de
548 871 125 78 bien,
710 893 2 46 a
755 892 109 51 moins
912 889 98 72 qu'il
1068 903 55 59 n'y
1191 898 127 71 arrive
1378 903 34 63 de
1478 911 145 70 grands
1667 910 306 89 changements
1999 937 81 66 dans

438 950 27 67 le
521 952 199 78 Royaume
779 970 53 67 qui
885 967 296 71 l'amantisse;
1223 986 23 55 je
1295 982 84 62 vous
1423 987 147 59 exhorte
1614 1004 5 47 a
1669 1013 36 57 ne
1737 1016 95 55 point
1881 1020 134 53 donner

441 1032 0 55 a
503 1033 140 65 manger
705 1036 22 55 et
782 1044 2 46 a
838 1030 75 73 fair
1001 1034 30 57 le
1102 1051 114 49 moins
1259 1046 30 58 de
1343 1051 144 79 depence
1532 1063 67 67 que
1640 1070 87 74 vous
1774 1080 144 65 pouvois
1960 1098 35 43 en

436 1097 192 60 attendant
684 1093 56 67 que
792 1096 75 63 M^r
912 1102 175 66 Laxalde
1146 1112 86 64 aille
1272 1112 91 58 vous
1403 1121 208 66 chercher,
1645 1130 88 60 nous
1781 1135 153 68 brulons
1987 1145 26 62 la

424 1158 206 68 chandelle
676 1175 69 59 par
802 1164 40 75 les
894 1166 87 82 deux
1048 1174 128 67 bonts,
1203 1188 76 63 nous
1318 1189 70 59 nous
1432 1184 221 84 trouverions
1700 1219 65 51 par
1810 1221 219 62 cousequent

432 1239 102 69 dans
602 1240 251 83 l'emburas,
884 1245 31 81 je
963 1253 100 70 pense
1106 1254 98 69 aussi
1258 1267 59 75 que
1354 1281 83 42 vous
1485 1272 156 72 pouriés
1712 1286 110 58 mettre
1865 1289 127 72 dehors
2028 1304 4 55 –

429 1308 81 71 deux
567 1318 161 66 porteurs
774 1333 29 62 et
849 1322 196 78 reprendre
1105 1328 44 82 les
1197 1332 119 82 habits
1352 1353 26 60 et
1414 1348 187 78 chopeaux
1655 1352 27 76 de
1725 1355 152 84 livrée,
1913 1371 72 65 tout

423 1380 71 63 cela
548 1376 86 66 pille
672 1389 22 47 et
737 1383 111 61 devore
899 1392 24 52 la
985 1392 165 62 maisen,
1196 1402 24 76 je
1261 1412 100 68 pense
1401 1421 62 62 que
1515 1417 47 62 s'il
1618 1421 31 61 le
1698 1435 167 65 trouvoit
1927 1451 157 61 quelque

424 1448 175 62 voiturier
657 1449 30 55 de
735 1455 156 67 renvois
939 1467 31 42 de
1027 1472 110 45 Brest
1182 1482 3 42 a
1245 1479 150 55 Rennes
1435 1498 41 49 oû̀
1517 1507 18 56 à
1576 1497 130 76 paris,
1750 1510 63 68 que
1854 1522 27 46 ce
1931 1526 96 54 seroit

423 1509 77 58 bien
553 1503 71 72 fait
677 1510 28 57 de
753 1509 186 64 renvoyer
984 1524 63 70 icy
1097 1525 53 60 les
1200 1527 116 67 balots
1366 1556 68 58 que
1475 1559 84 59 vous
1605 1567 78 49 avés
1723 1576 110 56 rcecu
1891 1573 25 66 de
1950 1593 100 48 paris

422 1574 25 57 et
478 1564 19 68 le
551 1569 105 80 liige
699 1572 31 60 de
778 1574 173 87 bayonne,
985 1584 108 76 parles
1146 1594 26 54 de
1232 1595 69 65 cela
1348 1603 21 54 à
1428 1605 55 55 M^r
1535 1607 138 76 Raby,
1702 1633 51 59 car
1794 1634 131 62 plutot
1960 1637 112 67 j'aurai

420 1637 60 60 icy
534 1635 113 61 touttes
696 1639 55 69 nos
797 1645 170 68 affairres
1003 1656 29 58 et
1073 1657 121 58 plutot
1244 1673 75 65 nous
1368 1671 118 70 serrus
1520 1689 225 58 ensemble,
1779 1696 24 60 si
1827 1692 52 70 lon
1919 1712 137 59 trouvoit

418 1703 149 70 quelque
619 1704 138 63 gabare
808 1719 85 50 pour
951 1715 22 52 le
1034 1722 118 52 havre
1202 1736 24 61 ce
1280 1731 110 82 seroit
1438 1750 73 65 une
1565 1755 173 60 occasion
1792 1759 119 68 moins
1934 1782 145 54 conteuse

414 1783 29 66 je
500 1780 178 71 travaille
730 1795 80 48 avec
874 1792 74 60 M^r
986 1796 33 77 de
1072 1799 91 80 solar
1223 1815 2 46 a
1286 1815 82 49 nous
1418 1816 100 71 faire
1572 1837 88 53 faire
1698 1827 48 58 des
1796 1836 140 79 meubles
1967 1854 84 64 pour

416 1848 98 67 nôtre
563 1852 178 72 maison,
776 1858 92 58 M^de
908 1860 137 62 Cligret
1100 1866 23 55 le
1166 1869 103 58 donne
1323 1886 103 49 aussi
1475 1879 181 81 beaucoup
1701 1895 35 67 de
1777 1909 91 56 peine
1910 1910 87 61 pour

413 1923 68 67 tout
537 1931 17 60 ce
610 1921 56 76 qui
711 1921 84 81 nous
840 1928 209 78 regarde,
1081 1938 64 59 ele
1182 1944 92 73 vous
1310 1949 165 66 presente
1519 1957 2 47 a
1568 1957 110 64 touttes
1715 1965 81 56 deux
1843 1963 50 71 ses
1927 1972 147 73 respeuts

403 1994 22 56 et
464 1995 72 56 vous
580 1987 117 59 attend
746 1992 83 55 avec
873 1994 256 69 impatience,
1166 2003 79 58 fait
1293 2008 69 49 luy
1404 2010 46 57 ses
1487 2020 270 72 compliments
1801 2027 28 66 la
1862 2024 71 70 p^re
1961 2043 66 53 fois

405 2055 15 56 le
477 2054 111 60 comte
636 2049 29 61 de
723 2051 92 66 folar
871 2071 40 42 me
958 2072 136 54 comble
1150 2067 195 69 d'amilié
1367 2089 30 46 et
1448 2076 230 70 d'attention
1726 2082 25 70 il
1784 2099 75 57 vous
1910 2111 72 49 fait

410 2127 91 52 mille
553 2131 175 60 amitiens
771 2133 24 54 et
833 2134 177 65 assurance
1050 2140 31 52 de
1116 2144 164 66 Respect
1330 2158 24 50 et
1406 2152 295 69 lattachement
1761 2161 45 64 sur
1866 2178 67 52 tout
1994 2170 25 56 le

2161 1539 0 73 1

2122 1734 57 53 cais

2133 2156 0 45 1

710 177 75 47 AIRE
802 186 56 50 PREN

682 210 74 63 vracor

869 186 1 108 a

740 274 122 73 Retires.

397 2194 77 69 bien
534 2204 55 66 que
644 2202 27 73 je
720 2197 50 79 lui
814 2207 33 62 ai
895 2204 40 76 dy
983 2211 29 50 de
1070 2209 74 55 toy,
1197 2219 84 49 hier
1334 2219 29 64 il
1415 2220 63 75 fut
1537 2239 13 48 à
1586 2232 84 52 notre
1728 2235 139 75 maison
1925 2238 129 77 pour.

391 2276 103 67 faire
543 2274 119 71 placer
716 2273 60 58 des
841 2275 196 78 sonnettes,
1105 2289 24 65 je
1175 2282 105 76 ferai
1321 2291 127 68 partir
1507 2294 83 52 M^r
1646 2292 171 72 Laxalde
1862 2303 95 66 dans

391 2354 32 45 12
460 2355 37 50 où
543 2349 138 57 guinze
723 2348 92 48 jours
861 2350 32 48 au
957 2346 85 54 plus
1095 2354 117 66 trd.
1252 2365 85 55 pour
1390 2366 81 53 vous
1524 2362 85 62 aller
1667 2364 181 67 chercher
1902 2389 24 47 et

384 2411 27 63 je
461 2422 37 50 me
552 2415 118 64 flatte
720 2421 60 59 que
839 2419 41 62 la
943 2429 148 58 maison
1155 2425 75 65 sera
1283 2440 33 49 en
1369 2438 89 61 etat
1510 2433 25 67 de
1592 2449 87 55 vous
1728 2459 165 52 recevoir
1942 2460 87 51 aussi

378 2484 67 63 bien
501 2486 51 64 que
608 2474 28 59 la
697 2477 152 70 berline
905 2485 169 69 chevaux
1117 2493 30 69 et
1195 2495 120 68 chaise
1362 2499 31 75 de
1435 2505 138 67 poste,
1610 2503 30 56 il
1688 2522 36 46 me
1766 2513 104 74 tarde
1917 2520 87 65 plus
