2189 2837
806 193 141 90 Paris
1023 200 20 79 le
1158 222 0 57 7
1233 188 167 92 fevrier
1476 217 33 57 17

1060 308 125 55 Piece
1238 286 161 62 cottée

416 427 64 63 j'ai
548 421 161 67 receu,
749 405 253 78 Machere
1066 403 206 85 femne,
1313 403 103 80 vôtre
1502 402 115 79 lettre
1675 405 34 79 du
1784 420 0 55 2
1833 411 38 66 du
1914 409 135 68 courens

407 521 80 54 avec
557 510 24 60 le
702 510 131 63 emoire
913 518 37 44 de
1011 507 140 55 martin
1207 507 47 64 du
1315 512 168 60 poca,
1526 509 74 66 j'ai
1652 504 117 71 parle
1830 520 0 42 a
1891 505 149 66 godinet

406 596 60 70 qui
519 603 64 54 doit
636 608 79 57 vous
762 594 153 58 ecrire,
962 595 50 59 son
1081 592 97 65 livre
1227 595 29 62 de
1310 589 136 71 compte
1500 602 44 52 est
1583 600 107 56 entre
1734 589 44 68 les
1851 587 122 71 mains
2002 590 20 63 de

401 684 21 60 la
472 680 127 68 femme
645 684 30 54 de
741 677 224 67 bataillon,
1000 675 20 71 il
1076 676 66 60 doit
1198 673 15 69 à
1269 674 26 68 la
1350 671 219 70 boulangeie
1599 691 25 52 et
1655 691 40 50 au
1767 668 142 68 douché
1939 670 107 70 depuis

397 774 23 64 le
465 759 156 78 premier
672 758 150 80 janvier
874 758 178 80 jusqu'au
1121 777 23 48 15
1207 758 103 65 veille
1368 758 23 69 de
1454 774 63 52 mon
1574 758 132 70 depart
1757 762 41 61 où
1838 763 18 67 il
1901 771 1 49 a
1935 771 116 59 arritté

398 849 51 60 ses
486 847 177 76 comptes,
710 847 30 76 je
787 847 132 76 scavois
968 847 66 56 cela
1089 865 21 58 et
1148 865 55 58 que
1258 847 148 67 Martin
1455 848 33 64 du
1553 847 115 69 Rocca
1722 851 132 65 n'avoit
1909 865 71 55 pas
2013 859 33 51 ete

399 942 101 68 payé
567 943 124 67 quant
752 945 12 46 à
836 925 141 68 l'halit
1033 925 96 64 qu'il
1178 927 75 61 doit
1314 933 1 57 a
1365 927 119 70 Raby
1528 929 79 67 M^r
1656 926 182 77 Lavalde
1892 947 68 58 sera

396 1022 152 54 charé
591 1011 33 51 de
682 1010 164 57 payer,
877 1010 60 63 cela
1002 1011 76 75 n'est
1120 1011 66 77 pas
1233 1021 82 68 pour
1379 1030 77 56 mon
1509 1024 152 67 compte
1736 1023 28 60 je
1806 1019 77 76 doit
1930 1036 28 56 ce

398 1095 86 69 qu'on
547 1108 0 49 a
593 1094 87 69 pris
731 1092 87 74 chez
869 1092 110 80 pitar
1030 1093 75 79 pour
1157 1094 24 59 le
1226 1103 57 51 vin
1323 1110 30 45 et
1386 1107 82 60 peut
1483 1108 66 58 etre
1587 1114 100 56 autre
1736 1107 94 68 chose
1897 1106 152 69 toulouse

393 1178 75 66 saant
513 1192 20 57 ce
598 1182 101 69 qu'on
759 1195 0 49 y
809 1187 110 49 aurre
963 1185 117 58 pris,
1128 1196 133 47 james
1314 1193 72 66 s'est
1439 1191 142 61 chargé
1630 1197 26 48 de
1699 1210 117 57 payer
1871 1203 95 64 chez

391 1276 59 51 M^r
530 1257 123 68 golare
721 1257 92 63 chez
881 1257 23 54 le
967 1257 215 54 tailleur,
1207 1265 29 64 et
1271 1271 18 63 le
1335 1259 226 75 peruquier,
1586 1271 145 63 comme
1779 1273 96 61 aussi
1934 1267 27 62 le

383 1349 68 57 port
496 1349 27 51 de
574 1350 22 62 ce
635 1340 59 72 qui
733 1340 47 58 est
825 1343 104 53 venu
995 1339 33 56 de
1092 1337 141 70 Paris,
1267 1344 37 67 je
1349 1342 64 64 dois
1462 1344 68 68 tout
1575 1349 27 69 ce
1663 1364 62 60 que
1776 1352 63 73 j'ai
1879 1364 73 62 pris
2002 1356 47 65 hez

380 1421 121 77 james
585 1425 50 62 qui
687 1411 175 88 fournira
929 1414 54 68 son
1055 1416 218 84 memoire,
1306 1416 57 92 que
1408 1423 21 85 je
1486 1420 94 89 ferés
1625 1445 122 66 payer
1800 1446 19 51 à
1866 1435 110 70 Brest
2011 1450 31 49 où

387 1503 49 70 icy
498 1509 125 58 cmme
676 1498 23 60 il
752 1496 188 71 voudra,
1005 1500 18 69 si
1069 1501 25 75 je
1133 1514 31 64 ne
1204 1507 84 79 peux
1339 1518 131 70 payer
1522 1506 25 77 le
1598 1509 72 76 tout
1716 1515 59 78 sur
1816 1511 25 60 le
1880 1513 120 85 chamg

381 1582 30 68 je
449 1577 61 74 luy
555 1575 162 69 donnnerai
764 1578 52 65 les
863 1578 79 61 deux
1004 1580 85 62 liers
1139 1583 174 70 contants
1368 1592 23 53 et
1462 1590 23 53 le
1535 1593 80 61 reste
1655 1593 90 79 dans
1785 1602 174 71 quelque

387 1653 105 70 tems,
534 1650 17 78 il
622 1650 135 88 faudra
834 1654 70 67 bien
992 1657 201 85 satisfaire
1244 1665 61 71 par
1350 1670 108 64 tout,
1491 1688 84 47 mais
1627 1688 24 59 ce
1698 1679 64 69 sera
1821 1676 118 73 quand
1986 1689 0 49 –

383 1736 149 73 lacalde
586 1754 64 56 serc
724 1740 139 67 arrivé,
906 1744 64 60 qui
1007 1751 86 46 vous
1145 1744 125 65 aidera
1337 1755 2 53 a
1380 1750 130 57 regler
1567 1751 55 66 les
1662 1766 183 63 comptes,
1865 1773 22 53 et
1934 1769 2 63 a
1972 1760 76 73 faire

393 1821 125 67 rendre
591 1821 51 56 les
699 1822 125 73 choses
881 1832 45 68 qui
971 1838 29 64 ne
1038 1833 149 69 pouront
1238 1831 91 60 point
1380 1830 62 54 etre
1493 1834 313 72 transportables
1855 1841 97 68 icy,
1974 1836 70 74 fais

385 1914 28 63 je
456 1908 29 66 te
522 1911 72 66 prie
659 1911 17 59 le
730 1910 100 61 moins
873 1905 28 59 de
956 1905 142 73 dépence
1157 1912 62 67 que
1268 1907 33 68 ta
1355 1921 165 60 pourra,
1547 1920 55 62 car
1645 1913 29 70 je
1722 1912 67 72 suis
1827 1916 60 61 aux

382 1982 216 81 expedients
644 1989 78 74 pour
769 1980 221 80 emprnter
1038 1979 29 58 de
1156 1990 161 73 Lergent
1383 1995 0 51 a
1447 1989 1 77 l
1501 1982 96 84 pour
1645 1985 107 62 cent,
1781 1983 90 83 notre
1905 1984 162 80 situation

378 2077 48 69 est
464 2066 65 71 tout
579 2066 2 78 a
637 2070 76 78 fait
757 2064 231 82 déplaisante
1046 2064 86 60 dans
1178 2077 17 61 ce
1252 2077 173 66 moment,
1471 2077 69 65 par
1591 2061 115 77 touttes
1758 2066 46 67 les
1850 2062 201 81 disgraces

384 2153 95 82 qu'on
542 2153 60 68 m'a
666 2145 72 85 fait
777 2143 190 88 essuyer,
1037 2141 264 86 j'arrangerai
1342 2149 53 57 eci
1460 2155 47 52 ma
1571 2143 141 64 maison
1765 2152 0 67 a
1830 2146 147 74 pouvoir

554 224 78 75 ae
646 227 77 69 Pané

524 276 92 60 Corhennt

620 321 18 36 Dr

668 295 95 52 Énénate

580 340 135 61 Acnives.

381 2236 19 64 la
465 2233 155 64 soutenir
676 2235 23 53 et
739 2241 2 44 a
802 2230 29 58 ne
882 2230 75 62 rien
1035 2242 101 55 faire
1183 2223 132 67 audela
1378 2223 27 68 de
1457 2232 59 56 nos
1562 2229 138 61 forces,
1752 2221 27 55 je
1825 2225 75 60 n'ai
1931 2220 90 62 point

377 2324 120 47 encore
551 2306 60 60 eté
664 2319 16 43 à
747 2301 22 58 la
841 2299 76 57 cour
980 2299 26 53 et
1074 2301 119 64 n'ires
1247 2295 124 72 qu'an
1429 2301 322 58 commencement
1795 2290 35 65 du
1888 2294 164 64 Careau,

387 2380 28 74 je
454 2379 90 71 serai
574 2387 106 55 exact
731 2394 1 37 a
793 2375 22 55 te
872 2373 126 70 merder
1070 2389 43 47 ma
1174 2369 105 65 petite
1341 2374 168 55 mamant
1566 2370 79 58 tout
1691 2381 21 54 ce
1744 2368 52 63 qui
1827 2372 110 57 poura
1984 2377 0 45 –

407 2455 263 65 m'interesser,
713 2447 96 71 faites
868 2459 67 58 mes
988 2442 277 69 compliments
1320 2439 10 54 à
1395 2443 51 49 M^r
1511 2438 25 68 et
1586 2435 210 63 Mosdames
1836 2433 31 63 de
1937 2447 95 50 ––

386 2532 295 66 L'intendance,
723 2543 23 49 je
793 2541 77 53 suis
912 2540 61 53 fort
1021 2521 297 70 recconnoissant
1367 2521 49 52 des
1481 2517 135 66 tontéés
1664 2519 28 50 et
1756 2513 87 64 bous
1886 2522 157 58 aucuts

402 2613 110 67 qu'ils
555 2616 32 62 te
619 2609 110 71 font,
792 2620 70 42 mes
912 2606 173 74 respects
1124 2606 65 54 aux
1258 2606 133 54 dames
1451 2606 19 65 et
1515 2606 158 72 amitiés
1713 2605 0 68 a
1777 2605 64 65 nos
1900 2612 99 63 anne
