2133 2795
515 191 93 102 Praccan

718 178 1 43 a
820 177 35 45 la
925 177 226 46 gravelle
1246 177 45 36 Le
1372 177 96 31 171
1567 177 129 26 1112

671 192 80 123 rtie

974 224 84 60 10^e
1099 226 113 47 Piece
1274 210 144 57 cottée

389 322 65 94 j'ai
516 337 59 74 eté
636 343 140 66 forcé,
826 340 39 49 ma
915 316 102 71 chere
1054 303 135 92 feutine
1243 301 34 92 de
1332 303 148 87 coucher
1542 305 33 65 la
1624 300 71 69 nuit
1737 290 173 83 derniere

390 436 1 50 a
437 421 186 77 bedée,
657 432 145 64 nayant
848 419 72 73 pas
961 409 48 68 eû
1056 425 31 60 la
1145 404 90 70 force
1293 398 33 88 de
1376 401 145 83 gagner
1573 394 144 69 Rennes
1763 386 97 64 saisi
1900 390 61 60 par

371 518 28 73 la
438 514 130 70 grande
617 520 101 57 gelée
767 517 23 58 et
823 506 59 66 par
920 496 39 54 un
1018 482 85 70 mal
1141 479 193 66 dessomai
1374 459 268 76 considerable
1692 460 125 67 causé
1857 458 68 66 par
1970 446 43 72 les

385 592 109 60 cahes
532 605 23 40 et
608 585 47 56 les
708 568 190 68 mauvais
940 562 199 62 chemins
1198 554 33 58 je
1286 564 44 43 me
1375 541 85 62 suis
1504 531 134 66 trouvé
1665 543 25 46 ae
1745 522 113 63 matin
1909 529 36 48 en

376 674 74 69 etat
488 666 34 66 de
571 662 192 73 continuer
823 661 48 54 ma
919 647 126 67 route,
1078 648 45 63 ma
1171 636 126 62 santé
1330 624 137 65 s'etant
1513 608 133 67 trouvé
1688 608 229 62 aeilleure,
1947 591 62 74 j'ai

370 754 106 73 dinés
518 763 3 61 a
583 754 151 64 Rennes
779 757 3 43 a
823 729 166 67 Loberge
1048 730 80 61 avec
1191 709 105 72 M^de
1336 707 29 66 de
1402 693 201 80 Promelin
1654 706 62 54 qui
1773 703 3 51 a
1811 688 39 64 du
1893 681 114 66 ecrire

366 841 74 73 dela
489 846 4 64 a
530 829 92 76 brest
659 841 16 58 à
712 829 39 68 un
781 817 145 86 officier
970 811 26 63 de
1058 805 50 81 ses
1146 804 108 72 amis
1305 799 101 68 pour
1457 788 103 83 qu'il
1616 785 73 84 fut
1733 776 67 88 sur
1838 773 20 63 le
1896 769 121 86 champ

369 924 24 74 se
431 921 140 73 donner
603 915 36 69 de
683 912 65 62 mes
795 900 218 78 nouvelles,
1048 901 105 75 apres
1188 890 83 73 bien
1305 887 51 65 des
1391 880 162 77 discours
1606 875 63 80 sur
1716 869 45 74 les
1809 877 143 70 regrets

376 1017 71 63 que
504 997 108 73 toutte
671 991 25 71 la
766 989 157 67 marine
977 995 102 62 avoit
1138 978 68 76 sur
1265 975 63 69 mon
1375 966 158 81 départ
1593 963 62 53 elle
1698 968 46 46 me
1787 955 40 65 dit
1876 957 101 69 aussi

371 1110 62 67 que
481 1082 93 74 M^r
649 1078 30 92 Le
726 1081 50 87 p^r
824 1072 203 92 pretident
1076 1066 43 86 du
1155 1055 234 95 perlement
1433 1047 27 70 de
1498 1044 144 84 Reunes
1685 1048 157 78 prenait
1893 1048 111 61 aussi

371 1176 200 84 beaucoup
622 1170 28 85 de
696 1175 125 79 part,
874 1169 107 54 aussi
1028 1156 75 84 bien
1169 1168 63 70 que
1285 1159 76 61 tous
1420 1141 51 73 les
1531 1139 154 73 honettes
1734 1136 86 76 gens
1868 1128 38 82 de
1949 1142 86 59 cette

371 1268 89 72 ville
505 1267 19 65 à
558 1267 73 66 tout
671 1273 24 53 ce
740 1270 62 59 qui
852 1246 147 79 pourroit
1061 1239 194 65 m'arriver
1306 1238 24 68 de
1371 1229 221 81 favorable,
1627 1229 98 69 mais
1755 1225 29 72 on
1830 1226 49 69 est
1921 1219 60 70 tres

368 1341 150 78 surpris
562 1345 23 69 et
634 1322 237 90 scaudalisé
909 1323 29 61 de
989 1316 83 73 touts
1110 1314 49 56 les
1197 1306 283 82 desugrements
1525 1300 102 86 qu'on
1686 1297 41 60 me
1766 1300 155 69 donne,

388 1438 57 68 ton
484 1437 153 66 pauvre
700 1410 134 74 Tombi
880 1396 326 82 averitablement
1258 1389 73 63 bien
1390 1383 61 69 des
1504 1370 337 86 mortifications,
1870 1366 25 70 je
1936 1359 79 79 vis

391 1516 181 67 contianer
637 1500 131 74 demain
822 1512 43 51 au
925 1491 109 64 matin
1100 1489 63 60 mon
1203 1479 175 79 voyage,
1424 1476 88 62 dieu
1557 1470 140 62 veuille
1747 1466 79 74 qu'il
1876 1475 42 45 me

377 1588 67 87 soit
490 1588 85 84 plus
616 1581 166 80 heureux
836 1593 59 64 que
935 1573 28 78 je
1005 1572 27 62 ne
1093 1563 221 77 l'Espere,
1363 1560 27 81 si
1425 1563 27 80 je
1482 1572 89 69 peux
1607 1558 114 78 enfin
1764 1551 71 78 etre
1864 1541 77 81 fice

387 1700 16 69 à
441 1697 104 71 paris
583 1694 28 58 et
676 1666 38 90 s'y
750 1666 125 76 rendre
927 1665 96 69 aussi
1068 1655 192 87 heureuse
1305 1670 63 70 que
1400 1647 36 89 je
1474 1641 22 69 le
1542 1642 164 82 desire,
1724 1631 76 76 cela
1846 1628 177 67 calmera

392 1783 82 60 tous
540 1781 56 58 mes
639 1762 219 80 chayoins,
904 1758 23 58 je
967 1755 29 63 ne
1036 1752 23 56 te
1104 1745 192 67 laisserai
1336 1759 76 53 pas
1468 1731 207 72 longtems
1716 1739 1 45 a
1753 1743 27 52 ce
1832 1742 64 58 que

398 1866 179 73 jespere,
628 1851 179 68 Languer
874 1857 18 44 à
948 1835 120 70 brest,
1093 1843 29 57 et
1167 1829 19 79 il
1231 1821 142 82 faudra
1444 1817 88 75 bien
1583 1810 61 67 des
1722 1804 194 68 malheurs

391 1950 25 66 si
468 1949 46 69 les
550 1951 118 69 choses
719 1952 35 47 ne
796 1943 74 67 vous
911 1937 63 70 pas
1026 1927 166 62 mieux,
1233 1915 167 75 surtout
1447 1909 132 79 prenés
1622 1907 176 74 patience
1852 1902 23 64 et
1934 1905 28 54 ne

393 2036 88 62 vous
531 2016 233 78 chargoinés
812 2022 110 64 point
991 2009 96 60 vôtre
1141 2016 89 60 gros
1290 1999 83 70 lard
1429 2004 89 65 vous
1563 2015 94 51 anne
1706 1989 83 67 bien
1834 1986 212 73 tendrement

398 2132 22 48 et
470 2131 87 47 vous
607 2126 83 50 prie
741 2107 29 58 de
838 2099 165 59 l'aimer
1058 2096 31 62 de
1161 2099 117 59 memte
1354 2103 76 42 mes
1480 2085 138 64 tendres
1664 2080 152 70 amitiés
1857 2092 0 47 a
1913 2076 30 62 la

394 2197 108 74 chere
558 2190 129 78 sœur,
714 2178 173 76 embrasse
929 2173 27 60 la
1005 2170 26 66 de
1070 2166 76 70 tout
1200 2165 47 69 ton
1291 2177 91 49 cœur
1431 2159 86 63 pour
1571 2160 96 66 moy,
1711 2162 72 62 mes
1812 2153 236 70 compliments

396 2299 1 48 a
449 2297 43 47 nos
534 2295 101 49 amis
690 2294 25 50 et
764 2276 161 63 respects
965 2262 65 63 aux
1086 2258 134 68 dames
1271 2266 23 55 et
1345 2245 106 79 a^r
1519 2240 259 75 Lintendante
1830 2238 75 80 dont
1947 2239 21 73 je

397 2355 190 93 noublirai
630 2355 156 92 jamais
837 2344 29 63 le
910 2341 176 73 boncour
1138 2344 29 72 et
1217 2331 36 64 les
1304 2326 183 94 politeste,
1526 2320 288 93 quoyqu'elles
1866 2313 61 92 luy
1974 2330 0 64 –

393 2448 115 76 soient
553 2436 231 74 natarilles,
835 2447 151 62 pourou
1053 2441 64 64 que
1172 2423 31 76 la
1248 2417 115 76 sauté
1396 2420 25 61 ne
1477 2428 36 56 me
1539 2411 129 73 faille
1707 2417 104 64 point
1867 2403 59 71 j'ai
1965 2400 81 73 assoz

397 2519 54 75 bon
501 2530 209 60 courage,
772 2507 157 77 bonsoir
991 2515 27 53 je
1089 2503 225 74 tembrasse
1350 2517 22 55 et
1423 2497 79 79 suis
1553 2496 74 74 bien
1674 2501 88 67 plus
1804 2511 52 57 que
1903 2510 26 56 je
1970 2509 26 54 ne

406 2593 78 82 puis
526 2590 79 86 diré
659 2586 48 80 ton
742 2587 92 88 fidel
882 2583 103 61 mari
1029 2588 26 65 et
1098 2581 58 86 ton
1200 2592 77 73 gros
1346 2574 90 78 laid

1541 2617 4 54 e
1602 2592 284 78 Couslant
