2152 2875
911 232 167 85 Brest
1151 226 38 86 le
1279 235 2 76 3
1359 227 284 80 novembre
1703 210 105 90 1756

1017 309 121 71 142^e
1164 300 101 78 Piece
1313 295 133 80 cottes

451 405 97 91 vous
581 394 147 104 scavés
791 404 96 73 Ma
936 391 124 104 Chere
1109 387 167 100 petitte,
1326 384 73 106 que
1449 384 73 88 c'est
1572 397 282 91 aujourdhuy
1897 410 36 68 ma

446 493 87 83 fete,
576 495 105 73 vénés
737 488 223 91 embrassés
1016 493 87 61 moi,
1122 505 31 56 et
1195 489 144 70 donnés
1401 485 62 74 moi
1518 500 38 51 un
1599 483 205 88 bonquet,
1847 489 31 77 je
1914 479 26 70 le

176 569 390 77 lreçois
605 568 32 73 de
702 567 58 82 bon
819 571 97 90 cœur
974 568 208 93 puisqu'il
1227 567 104 80 vient
1383 568 32 77 de
1454 576 110 81 vous,
1610 567 65 88 bon
1714 577 110 77 jour,
1850 566 84 77 cher
1980 569 55 68 M.

447 658 121 79 baités
618 658 52 68 N.
688 658 52 87 N.
778 663 63 82 que
872 657 83 64 vous
993 658 95 67 aime
1139 659 25 81 et
1202 661 58 83 qui
1304 659 101 85 pense
1462 656 83 84 sans
1583 663 95 70 ceste
1735 672 13 46 à
1792 672 102 66 vous,
1925 672 26 60 je

445 754 37 63 ne
519 745 79 74 puis
640 742 122 64 encore
814 763 90 43 vous
973 743 179 77 appeller
1215 742 111 69 M^de
1379 742 32 74 la
1474 744 79 76 Vice
1595 742 201 77 amiral,
1828 756 26 56 on
1912 763 27 45 ne
1981 763 37 57 ma

452 843 120 49 encore
639 828 84 76 rien
777 820 180 88 mandé,
999 825 24 81 je
1066 819 108 89 desire
1222 819 66 89 fort
1342 843 66 65 que
1463 819 72 75 cela
1589 819 30 81 ne
1673 819 102 85 tarde
1829 833 91 75 point
1962 837 24 58 et

445 910 96 84 qu'on
603 916 21 69 ne
686 914 34 79 me
762 899 96 93 fusse
913 909 69 76 pas
1058 901 206 100 Languir,
1313 911 75 85 peut
1409 904 69 75 être
1540 922 96 78 aussi
1685 924 62 72 que
1809 915 82 70 M^r
1933 907 34 75 Le

452 993 125 80 Garde
626 990 57 69 des
738 992 137 78 sceaux
950 999 50 82 n'a
1062 1000 56 81 pû
1186 993 236 86 travailler
1472 1006 93 57 avec
1615 1002 25 68 le
1696 998 93 83 Roy
1839 1000 50 77 sur
1920 1010 25 76 ce
1970 998 80 88 sujet

460 1089 53 76 car
561 1085 24 80 je
638 1089 95 76 crois
793 1087 101 80 qu'on
942 1097 29 54 ne
1025 1084 119 86 laisse
1191 1090 72 82 pas
1310 1086 96 75 d'être
1447 1089 250 85 embarassé
1745 1100 59 67 des
1846 1094 166 81 affairres

453 1163 83 85 entre
585 1162 21 90 la
655 1163 146 89 prusse
850 1159 28 86 la
926 1162 84 79 sune
1058 1172 29 70 et
1148 1165 38 70 la
1239 1164 120 84 Reine
1413 1162 258 93 d'honrie,
1706 1185 90 64 c'est
1838 1185 63 64 une
1935 1168 98 83 levée

449 1253 30 71 de
519 1247 189 78 Bonclier
766 1254 54 75 qui
873 1251 147 69 coutera
1073 1250 124 72 chere,
1237 1251 165 83 heureux
1471 1262 25 74 si
1537 1260 65 74 elle
1649 1276 35 62 ne
1730 1277 83 63 nuit
1860 1278 65 58 pas
1960 1278 47 43 aux

451 1334 215 68 operations
720 1330 21 60 de
806 1328 100 60 nôtre
975 1330 191 58 Marine,
1206 1333 82 56 nous
1327 1336 271 69 commençons
1652 1332 11 74 à
1707 1342 80 65 nous
1827 1349 215 56 appercevoir

448 1419 67 69 que
563 1404 183 76 l'argent
796 1404 32 72 ne
866 1398 103 93 vient
1039 1403 71 88 pas
1155 1399 109 72 vite;
1328 1408 65 77 nos
1436 1399 130 79 flottes
1609 1400 27 76 de
1698 1409 200 86 Cabotage
1948 1424 60 65 ont

459 1512 92 59 aussi
607 1512 86 47 bien
726 1497 29 65 de
811 1490 29 75 la
902 1502 114 66 peine
1073 1506 17 50 à
1141 1492 74 76 nous
1266 1488 210 80 parvenir,
1538 1487 85 74 tout
1668 1487 68 73 cela
1793 1490 182 71 ralantit

465 1594 48 55 nos
561 1579 256 74 opérations.
887 1568 31 76 Le
983 1565 66 86 S^r
1102 1563 149 88 fustel
1298 1564 66 83 qui
1393 1562 222 71 commende
1668 1562 31 73 la
1787 1576 162 65 mouche
1995 1584 0 58 a

452 1661 66 71 pris
565 1675 37 46 un
654 1645 162 76 grendié
868 1645 32 85 de
947 1648 47 76 six
1054 1645 148 82 canons
1250 1651 24 66 et
1321 1647 24 85 de
1375 1648 202 82 plusieurs
1631 1666 178 66 periers,
1845 1666 59 66 qui
1934 1664 101 58 venoit

449 1726 80 87 pour
593 1726 283 86 l'amariner,
922 1727 19 72 il
980 1726 0 77 a
1052 1726 72 90 fort
1183 1726 85 71 bien
1321 1734 163 66 conduit
1536 1740 86 77 cette
1667 1748 112 69 petitte
1831 1733 170 84 affaiore,

455 1806 186 76 puisqu'il
694 1811 151 70 n'avoit
896 1806 59 59 que
1001 1806 82 81 deux
1130 1809 110 75 petits
1281 1809 145 64 canons
1490 1808 23 78 il
1572 1812 0 70 y
1612 1811 105 73 avoit
1763 1813 29 66 30
1851 1810 151 75 hommes

457 1889 92 84 dans
595 1889 22 84 la
669 1896 132 78 prise,
836 1894 80 73 dont
991 1893 57 74 dix
1088 1891 138 73 étoient
1289 1891 98 68 dans
1427 1908 40 53 un
1513 1891 109 72 canos
1674 1891 92 83 pour
1818 1895 91 60 aller
1967 1909 0 46 –

454 1982 191 63 amariner
694 1962 167 80 d'autres
909 1961 198 89 barques,
1144 1975 18 64 ce
1199 1968 136 77 canot
1390 1982 0 50 a
1439 1962 62 76 été
1544 1962 148 83 obligé
1722 1963 31 89 de
1802 1985 154 67 gagner
2005 1967 19 65 le

459 2042 79 91 long
583 2046 28 77 de
664 2045 26 73 la
756 2044 106 70 côte,
895 2056 26 76 et
987 2051 80 86 sera
1120 2052 86 85 peut
1225 2047 66 68 être
1338 2049 145 72 obligé
1523 2047 26 80 de
1609 2057 26 61 se
1668 2068 119 64 rendre
1840 2059 112 77 faute
1985 2068 27 58 de

450 2130 134 84 viires,
627 2146 0 55 a
663 2146 110 59 moins
827 2128 92 85 qu'il
967 2134 24 69 ne
1052 2128 134 86 trouve
1247 2126 298 89 quelqu'autre
1587 2125 177 78 corsaire
1818 2135 55 77 qui
1916 2130 24 82 le
1971 2124 107 86 sauve,

460 2214 21 59 je
517 2205 77 64 crois
635 2208 57 66 que
764 2200 77 67 M^r
908 2200 133 77 ferier
1098 2202 128 75 pourra
1288 2221 108 48 venir
1452 2208 11 54 à
1519 2206 26 72 la
1591 2205 51 74 fin
1699 2205 36 56 du
1807 2205 92 56 mois,
1930 2219 26 42 on

455 2285 116 63 crains
608 2291 79 60 pour
749 2274 33 69 sa
829 2274 85 65 vie,
956 2285 53 66 car
1041 2276 21 61 il
1109 2282 0 50 a
1157 2274 53 65 eté
1262 2274 74 76 tres
1389 2274 174 77 malade,
1590 2284 89 54 vous
1722 2274 132 78 scavés
1906 2277 95 75 qu'il

461 2342 48 81 est
555 2339 255 91 Ccorbutique
869 2340 128 90 depuis
1050 2341 241 91 longtems.
1331 2342 87 80 voila
1484 2342 60 72 bien
1598 2341 33 75 du
1685 2352 254 80 changement
1999 2363 0 52 –

465 2429 30 71 en
531 2427 61 76 peû
635 2426 24 73 de
714 2423 121 82 tems,
871 2421 55 85 qui
975 2421 66 76 doit
1102 2435 42 53 me
1211 2438 110 58 mettre
1375 2425 13 84 à
1430 2422 104 84 portée
1588 2422 37 70 de
1685 2426 73 73 tout
1830 2429 26 78 si
1891 2445 24 48 on
1958 2445 73 64 veut

482 2520 33 53 me
559 2504 137 68 donner
751 2498 32 79 la
855 2528 120 49 main,
1013 2528 72 47 nous
1117 2518 126 53 avons
1293 2496 104 80 besoin
1457 2496 98 73 d'etre
1621 2496 197 76 heureux.
