2118 2793
1347 171 47 57 bre

810 205 0 60 a
907 200 144 70 Brest
1114 206 29 54 ce
1225 208 33 61 5.
1311 210 34 59 9^.

1432 198 119 79 1756

1106 279 151 101 143^e
1304 271 119 98 Piece
1497 266 158 94 Cotte패e
1712 260 82 90 O.

468 465 31 74 je
547 474 85 69 vous
681 462 194 81 apprend,
918 460 60 69 ma
1033 459 103 67 Chere
1197 477 67 69 M.
1312 465 55 84 que
1409 462 61 84 j'ai
1512 463 104 74 ordre
1664 465 31 77 de
1755 469 201 72 de패sarmer

467 557 56 58 mon
579 549 163 63 Escadre,
792 546 23 77 le
865 548 112 77 soleit
1028 548 163 80 Royal,
1213 550 102 72 cestre
1370 553 147 67 demain
1589 555 107 73 dans
1746 559 23 69 le
1824 562 102 74 Port

456 636 23 64 et
520 621 52 82 les
619 631 104 76 autres
775 623 314 84 successivement
1158 638 12 52 a
1222 627 216 84 Laception
1489 630 25 65 de
1593 633 205 89 L'apollon
1865 643 55 79 qui
1958 656 55 64 sera

448 708 100 78 d'une
607 709 147 72 Escadre
813 710 29 72 de
895 716 41 70 sin
995 714 41 63 V^r
1095 729 66 70 que
1225 718 265 71 commendera
1548 722 78 77 M^r
1677 730 31 78 de
1759 727 155 84 foligny
1947 743 44 66 cet

451 790 120 76 hivers
612 793 32 73 en
706 795 130 75 Rade,
878 815 26 43 on
972 814 31 54 me
1060 802 173 72 marque
1289 812 64 65 que
1398 807 54 66 les
1519 806 37 66 V^x
1612 808 252 78 re패armeront
1908 834 39 47 en

465 875 111 65 mars,
628 888 84 49 mais
765 874 27 60 la
844 878 100 66 lettre
996 879 86 72 n'est
1128 899 70 59 pas
1249 886 97 76 assez
1391 888 92 79 clair
1539 910 91 58 pour
1681 898 197 73 m'assurer
1929 901 28 65 le

442 947 346 67 commendemant
864 975 35 39 me
945 960 104 72 voila
1112 963 93 59 dans
1254 973 38 51 un
1340 969 58 58 cas
1452 972 68 60 tre패s
1559 975 149 73 couteux
1777 997 28 50 et
1864 996 67 61 tres

448 1025 191 78 differant
692 1025 28 67 de
777 1044 24 63 ce
858 1031 105 78 qu'on
1021 1040 180 72 m'avoit
1264 1045 143 70 mande패
1447 1051 31 75 il
1522 1067 4 65 y
1571 1065 4 61 a
1630 1076 41 52 un
1734 1072 98 64 mois
1874 1084 28 54 et
1949 1085 89 56 meme

462 1120 103 42 moins
632 1109 75 56 tout
746 1117 63 50 cela
871 1119 165 72 annonce
1091 1130 59 49 nos
1216 1129 144 64 miseres
1409 1133 43 58 du
1499 1140 95 66 Port
1674 1142 60 73 les
1789 1158 212 64 capitaines

443 1184 117 75 seront
607 1199 135 56 comme
806 1198 78 79 moy
923 1204 173 75 ruine패s;
1129 1205 31 75 je
1205 1209 191 73 partirai
1456 1215 40 85 au
1538 1224 166 76 premier
1758 1240 99 70 jour
1903 1241 90 70 pour

464 1263 33 59 me
527 1258 123 72 rendre
701 1284 16 45 a
775 1266 22 59 la
865 1268 84 62 cour
1001 1285 29 47 et
1080 1278 76 65 tout
1206 1280 29 79 de
1291 1286 119 72 saitte
1470 1300 141 73 aupres
1655 1299 25 64 de
1713 1315 112 60 vous.
1872 1327 26 46 on
1945 1329 27 49 ne

452 1356 55 59 m'a
559 1364 100 58 point
706 1360 121 65 encore
884 1353 56 64 dit
993 1372 33 47 un
1090 1370 67 51 mot
1209 1363 29 65 de
1295 1367 31 69 la
1381 1369 102 74 Liece
1517 1374 245 86 amiraute패,
1804 1383 159 77 j'espere

437 1421 214 80 cependant
710 1430 104 81 qu'on
868 1445 33 50 ne
953 1443 39 76 me
1044 1438 82 85 fera
1183 1455 70 71 pas
1311 1446 260 83 l'injustice
1615 1458 35 63 de
1694 1465 21 60 la
1773 1462 136 77 donner
1951 1467 1 71 a
1998 1476 33 66 un

442 1509 117 73 autre.
600 1509 27 87 je
668 1509 70 91 suis
797 1516 150 91 surpris
994 1540 62 68 que
1111 1525 69 69 M^r
1238 1527 36 90 de
1318 1530 157 89 Salvere
1528 1546 47 65 ait
1637 1549 36 77 la
1718 1555 155 74 grande
1910 1556 104 65 croix

436 1592 62 82 cela
545 1594 69 81 sera
674 1602 234 81 mortifiant
972 1619 91 63 pour
1116 1613 59 69 les
1222 1619 141 81 autres,
1404 1632 102 72 quent
1548 1643 19 58 a
1620 1643 63 69 moy
1720 1647 35 66 je
1798 1652 29 49 ne
1876 1642 62 80 m'y

439 1680 164 72 attendois
654 1692 127 72 point,
827 1697 191 71 puisque
1085 1713 69 41 mes
1198 1716 121 62 veu팯es
1389 1707 73 77 sont
1514 1712 100 77 pour
1663 1716 24 69 le
1742 1717 138 76 cordon
1912 1724 88 66 Blea

443 1762 46 84 que
535 1763 26 80 je
614 1764 269 91 n'attraperai
935 1786 92 62 peut
1060 1780 61 68 e팩tre
1168 1784 149 87 point,
1366 1795 36 77 je
1444 1796 36 80 me
1522 1790 154 90 flattois
1721 1809 60 73 que
1833 1798 27 88 si
1898 1802 119 74 j'avois

424 1844 85 79 fais
546 1848 152 76 quelque
759 1849 116 67 action
935 1851 171 68 heureuse
1167 1865 68 69 que
1280 1861 162 82 j'aurois
1481 1866 150 81 pousse패s
1670 1877 94 71 plus
1817 1892 98 49 lon,
1951 1894 68 48 mais

455 1937 34 47 me
534 1926 95 63 voila
702 1921 112 74 quasi
886 1924 84 59 hors
1026 1927 298 77 d'Esperance,
1356 1940 13 52 a
1412 1948 108 66 moins
1563 1962 58 53 que
1675 1947 53 65 les
1770 1945 131 75 choses
1944 1970 23 47 ne

430 2000 186 79 changent
669 2006 34 57 du
767 2005 76 59 tout
895 2014 36 51 au
1006 2010 105 83 tout,
1144 2014 25 79 je
1208 2019 83 74 vais
1342 2015 83 73 sans
1481 2019 94 67 doute
1621 2036 70 57 e패tre
1737 2024 134 81 oblige패
1918 2031 29 54 de

434 2087 139 65 vendre
637 2084 48 77 les
733 2091 236 76 provisions
1020 2102 55 63 qui
1121 2113 45 61 me
1207 2101 76 72 sont
1329 2116 168 70 renits,
1527 2112 55 72 j'en
1617 2112 34 64 ai
1676 2121 124 63 encore
1857 2137 65 48 une

663 289 76 57 Pe

659 335 68 50 MRECe

744 403 5 59 E

451 2166 119 79 moitie패
607 2167 17 59 a
667 2168 243 83 Bordeaux,
959 2182 86 62 ainsi
1092 2188 51 63 que
1195 2180 83 72 tout
1324 2203 25 60 ce
1394 2194 64 68 qui
1502 2209 40 50 me
1579 2212 82 48 reste
1708 2211 61 60 icy
1827 2211 61 63 qui
1925 2216 38 47 me

443 2243 182 79 ruineroit
672 2262 65 59 par
796 2247 46 71 les
895 2252 126 77 frais,
1047 2256 26 69 il
1128 2254 145 82 faudra
1339 2266 27 70 se
1417 2267 166 68 consoler
1622 2266 26 69 et
1693 2287 89 60 viore
1822 2289 83 61 plus
1927 2275 101 77 long춻

445 2338 87 57 tems
568 2339 21 54 et
630 2332 82 66 plus
763 2330 376 82 tranquillemant,
1173 2343 69 67 cela
1296 2359 38 57 me
1368 2352 203 60 procurera
1620 2352 28 73 le
1687 2353 146 67 plaisir
1882 2358 28 59 de
1939 2374 72 46 vous

436 2409 68 61 voir
541 2404 21 66 et
610 2412 31 58 de
689 2420 90 50 vous
821 2412 195 77 embrasser
1078 2413 171 82 pluto팩t,
1284 2420 28 76 je
1358 2428 86 64 vous
1484 2423 134 70 e패crirai
1669 2441 122 61 avant
1848 2444 80 50 mon

434 2487 165 81 de패pait,
655 2500 91 67 ainsi
809 2492 102 79 soye패s
968 2499 263 65 tranquille.
1320 2512 64 53 tous
1434 2503 81 63 pus
1565 2505 251 80 domestiques
1848 2508 25 83 se
1905 2509 121 78 portent

427 2577 100 60 bien,
582 2577 194 70 Perardot
842 2579 67 76 sera
964 2580 139 78 oblige패
1152 2578 34 68 de
1224 2581 111 67 resser
1374 2580 61 79 icy
1485 2597 60 61 une
1590 2597 166 63 quanre
1800 2587 28 70 de
1867 2599 132 61 jours
