4172 2846
491 237 136 68 infiny
676 239 29 59 de
749 243 73 63 vous
875 248 99 63 tenir
1026 262 216 60 compagnie
1318 262 124 62 tachés
1489 264 26 60 de
1562 273 30 49 ne
1625 284 74 56 vous
1742 283 65 59 pas
1835 281 161 63 constituer

469 310 34 71 en
542 313 186 67 dépence,
761 320 51 58 car
851 329 28 51 je
941 333 39 51 me
1041 327 172 68 trouverés
1271 341 92 71 dans
1406 348 47 67 un
1500 345 144 77 furieux
1696 353 182 76 embaras
1922 375 68 58 pour

459 418 68 52 nous
574 404 140 64 meubler
761 406 43 57 ici
854 411 28 71 et
932 425 2 61 y
980 420 64 63 etre
1094 423 363 61 convenablement,
1489 450 24 43 ce
1552 456 55 53 que
1645 459 30 48 je
1719 462 29 48 ne
1781 458 143 60 pourrai

462 491 100 52 purer
616 488 150 68 qu'avec
824 490 34 66 du
920 497 124 64 Credis
1088 510 24 45 et
1174 506 48 58 des
1274 510 124 63 termes
1445 522 94 59 assez
1591 545 120 40 long,
1740 551 80 52 mais
1862 545 81 64 c'est

451 582 50 56 icy
541 577 23 61 la
614 582 90 61 payt
748 575 29 71 de
838 577 23 68 la
928 588 217 60 ressourc,
1172 590 28 72 je
1245 593 34 72 ne
1331 594 92 84 serai
1459 607 161 79 content
1661 626 63 63 que
1761 633 133 61 quand

436 665 28 74 je
506 667 265 79 tembrasserés
831 687 38 60 ma
928 691 108 60 chere
1087 690 177 72 femme,
1294 712 24 49 je
1358 711 101 63 pense
1504 709 100 73 sans
1640 722 83 62 celle
1769 734 2 50 a
1834 731 51 55 loy
1915 725 24 62 et

437 771 26 62 ne
502 778 86 64 scres
651 790 147 57 heureux
861 790 56 51 que
986 790 106 66 quand
1146 803 78 57 nous
1281 804 127 65 seront
1456 809 234 74 rassemblés
1760 830 40 59 le
1845 839 103 56 comte

429 856 25 71 de
510 858 90 76 tolar
657 862 40 75 me
749 872 88 70 porte
889 873 78 69 tous
1014 876 45 70 les
1106 892 99 65 jours
1240 897 57 67 vos
1349 892 155 78 santés,
1549 901 25 67 il
1608 917 74 60 vous
1722 916 262 75 aimedlevance

423 961 25 57 et
482 961 108 73 desire
642 962 67 83 fors
768 979 77 45 vous
898 978 186 66 convoitra
1159 986 27 52 il
1248 992 80 79 vous
1366 991 81 84 fait
1497 1010 51 69 ses
1592 1004 242 81 compliments
1878 1023 1 67 a
1920 1024 78 73 toutte

418 1046 71 65 deux
557 1064 30 48 ne
651 1055 180 69 Londiiés
880 1071 68 55 pas
997 1068 87 58 dans
1123 1082 49 47 vos
1239 1078 129 66 lettres
1440 1087 60 60 bon
1552 1098 79 57 jour
1688 1112 46 48 ma
1786 1111 109 60 pelette

414 1143 169 78 Rennes,
634 1141 29 86 le
714 1144 82 83 gros
842 1151 95 68 Lard
988 1155 31 80 ne
1074 1162 184 75 changera
1314 1184 206 96 jamais,
1538 1198 37 84 et
1627 1209 78 78 sera
1754 1197 165 99 toujours

414 1253 47 90 ton
512 1250 99 95 fidel
702 1258 124 63 mary.

879 1266 46 61 de
993 1269 266 88 Conflans

3828 228 94 65 endre
