2123 2825
667 384 101 65 DREERE

620 435 69 52 Marcr

675 494 7 59 R

1418 249 56 60 bre

783 289 24 54 à
899 274 151 83 Brest
1111 290 31 61 ce
1251 277 49 84 8^.
1366 296 0 68 9

766 456 65 58 nt́iai

1551 283 133 72 1756

1172 427 161 75 144^
1407 401 130 91 Piece
1611 394 135 94 cottée
1820 392 73 87 O.

465 564 26 78 je
552 574 93 55 vous
705 582 44 46 ai
821 567 164 73 mandé
1024 569 145 82 Chere
1213 584 104 87 M.
1366 602 89 71 par
1527 594 321 97 maderniere,
1883 631 76 62 que

464 673 69 56 mon
598 664 156 75 Escadre
805 670 284 72 désarmoit,
1140 698 82 48 mon
1299 687 206 86 Vailleau
1553 699 37 79 le
1631 706 138 86 Soleil
1814 733 136 67 Royal

436 755 46 64 est
523 751 99 76 dans
663 763 27 77 le
743 768 119 76 port,
891 782 26 52 et
970 773 97 87 déja
1142 781 96 77 bien
1308 810 194 71 avancé
1547 801 124 89 dans
1725 817 58 74 son
1823 816 193 93 désaraien

429 849 56 65 les
527 856 124 68 autres
686 871 100 56 vout
839 867 113 77 faire
999 868 33 67 de
1091 872 153 94 même.
1277 887 39 82 je
1371 894 203 75 partirai
1617 921 290 69 incessament

423 952 93 71 pour
579 944 28 77 la
670 957 118 69 cour,
832 972 35 71 on
914 964 31 89 je
986 969 134 69 voirés
1174 977 31 66 le
1263 983 90 96 Roy
1393 1013 37 62 et
1491 1000 24 75 le
1574 1012 229 92 ministre;
1840 1028 34 73 je
1912 1045 34 54 ne

413 1037 84 88 suis
550 1062 111 69 point
721 1066 171 68 contant
957 1075 118 73 qu'n
1140 1098 41 72 me
1219 1093 127 85 fasse
1403 1106 199 97 Languir
1646 1137 111 69 pour
1842 1135 29 74 la

420 1135 88 75 Vice
558 1155 257 72 amirauté
852 1169 29 80 et
921 1181 104 71 pour
1079 1177 26 70 le
1177 1187 150 89 cordon
1386 1200 124 88 bleû,
1542 1219 89 71 peut
1656 1234 54 65 étre
1759 1238 69 68 que
1890 1244 49 64 ma

434 1236 182 76 présence
675 1256 266 89 accellerera,
986 1287 51 50 me
1082 1280 108 67 voila
1244 1285 112 69 dans
1411 1311 47 53 un
1495 1307 95 67 etat
1650 1316 286 84 d'esperance

1502 1416 81 89 jai
1631 1419 188 94 despentés
1861 1449 40 64 au
1930 1435 74 89 dela

442 1356 91 65 mais
584 1343 73 89 fort
708 1358 180 99 critique
950 1378 109 85 pour
1136 1390 52 71 ma
1238 1389 186 96 fortane

419 1432 34 69 de
488 1451 27 76 ce
556 1457 59 76 que
655 1450 38 87 je
737 1462 86 78 puis
875 1462 117 91 dire,
1044 1476 119 87 forcé
1201 1485 74 78 par
1326 1499 80 65 tout
1463 1511 30 71 ce
1550 1529 78 66 qui
1681 1534 67 69 m'a
1821 1544 133 61 tomhé

413 1534 59 60 sur
521 1530 51 79 les
621 1538 117 70 bras,
761 1565 34 47 et
850 1555 87 87 n'ai
974 1563 70 88 pû
1088 1574 102 79 faire
1247 1589 271 93 autrement,
1551 1623 37 67 et
1627 1622 87 75 rien
1766 1641 34 61 ne
1843 1645 116 69 vient

416 1626 42 78 de
515 1634 329 109 l'amerique,
888 1670 36 78 je
966 1664 114 86 serai
1120 1679 211 77 contraint
1380 1697 138 81 d'aller
1565 1727 124 70 vivre
1746 1744 43 56 au
1832 1733 183 88 chartreu

419 1753 45 50 où
515 1743 82 76 bien
653 1766 87 64 vous
791 1773 51 53 me
888 1761 220 83 nouvigés,
1152 1776 82 82 c'est
1271 1785 97 92 vôtre
1402 1797 205 93 affairre,
1632 1831 75 62 car
1752 1823 33 65 si
1818 1841 32 57 on
1909 1849 32 52 ne

434 1858 39 59 me
522 1840 85 96 fait
648 1850 77 80 pas
775 1858 84 62 vice
894 1867 181 63 amiral
1136 1873 44 80 je
1223 1876 106 102 serai
1357 1887 108 85 plus
1521 1921 132 77 queux
1705 1930 70 75 que
1830 1932 72 76 job
1957 1920 27 84 et

1429 2015 42 62 me
1522 2013 125 76 voila
1699 2024 156 73 encore

420 1940 87 72 plus
546 1939 94 66 triste
711 1950 119 79 qu'un
889 1958 118 80 bonet
1062 1964 39 74 de
1171 1982 141 68 moite

410 2030 255 90 surchargé
704 2042 37 65 de
798 2059 227 84 nouvelles
1067 2073 292 66 provitions,
1398 2085 109 76 sant
1561 2106 22 66 à
1637 2101 150 82 scavoir
1867 2126 38 70 sr
1937 2119 33 75 je

416 2117 305 79 commenderai
777 2149 40 59 au
869 2152 262 60 printems,
1160 2165 36 65 et
1240 2171 32 57 si
1305 2177 31 67 on
1385 2187 140 56 pouvra
1590 2198 144 64 armer
1775 2207 115 72 dans
1931 2225 30 51 ce

407 2203 108 71 tems
576 2211 25 63 le
663 2211 164 72 nombre
887 2214 36 71 de
988 2226 64 57 V^x

1135 2253 31 51 ne
1193 2252 183 78 cessaires
1426 2264 15 66 à
1501 2283 52 58 ma
1613 2277 247 85 dignité,
1885 2303 94 74 enfin

411 2294 23 61 il
504 2290 157 77 faudra
731 2311 187 70 peutetre
985 2320 98 68 tout
1134 2343 192 69 rendre.
1383 2363 49 47 ma
1483 2357 258 87 consolation
1804 2374 76 77 sera
1926 2384 37 68 de

410 2381 96 73 vous
549 2383 106 70 voir,
681 2402 41 57 de
763 2404 97 63 vous
912 2400 161 68 aimer,
1112 2409 39 62 de
1183 2416 108 76 vous
1327 2423 129 75 cherir
1510 2451 31 45 et
1591 2438 34 74 de
1669 2460 90 58 vous
1786 2450 228 79 embrasser.

424 2479 62 56 mes
539 2469 159 70 tendres
749 2484 185 73 amitiés
990 2507 14 51 à
1049 2494 40 74 la
1151 2498 123 88 chere
1320 2503 111 85 sœur
1475 2520 28 76 et
1548 2528 63 72 que
1657 2527 27 61 le
1734 2523 64 74 bon
1850 2530 92 82 dieu

412 2576 101 64 nous
571 2571 200 74 conservi
824 2581 122 74 tous.
1005 2584 74 75 bon
1135 2588 108 81 jour
1295 2598 73 63 M.
1415 2606 112 76 NN.
1557 2622 53 59 est
1640 2623 107 66 votre
1793 2616 193 83 serviteur
