2185 2844
790 241 23 48 à
908 218 153 79 Paris
1127 219 35 73 le
1251 242 0 61 9
1335 228 158 76 fevrier
1564 247 121 61 1752

1032 309 68 62 6^e
1161 318 129 67 piece
1369 301 140 77 cottée
1610 311 0 70 A

427 486 150 51 Jai,
623 475 65 80 mon
740 475 90 80 petit
876 478 119 81 cœeur,
1033 479 132 78 prassé
1205 482 77 80 bail
1340 490 83 66 pour
1475 492 89 64 notre
1628 505 130 50 maison
1810 494 13 62 à
1884 492 136 66 3400^lt

437 550 51 55 elle
527 555 38 50 est
604 557 81 48 dans
753 556 26 49 la
856 559 34 53 me
971 556 158 59 grenelle
1172 556 184 60 faubourg
1424 564 26 46 s^t
1510 563 162 58 germain
1741 562 81 57 dans
1856 575 30 46 un
1924 563 52 60 des

433 619 82 66 plus
561 619 101 70 beaux
718 620 167 70 quartiers
931 636 20 55 de
997 627 106 61 paris
1169 625 25 66 la
1255 631 117 56 maison
1428 643 40 37 est
1509 643 91 48 entre
1640 637 127 58 conrat
1808 628 152 70 j'ardin,
1980 630 41 64 bon

422 694 37 62 air
504 700 23 48 et
581 692 77 59 belle
699 703 91 39 veüe,
826 692 100 58 touttes
976 693 50 56 les
1076 693 238 55 commoditées
1358 694 215 63 necessaires,
1603 700 23 57 je
1658 709 145 50 pourrai
1858 709 100 50 meme

423 757 71 58 touer
545 768 36 52 un
636 759 269 70 appartement
961 759 10 73 à
997 760 152 71 quelque
1205 773 71 43 ami
1332 776 66 40 pour
1448 785 61 42 unq
1545 785 25 50 ou
1610 772 37 64 sin
1677 776 71 54 cent
1798 770 122 71 livres,
1951 776 91 61 mais,

423 836 28 63 je
494 829 199 70 chercherés
745 837 171 61 nngarcon
972 832 24 57 de
1043 850 100 40 boune
1186 835 143 60 societé,
1366 836 67 51 j'ai
1479 844 91 59 aussi
1617 838 72 68 fait
1762 842 211 68 L'emplette

414 903 86 68 d'une
571 903 133 67 berline
761 917 23 56 je
822 922 24 43 ne
879 923 76 42 vous
993 924 28 42 en
1055 909 80 60 veux
1183 922 61 48 pas
1287 906 63 62 dire
1396 907 20 67 le
1458 908 99 67 prix,
1586 917 86 59 mois
1709 924 81 55 vous
1818 922 30 55 en
1899 920 82 55 sues

417 990 150 57 contente
620 983 64 58 elle
749 979 69 61 sera
882 979 64 61 fort
1021 979 139 61 belle,
1187 990 27 56 on
1267 981 155 70 travaille
1469 982 141 72 apres,
1646 989 23 60 il
1710 985 73 63 n'est
1817 999 152 62 question
2009 1004 45 57 que

420 1058 163 71 d'argent
628 1069 84 63 pour
774 1060 146 57 soutenir
981 1063 85 54 notre
1116 1062 108 55 etat,
1262 1063 80 76 notre
1390 1064 175 75 siluation
1620 1072 41 66 est
1732 1068 248 69 malheureuse

404 1139 95 63 dans
548 1137 45 65 les
642 1136 261 59 circonstances
986 1138 22 58 il
1064 1141 83 70 faut
1213 1143 189 71 surmonter
1445 1144 63 50 tout
1544 1147 63 58 cela
1655 1157 24 46 et
1727 1154 80 58 aller
1849 1155 57 62 aux
1942 1157 133 70 expediee

426 1241 22 47 on
503 1235 113 59 repare
662 1224 45 54 les
762 1224 104 55 choses
921 1228 231 67 necellairres
1202 1226 96 53 dans
1339 1226 82 65 notre
1466 1232 160 65 nouvelle
1683 1235 173 63 maison,
1892 1243 32 55 au

415 1309 155 59 premier
619 1290 74 79 jour
761 1292 17 68 le
835 1301 102 66 comte
983 1297 34 79 de
1073 1298 125 79 solare
1255 1301 22 56 et
1339 1315 58 47 moy
1452 1314 76 53 nous
1577 1308 267 70 travaillerons
1889 1335 53 48 aux
1991 1336 2 45 –

423 1395 132 64 moyons
599 1378 25 79 de
693 1377 25 62 la
787 1391 88 49 faire
938 1379 169 61 meubler,
1151 1396 57 40 non
1277 1383 107 54 dans
1439 1380 27 67 le
1514 1380 127 68 beau,
1683 1392 96 71 mais
1821 1392 92 74 dans
1946 1382 111 84 l'homte

405 1456 22 70 et
477 1450 139 72 l'atil.
693 1466 28 61 je
776 1456 56 74 n'ai
887 1456 100 78 point
1032 1465 122 51 encore
1198 1466 57 52 eté
1291 1465 2 53 a
1330 1467 196 55 versailles
1569 1488 24 36 et
1635 1470 26 74 si
1691 1479 35 68 je
1774 1472 135 76 saivois
1963 1494 52 59 mon

405 1538 210 69 inclination
676 1542 22 64 je
754 1542 116 67 n'irois
920 1546 183 72 jamais,
1147 1552 22 47 ce
1219 1548 28 52 ne
1297 1549 72 70 sera
1422 1553 104 73 qu'au
1584 1554 146 68 carence
1782 1572 59 59 que
1877 1564 25 68 je
1972 1575 2 58 –

410 1636 111 52 voirés
582 1621 22 57 le
670 1617 205 67 ministre,
914 1622 22 63 je
958 1624 89 73 crois
1086 1627 94 72 qu'on
1235 1640 28 44 ne
1328 1627 103 58 laisse
1472 1632 69 61 pas
1588 1633 102 73 d'etre
1749 1652 140 57 surpris
1937 1658 24 52 de
2004 1660 29 48 ne

427 1708 28 70 me
500 1704 89 75 point
640 1702 101 66 voir,
780 1707 56 53 cela
904 1706 44 69 les
993 1709 152 75 inquiete
1195 1716 73 68 peut
1290 1714 92 54 etre,
1430 1712 81 60 mais
1553 1711 25 64 je
1626 1712 92 68 donne
1761 1715 19 67 le
1834 1725 81 62 tems
1946 1733 47 57 aux

403 1782 109 70 choses
553 1786 78 53 elles
683 1785 63 55 n'en
798 1790 83 57 irout
933 1788 68 63 pas
1058 1795 99 63 mois
1214 1788 109 71 bien,
1365 1801 21 59 ce
1417 1790 95 71 qu'il
1551 1797 8 64 y
1587 1804 2 49 a
1645 1801 28 58 de
1733 1800 137 62 Pertain
1910 1812 62 50 che

413 1869 82 78 qu'on
551 1872 25 75 ne
626 1860 88 88 peut
771 1868 156 81 jamais
990 1883 31 55 me
1078 1864 94 78 faire
1222 1873 139 60 autant
1422 1867 27 60 de
1517 1868 82 77 bien
1660 1880 90 69 qu'on
1817 1875 52 66 m'a
1923 1871 84 86 fait

404 1951 171 70 demal.
640 1944 217 70 l'Eseutiel
915 1949 42 60 est
1003 1946 30 73 de
1097 1946 112 82 songer
1262 1959 0 51 a
1320 1959 73 50 nous
1438 1950 125 69 rendre
1637 1967 137 64 heureux
1831 1971 61 58 par
1943 1974 60 53 nous

422 2041 127 60 mence,
583 2030 29 72 je
666 2027 263 75 commenerés
988 2031 0 54 a
1066 2028 97 66 l'etre
1217 2034 39 53 du
1295 2032 78 62 jour
1445 2036 51 62 que
1528 2048 75 45 vous
1645 2052 26 48 et
1728 2036 26 64 la
1806 2039 99 73 chere
1952 2047 85 64 sœur

404 2114 92 71 serés
542 2115 80 61 ici,
662 2120 23 52 je
737 2117 172 73 m'ennuis
972 2125 178 71 beaucoup
1201 2123 82 74 dans
1321 2127 83 70 cette
1442 2126 168 66 attente,
1660 2133 88 61 mais
1803 2147 82 54 nous
1929 2148 25 46 ne

402 2194 194 79 scavions
645 2205 82 59 aller
770 2199 87 60 plus
901 2199 99 78 vite.
1062 2202 124 79 faites,
1229 2216 38 62 ma
1316 2205 101 72 petite
1472 2211 124 58 mere,
1633 2226 69 46 mes
1751 2216 131 62 amitiés
1937 2229 1 47 a

808 303 4 61 l
836 299 71 71 MMra

714 346 233 74 CIRRETIONGENÉRRIE

413 2294 41 53 nos
495 2283 95 64 amis
631 2289 27 50 et
717 2281 127 61 million
884 2281 24 54 de
949 2285 150 61 respets
1144 2283 55 58 aux
1253 2284 141 66 dames,
1430 2286 68 65 dites
1544 2287 181 66 beaucoup
1775 2295 23 59 de
1843 2288 118 65 choses

401 2366 70 60 pour
527 2366 58 64 moy
630 2366 1 50 a
694 2359 69 62 M^r
802 2354 30 57 de
877 2352 179 79 Cherai,
1084 2359 1 63 a
1135 2354 77 59 M^rs
1239 2361 29 56 de
1313 2359 163 77 Cousage,
1497 2361 25 61 de
1561 2357 248 78 Rochechouart
1847 2363 88 74 d'orsy
1967 2382 53 51 –t

412 2437 53 61 mes
504 2447 156 54 amiens
704 2434 238 62 camarades
993 2430 155 68 biraque
1188 2442 27 50 et
1265 2431 206 64 Moulouet,
1522 2433 62 71 s'il
1624 2437 155 72 m'arrive
1819 2440 155 69 jamais

407 2526 159 63 quelque
628 2510 164 82 bonheur
837 2512 36 80 je
907 2512 70 63 leur
1035 2512 29 60 en
1122 2513 93 55 ferai
1250 2518 110 62 part.
1435 2525 58 68 bon
1550 2516 83 79 jour
1691 2530 46 45 ma
1784 2524 98 54 petite
1935 2524 121 64 mimie

410 2600 93 53 aime
569 2584 159 80 toujours
782 2586 262 64 tendrement
1092 2589 50 79 ton
1196 2594 74 75 gros
1318 2591 172 79 zombi,
1530 2602 56 70 qui
1622 2593 122 80 t'aima
1786 2599 80 74 plus
1914 2611 49 63 que

401 2657 57 64 luy
510 2668 147 49 meme,
688 2653 26 60 de
761 2646 251 77 Conflans
