2805 2795
444 218 58 75 les
552 218 148 77 litieres
757 238 119 58 feront
944 225 47 76 les
1058 240 131 69 mines
1257 232 183 77 journées
1489 236 64 76 que
1608 235 25 77 te
1716 236 172 79 Carosse,
1904 263 18 53 et

425 330 68 64 vous
544 315 85 80 serés
680 318 239 78 insiniment
1009 334 114 58 moins
1191 322 285 67 tourmentées,
1514 342 30 42 au
1627 329 168 81 surplus
1830 331 27 82 il
1893 336 83 78 faut

409 408 74 65 aller
541 408 37 62 au
647 427 111 46 moins
805 408 32 61 de
889 408 212 73 dépence,
1132 418 53 66 car
1232 412 28 72 je
1290 413 97 67 vais
1443 431 39 44 me
1532 419 134 60 trouver
1712 435 28 51 en
1791 430 65 59 tout
1897 440 86 49 genre

399 504 97 54 dans
553 496 28 66 de
649 487 137 73 furieux
831 491 187 77 embaras
1069 510 80 59 pour
1217 493 28 59 de
1324 494 212 76 l'argent,
1562 502 25 62 il
1631 500 132 74 semble
1812 523 53 52 que
1897 524 65 50 tout

406 583 155 61 coucourt
627 580 11 60 à
705 584 38 53 ma
799 590 100 52 rruine
993 588 182 59 s'espere
1225 591 224 70 cependant
1511 598 60 65 que
1622 595 32 71 la
1717 600 234 66 persecution

397 670 138 59 tessera
601 687 24 47 et
681 680 57 55 que
786 677 146 62 j'aurai
994 688 34 53 un
1078 682 83 59 jour
1231 679 29 60 le
1320 680 129 68 dessus
1514 686 97 63 ensin
1666 698 20 49 il
1741 696 88 50 nous
1884 689 73 66 faut

421 759 114 69 mettre
594 772 54 63 une
697 763 65 75 fois
827 765 201 66 tranquels
1074 779 29 45 et
1156 777 34 48 en
1237 777 110 68 repos
1388 780 67 65 tels
1491 787 244 65 erenments
1788 786 115 67 qu'ils
1945 805 1 49 –

418 846 161 65 puissent
654 857 171 52 arriver,
870 855 146 64 j'aurois
1066 855 70 63 bien
1195 856 162 67 desiré,
1385 863 188 68 Machere
1621 879 87 56 ame
1776 883 72 55 vous
1882 883 126 56 procurer

419 948 69 54 tout
547 934 40 70 les
646 936 163 62 bonheurs
869 946 60 62 que
987 947 75 51 vous
1125 950 160 62 merités,
1312 968 26 48 et
1377 969 75 49 vous
1485 956 66 64 voir
1614 957 22 70 la
1688 962 91 63 plus
1821 962 159 72 heureuse

406 1032 55 58 des
534 1022 191 67 femmes,
787 1026 74 87 mais
908 1043 2 71 j
970 1043 26 73 ne
1055 1031 70 87 suis
1172 1047 69 72 pas
1301 1040 100 61 mettre
1454 1044 39 78 du
1534 1040 57 81 sort
1650 1046 39 84 n'y
1724 1043 51 87 des
1817 1052 209 79 circoustancs

420 1111 21 62 il
497 1111 83 72 faut
635 1110 78 60 donc
769 1111 93 61 avoir
914 1123 200 55 patience,
1176 1116 16 71 le
1253 1116 97 68 tems
1402 1139 72 50 nous
1525 1131 175 63 restutira
1751 1144 77 49 peut
1849 1138 61 51 etre
1956 1131 21 54 le

430 1198 62 59 mal
554 1199 97 66 qu'on
723 1204 78 63 nous
888 1197 103 61 fait,
1053 1198 87 62 dites
1197 1198 192 75 beaucoup
1444 1200 22 64 de
1521 1200 145 73 choses
1712 1220 0 52 a
1768 1221 57 50 nos
1887 1221 93 53 amoi

414 1295 69 71 pour
537 1286 102 83 moy,
681 1281 155 83 jecrirai
886 1296 0 50 a
960 1280 68 69 M^r
1065 1282 25 54 de
1152 1278 143 89 Cousage
1332 1287 19 56 et
1401 1283 37 53 au
1481 1277 68 70 Ch^r
1611 1277 162 90 d'orsy,
1804 1282 136 85 aussitot

409 1380 59 59 que
518 1367 28 73 je
607 1368 162 70 scaurai
825 1366 184 72 quelque
1061 1366 135 70 chose;
1243 1374 42 60 ma
1353 1367 104 58 fanté
1498 1370 32 67 va
1597 1383 115 54 moins
1775 1379 67 59 mal
1894 1373 26 66 et

423 1448 23 68 la
498 1447 184 70 présence
739 1442 23 59 de
814 1456 63 62 vea
946 1439 115 79 petite
1124 1439 109 57 Mere
1314 1459 29 48 la
1400 1439 201 75 resublira
1682 1450 75 62 tout
1814 1439 1 67 a
1866 1437 70 75 fait

424 1541 58 51 mes
527 1532 174 56 amitiés
757 1533 1 47 a
837 1519 24 66 la
918 1519 104 68 chere
1091 1520 138 72 sœur,
1269 1525 29 77 et
1350 1518 97 84 soyés
1505 1518 75 81 l'un
1631 1535 23 51 et
1712 1521 132 79 l'autre
1890 1528 46 67 sur

407 1630 27 53 de
495 1614 106 58 toutte
667 1630 48 42 ma
782 1611 205 77 tendresse
1039 1617 26 60 et
1117 1611 52 72 que
1221 1612 79 61 rien
1362 1615 32 71 ne
1446 1627 120 60 poura
1613 1618 161 69 jamais
1816 1615 130 70 lgaler

397 1697 52 115 les
518 1695 234 116 sentiments
796 1701 52 86 que
909 1700 26 94 le
987 1698 104 98 porte
1169 1693 175 81 tongros
1395 1692 159 97 zombi.
1610 1692 48 88 de
1706 1691 244 111 Conflans
