4035 2825
481 311 119 103 M^de
656 314 28 71 de
740 310 28 74 la
852 317 280 76 galissonniere
1195 321 0 64 a
1266 310 84 101 bien
1413 309 84 102 fait
1567 306 126 101 d'aller
1742 318 112 77 passer
1910 315 49 73 son

475 409 165 80 chagrin
736 416 19 56 à
806 400 38 77 S^t
901 400 140 85 Clond,
1072 400 64 77 cest
1187 408 63 81 une
1314 401 152 88 grande
1510 408 110 81 perte
1682 416 58 71 que
1784 402 57 69 son
1899 412 71 66 mari

478 495 138 77 j'aurai
670 495 69 77 soin
798 495 27 66 de
878 506 59 51 ma
1017 496 117 67 santé
1188 495 128 73 comme
1364 506 96 60 vous
1513 514 54 55 me
1609 494 27 66 le
1679 495 283 76 reccommandés

472 590 22 55 et
545 577 97 69 nirai
693 577 124 67 guerre
857 574 142 71 coucher
1060 572 12 65 à
1128 572 127 81 bord,
1304 581 30 73 je
1367 588 114 53 veux
1531 575 160 74 comme
1740 600 98 55 vous
1876 586 19 71 le
1933 587 64 73 dits

457 662 58 74 etre
557 665 271 67 viccamiral
880 663 21 62 et
948 664 156 67 devenir
1146 666 157 63 ensuitte
1354 668 64 61 M^r
1464 668 36 72 de
1553 667 135 73 france
1730 684 31 54 et
1813 684 42 48 me
1907 684 0 52 –

465 754 176 66 conserver
688 743 88 79 pour
824 742 23 73 la
900 749 71 69 M.
1018 746 23 80 je
1082 744 71 75 suis
1205 745 84 68 bien
1358 749 149 84 obliges
1546 753 14 72 à
1617 764 49 55 ma
1717 758 108 78 Chere
1852 754 120 83 Cousine

462 823 24 83 je
527 825 65 78 suis
640 821 77 81 bien
771 822 196 88 persuadé
1008 824 18 79 de
1073 826 42 81 son
1163 828 59 63 bon
1274 830 127 63 cœur,
1447 841 97 76 mais
1589 853 32 64 je
1666 853 32 66 ne
1742 833 75 91 suis
1861 853 92 72 point

456 920 115 64 encore
611 919 184 70 pourvû,
830 908 190 78 remerciés
1058 909 25 76 la
1139 914 168 79 toujours
1351 916 37 74 de
1443 927 42 76 ma
1523 924 135 80 part,
1719 928 99 78 quand
1885 939 53 62 mes

460 996 105 74 nieces
624 993 218 82 m'ecriront,
883 997 23 78 je
948 999 76 72 leur
1065 996 271 85 répondrad,.

441 1076 63 79 les
548 1083 132 80 Comtes
743 1085 195 82 Potoske
982 1087 169 80 palatuns
1182 1104 28 57 et
1257 1104 160 67 neveux
1471 1095 35 83 de
1553 1096 29 85 la
1641 1102 114 80 Reine
1810 1125 52 57 ont
1911 1117 76 66 dints

446 1178 13 58 à
512 1179 60 67 mon
632 1162 107 83 bord,
766 1174 26 70 je
832 1161 67 82 leur
946 1179 26 63 ai
1012 1170 134 72 donnés
1185 1170 57 89 une
1284 1170 91 89 feste
1417 1174 224 95 agréable,
1670 1194 76 71 dont
1778 1199 41 68 ils
1851 1203 55 70 ont
1931 1207 41 63 été

438 1244 60 58 tres
529 1246 172 76 contants,
731 1250 45 72 ils
807 1257 32 66 en
881 1255 211 72 parleront
1149 1261 194 72 surement
1400 1269 18 63 à
1459 1266 28 64 la
1533 1270 114 70 Reine
1683 1274 28 59 et
1742 1286 38 46 un
1838 1286 146 62 ministre

434 1335 45 63 ces
519 1323 114 75 jenes
684 1321 165 85 seigneurs
900 1328 69 80 sont
1018 1332 65 61 tres
1132 1332 75 64 bien
1257 1334 127 78 élevés
1415 1359 31 64 et
1489 1342 229 80 spiortuils,
1739 1350 41 67 ils
1819 1349 126 81 doivnt

441 1406 73 56 vous
565 1404 73 67 aller
688 1399 96 77 voir,
815 1400 99 79 faites
951 1404 87 76 leur
1086 1416 97 71 dans
1221 1416 25 65 ce
1293 1423 63 69 cas
1406 1420 58 67 les
1518 1423 214 78 honesstéés
1776 1433 80 73 dont
1905 1450 69 58 vous

420 1474 96 84 detes
564 1473 186 87 Capable.

448 1551 27 77 je
504 1549 76 78 suis
623 1545 63 68 tres
740 1564 70 54 aise
870 1569 51 71 que
962 1556 85 87 vous
1081 1557 84 92 ayés
1211 1561 54 88 bû
1299 1563 16 73 à
1360 1576 41 82 ma
1453 1574 115 86 santé
1603 1595 89 66 avec
1740 1582 76 80 M^r
1846 1583 20 78 la
1889 1583 113 77 Comtesse

427 1632 37 62 de
519 1633 212 67 chabannes
768 1647 24 62 et
829 1648 48 67 que
914 1647 73 49 vous
1035 1650 81 48 ayés
1156 1649 131 73 causéés
1332 1651 39 81 un
1411 1661 82 74 peû
1539 1658 56 79 sur
1655 1678 61 48 mon
1777 1674 147 68 compte,
1947 1665 49 68 dite

437 1711 47 75 lui
530 1709 59 73 que
624 1716 168 59 personne
850 1723 35 51 au
938 1718 100 53 monde
1081 1720 33 53 ne
1169 1721 27 54 la
1243 1722 172 81 respecte
1459 1743 26 60 et
1518 1738 25 69 ne
1587 1729 54 81 lui
1664 1743 47 68 est
1740 1741 81 72 plus
1844 1735 158 79 simcerances

432 1765 131 68 attaché
601 1766 18 60 de
657 1787 75 47 cour
764 1787 19 45 et
834 1768 136 68 d'ame.

428 1817 66 67 dites
531 1820 14 70 à
575 1818 21 77 la
652 1821 98 91 chere
793 1826 112 91 sœur,
940 1858 61 61 que
1037 1836 29 67 la
1114 1840 87 75 lettr
1255 1845 55 75 m'a
1364 1847 74 87 fait
1480 1878 41 58 un
1557 1871 85 74 vrai
1679 1877 148 75 plaisir,
1852 1888 52 65 que
1923 1888 26 58 je

423 1884 71 69 suis
527 1885 66 72 bien
640 1899 165 61 convinen
853 1900 26 60 de
927 1904 71 67 tout
1044 1909 24 64 le
1103 1910 74 68 bien
1227 1921 126 67 qu'elle
1400 1925 37 64 me
1479 1936 71 57 veut
1597 1948 22 50 et
1657 1935 20 63 de
1716 1942 55 63 son
1820 1948 129 65 amitié,

435 1952 109 80 qu'elle
583 1961 30 74 ne
652 1955 58 83 doit
761 1964 87 73 point
904 1975 54 65 non
1000 1969 85 75 plus
1127 1972 112 66 douter
1287 1982 34 70 de
1368 1992 61 61 mes
1471 1991 214 80 senliments
1724 2000 76 71 pour
1833 2003 76 57 elle.

438 2037 177 79 L'affairre
668 2041 53 68 des
774 2048 177 72 Eerivainns
996 2051 74 86 n'est
1100 2058 100 84 point
1249 2069 119 66 encora
1420 2076 207 79 terminée,
1666 2078 55 80 j'ai
1767 2077 78 84 fait
1878 2077 49 84 sur

425 2117 62 58 cela
536 2130 19 67 ce
597 2128 45 71 que
673 2123 25 69 je
741 2124 126 61 derois,
913 2132 66 66 s'en
1012 2140 47 68 est
1098 2137 99 77 assiz
1229 2140 3 67 e
1341 2163 58 57 mes
1434 2161 255 68 compliments
1726 2174 31 56 et
1807 2159 124 70 amities

424 2197 0 47 a
472 2184 79 63 M^r
624 2187 24 62 de
709 2191 184 84 Baraisse
926 2207 28 61 et
1005 2203 113 77 Bart
1181 2212 113 71 quand
1326 2230 86 54 vous
1472 2228 50 62 les
1557 2228 141 72 voirés,
1733 2236 26 66 je
1800 2233 135 69 suistres

416 2258 143 80 sentible
613 2262 12 70 à
678 2256 191 88 l'honneur
927 2263 29 80 de
1004 2269 76 81 leur
1136 2282 211 69 souvenir.

426 2335 24 62 de
496 2338 100 61 tems
629 2347 42 68 est
717 2338 82 72 fort
838 2340 147 84 vitain,
1011 2354 26 70 je
1076 2350 73 73 dine
1186 2347 269 82 aujourdhay
1500 2354 82 78 chez
1645 2352 83 82 m^de
1744 2354 30 74 de
1831 2363 140 57 Marolle,

416 2413 72 79 hier
545 2415 76 57 nous
673 2421 122 60 bumes
851 2438 14 51 à
897 2422 91 72 vôtre
1043 2424 113 74 santé
1204 2433 84 73 choz
1332 2447 65 61 M^r
1455 2444 30 68 de
1536 2435 157 82 foligny
1721 2447 30 62 lu
1814 2438 163 80 L'honneur

417 2485 30 62 du
494 2486 111 60 lordon
676 2487 135 83 Ronge.
881 2490 65 55 M^r
997 2491 27 64 de
1074 2496 149 66 Cherac
1273 2519 142 58 revient
1479 2509 253 69 coujourdhuy
1767 2506 29 71 de
1837 2506 65 71 ford

407 2567 32 89 je
490 2566 88 91 serai
642 2567 69 82 fort
775 2577 63 59 aise
889 2572 31 65 de
970 2573 22 65 le
1040 2583 117 66 voir.
1229 2595 66 70 mes
1355 2606 262 66 compliments
1660 2608 1 59 a
1705 2600 70 65 M^r
1838 2592 1 78 f

2383 295 85 84 Ch^r
2526 291 35 80 de
2601 291 151 74 Vienne

2389 365 157 102 boujenr
2604 373 66 84 M.
2723 362 36 76 Le
2835 376 35 82 G.
2904 372 1 64 L
2981 359 84 84 vous
3099 375 216 67 embratte.
