2080 2737
780 234 21 51 à
876 214 154 76 Brest
1094 229 27 59 ce
1196 229 74 59 10.
1324 211 224 77 novembre
1601 211 123 76 1756

502 306 146 95 145^e
695 300 98 99 Piece
840 296 118 97 cottée
1012 295 77 94 O.

1310 305 3 109 1

430 463 24 75 je
526 456 180 85 scavois,
736 475 78 68 Ma
880 464 120 83 chere
1066 465 79 74 M.
1204 470 80 81 tout
1324 489 32 64 ce
1396 489 68 66 que
1516 474 104 73 vous
1678 494 44 47 me
1792 477 152 67 mandés

420 568 65 63 par
539 560 109 75 votre
701 561 109 74 lettre
864 565 44 73 du
972 579 0 50 5
1043 566 32 65 du
1134 570 224 83 courant,
1410 575 186 80 j'ignore
1665 586 143 71 quand
1860 584 40 79 je

403 645 115 89 serai
576 643 74 94 Vice
701 649 201 96 Amiral,
933 659 29 87 je
1006 655 82 93 scai
1139 659 221 92 seulement
1409 661 77 96 que
1529 665 56 80 les
1642 674 214 77 Bureaux
1907 695 29 57 ne

419 738 221 87 m'aiment
685 758 115 70 point
846 760 32 68 et
923 753 139 77 qu'ils
1114 764 49 78 me
1214 760 181 83 feroient
1453 765 91 77 bien
1595 770 44 69 du
1697 784 85 58 mal
1839 781 86 75 s'ils
1958 783 20 69 le

413 842 239 85 pouroient.
695 837 74 68 lour
830 841 87 82 folie
964 850 32 83 de
1045 846 240 89 domination
1357 853 57 92 les
1455 854 94 85 porte
1602 857 20 76 à
1657 868 100 76 tout.
1816 881 27 76 je
1872 882 131 78 compte

418 941 131 60 partir
608 944 12 50 à
691 929 25 74 la
774 930 55 86 fin
869 933 32 81 de
953 942 78 79 cette
1083 936 186 91 semaine
1315 944 103 83 pour
1481 948 50 64 me
1577 950 132 78 rendre
1755 956 14 62 à
1803 951 173 84 Versailles

413 1043 105 70 apres
558 1044 93 71 quoy
703 1032 117 84 j'irai
883 1047 35 69 me
965 1035 104 77 jetter
1127 1038 99 73 eutre
1272 1038 64 67 vos
1394 1039 117 77 bras.
1574 1048 64 65 nos
1685 1044 145 62 vaiss^x

412 1122 277 86 desarment,
725 1123 18 65 il
803 1130 55 83 n'y
906 1148 0 60 a
960 1140 66 73 que
1080 1125 48 67 les
1177 1127 127 75 autres
1356 1132 207 92 divisions
1621 1157 68 69 qui
1747 1146 189 81 sortiront

412 1214 79 82 vous
543 1208 105 95 jugés
700 1209 72 74 bien
844 1214 27 70 de
928 1221 28 79 la
1000 1219 107 87 porte
1158 1225 165 83 énorme
1380 1231 80 88 que
1497 1237 29 84 je
1583 1228 87 94 fais
1726 1233 61 92 sur
1844 1254 74 67 mes

409 1298 238 96 provisions
700 1303 252 93 anciennes,
996 1322 35 76 je
1082 1313 81 79 suis
1208 1319 160 89 obligé
1406 1314 28 78 de
1478 1314 55 83 les
1571 1316 147 84 vendre
1762 1324 15 75 à
1815 1330 62 87 bas
1908 1335 81 73 price

415 1403 286 75 paruqu'elles
753 1404 21 75 se
826 1406 262 65 trouveroient
1138 1412 137 75 gatees
1316 1420 42 67 au
1403 1416 294 75 primptems,
1722 1423 27 60 et
1800 1421 27 61 si
1868 1435 26 49 on
1930 1436 26 47 ne

431 1500 38 60 me
520 1493 174 90 rearme
751 1512 71 72 pas
880 1496 102 65 dans
1034 1498 25 61 ce
1110 1500 124 61 tems,
1264 1502 22 83 il
1341 1502 149 91 faudra
1540 1505 116 88 faire
1695 1511 154 73 vendre
1892 1526 116 72 touttes

410 1581 48 83 les
505 1579 229 92 provisions
795 1583 60 92 que
909 1581 76 97 j'ai
1030 1587 83 86 fais
1152 1587 102 67 venir
1321 1593 34 62 de
1408 1591 217 96 Bordeaux
1677 1607 177 86 quoyque
1893 1619 29 53 ce

399 1670 67 90 fut
512 1686 73 76 par
638 1676 106 69 ordre
802 1676 34 64 du
902 1677 226 71 Ministre,
1146 1681 28 65 ce
1252 1680 42 90 me
1356 1682 116 95 seroit
1523 1708 68 71 une
1648 1711 100 69 perte
1787 1701 27 82 de
1853 1707 94 76 plus

416 1761 28 71 de
506 1767 62 65 dix
635 1767 101 54 mille
798 1770 169 62 livres,
994 1771 382 80 indépendamant
1430 1784 59 78 des
1537 1790 193 74 grandes
1778 1795 181 72 desances

418 1866 61 67 que
528 1852 67 82 j'ai
643 1859 68 70 eté
752 1853 147 86 obligé
946 1857 32 85 de
1030 1861 147 83 faire;
1250 1862 111 66 Dien
1418 1890 46 53 me
1522 1873 129 76 garde
1698 1883 31 68 de
1783 1887 183 70 malheur

422 1939 141 89 soyons
619 1954 86 59 vice
766 1950 179 69 amiral
987 1952 33 63 et
1079 1955 139 78 cordon
1264 1958 125 93 bleu,
1418 1975 33 77 je
1491 1966 101 88 serai
1633 1972 192 91 contant;
1867 1987 87 70 plus

410 2048 30 60 on
500 2040 0 59 a
554 2035 319 88 d'elevation,
913 2047 92 78 plus
1051 2053 32 57 on
1135 2049 57 74 est
1249 2052 68 63 né,
1339 2052 32 79 et
1411 2058 98 79 plus
1549 2070 31 56 on
1633 2081 43 58 est
1735 2083 121 54 aimé
1897 2083 25 58 et

411 2127 149 68 Estiené
606 2127 104 85 dans
773 2131 51 79 son
874 2138 147 82 corps;
1065 2139 71 66 s'en
1185 2155 41 57 est
1277 2145 94 84 assez
1426 2166 87 64 pour
1552 2159 70 76 etre
1666 2173 88 63 pris
1805 2175 41 51 en

418 2205 262 78 déplaisance
737 2225 67 60 par
865 2217 59 67 les
973 2226 203 62 commis:
1246 2235 32 63 je
1328 2247 95 52 peux
1477 2250 99 52 vous
1627 2241 83 67 dire
1755 2269 109 45 avec

398 2305 150 63 verilé,
588 2311 42 51 ma
680 2312 119 69 chere
859 2316 151 72 anfant
1096 2327 63 66 que
1219 2321 115 69 toutte
1394 2326 27 61 la
1476 2332 155 64 marine
1697 2350 47 58 me
1779 2347 191 63 porteroit

406 2388 63 82 sur
529 2390 57 82 les
647 2410 152 55 mains,
838 2413 28 62 et
917 2410 107 65 qu'il
1068 2411 45 62 est
1163 2423 96 51 rere
1315 2404 112 77 d'etre
1472 2413 96 59 dans
1624 2416 17 57 le
1691 2416 62 66 cas
1791 2438 29 55 ou
1853 2420 24 72 je

427 2483 122 88 suis.
622 2501 36 66 je
719 2501 31 73 ne
804 2488 79 87 scai
938 2494 24 79 si
1011 2491 146 85 Daché
1199 2493 79 85 sera
1339 2494 261 71 gouverneur
1643 2495 42 76 où
1722 2507 79 70 vous
1843 2499 104 76 dites
