3963 2738
441 296 27 65 je
523 285 169 82 croirois
747 288 137 80 plusôt
955 289 115 80 qu'il
1119 296 60 60 ira
1245 301 76 58 aux
1398 294 147 68 Iudes,
1584 314 0 41 a
1622 315 109 52 moins
1786 316 55 57 que
1884 317 17 49 ce

450 395 27 76 ne
537 377 72 96 soit
669 395 93 78 pour
814 379 186 94 quelque
1059 380 279 93 Entreprise,
1370 383 34 76 et
1462 384 100 84 qu'on
1615 381 140 71 veuille
1794 381 120 74 donner

438 474 24 68 le
514 473 204 77 change.
794 480 29 76 je
881 489 29 69 ne
956 477 111 82 pense
1119 479 82 80 pas
1253 481 64 63 non
1376 481 105 80 plus
1532 496 66 66 que
1649 486 77 66 M^r
1763 483 40 76 de
1839 491 110 72 Saloes

439 564 227 72 commende
725 584 40 50 un
824 561 180 73 Escadre
1045 562 46 77 de
1126 564 111 77 Citôt
1312 571 36 57 au
1405 565 118 71 moins
1567 581 37 64 je
1649 571 60 85 n'y
1753 587 77 71 vois
1864 596 83 62 gaire

443 656 33 81 de
523 652 288 87 possibilité.
854 662 32 68 on
941 660 119 71 attend
1115 661 106 76 dans
1270 673 19 56 ce
1344 690 101 47 mois
1518 670 83 78 M^r
1649 672 33 90 de
1729 676 127 87 perier
1897 677 77 83 Laine

517 755 122 83 Etout
685 772 22 68 ce
759 778 56 63 que
860 779 92 58 vous
1008 770 40 72 me
1087 763 92 81 dites
1224 766 58 68 des
1332 766 172 76 troubles
1559 769 274 84 d'angleterre
1866 801 29 52 ne
1923 802 35 50 au

439 850 186 87 surprend
681 865 143 67 point,
855 861 74 69 c'est
967 868 68 61 une
1078 857 126 74 nation
1276 859 218 88 fongeuse,
1543 867 25 78 il
1624 862 99 88 seroit
1773 863 0 76 a
1816 865 118 85 desirer

396 958 101 73 pour
558 947 20 67 le
652 951 81 82 bien
773 954 135 80 publie
969 960 61 88 que
1074 959 32 91 la
1148 966 99 81 paix
1310 973 31 82 se
1377 971 80 82 pot
1506 994 145 66 faire,
1683 999 75 56 nous
1798 1002 162 58 vivreriay

422 1048 93 64 plus
570 1034 240 84 tranquils.
859 1042 31 79 je
933 1051 24 54 ne
1000 1045 87 71 veux
1129 1054 63 71 pas
1233 1051 64 79 que
1344 1048 76 76 M^r
1473 1055 26 70 le
1547 1049 88 74 Ch^r
1682 1057 26 74 de
1768 1063 125 69 Vienne

409 1143 79 65 soit
543 1122 55 90 fon
665 1143 97 69 pour
829 1124 189 77 l'amour
1073 1125 24 63 de
1170 1130 117 60 moy,
1329 1127 98 64 dites
1474 1130 63 87 lui
1596 1144 63 77 que
1693 1156 32 56 je
1766 1131 179 90 l'embrase

404 1214 36 76 de
492 1216 65 75 bon
627 1213 148 80 cœur,
845 1229 59 58 mes
962 1217 178 71 amitiés
1196 1242 20 39 à
1267 1219 31 69 la
1349 1222 113 84 chere
1507 1225 114 82 sœur
1666 1243 31 50 et
1736 1250 2 45 a
1813 1250 61 52 mes

407 1309 171 80 Nieces,
620 1306 31 84 je
687 1317 91 66 vous
827 1309 140 68 voivés
1022 1310 85 69 tous
1162 1314 213 89 bientôt,
1421 1321 35 81 je
1506 1331 40 71 me
1592 1334 112 72 porte
1745 1337 20 61 à
1806 1332 160 69 merveelle

413 1408 145 72 pourvu
628 1414 57 75 que
736 1403 19 71 le
799 1403 152 88 voyage
1007 1417 27 57 ne
1089 1422 34 72 me
1178 1408 167 95 faligne
1380 1413 79 91 pas
1501 1415 116 91 trops
1684 1424 34 87 je
1761 1435 90 63 vous

418 1493 100 57 aime
571 1507 30 47 et
642 1506 99 58 vous
800 1492 159 70 cherie,
1006 1496 71 67 Ma
1122 1498 114 87 Chere
1287 1502 137 86 petitte
1469 1505 207 84 mamant
1733 1520 95 78 plus
1874 1533 54 67 que

432 1593 74 67 moy
561 1575 111 90 meme
727 1586 31 78 et
814 1580 93 86 serai
948 1597 45 65 au
1053 1589 168 72 comble
1274 1592 39 68 de
1379 1607 44 79 ma
1476 1609 96 76 joye
1619 1601 33 65 de
1699 1619 87 63 vous
1822 1624 100 62 revoir

408 1658 174 91 surtont
642 1659 21 86 si
723 1660 26 69 la
816 1661 81 80 cour
963 1678 54 63 me
1068 1669 137 82 donne
1262 1690 44 73 mn
1350 1691 75 73 peu
1484 1671 36 81 de
1578 1676 256 93 satisfaction

1763 1772 54 63 N.
