4066 2869
453 283 90 85 plus
598 302 54 68 que
706 290 18 81 je
778 297 30 75 ne
856 296 91 78 pis
1001 290 18 67 te
1073 291 72 74 dire
1205 294 147 70 d'avoir
1421 298 27 86 le
1504 298 160 88 plaisir
1716 315 26 54 de
1788 325 87 64 vous
1903 319 62 65 voir

435 387 19 47 et
498 372 29 65 de
566 376 78 68 vous
688 374 233 64 ombrasser,
970 384 29 53 je
1058 382 171 62 menais
1281 385 211 74 beaucoup
1558 390 100 71 sans
1714 411 51 50 ma
1811 401 95 66 chere

417 448 119 76 petitte
586 445 170 81 femme,
785 467 23 43 et
861 455 82 60 sans
1000 459 32 59 la
1093 465 107 78 chere
1260 473 97 83 sur
1412 489 61 70 que
1522 485 137 77 j'aime
1732 497 72 64 bien
1848 507 27 71 et
1905 505 57 75 que

418 527 205 75 j'embrasse
670 535 24 51 de
752 535 71 53 tout
887 552 65 54 mon
1005 547 125 77 coour,
1173 553 27 68 je
1249 551 68 78 suis
1356 554 32 57 du
1444 557 208 71 sentiment
1714 571 26 60 de
1772 582 156 67 renvoyer

412 606 18 60 la
477 600 147 77 negresse
665 608 29 73 et
741 605 48 81 son
834 608 67 80 fils
946 618 2 59 a
999 618 31 59 S^t
1075 618 243 75 Domingue,
1345 641 19 61 ce
1415 625 73 81 sont
1526 632 56 66 des
1627 640 237 78 domestiques

414 684 127 58 jautils
580 689 27 43 et
652 674 166 72 Laxalde
873 677 73 73 sera
999 686 130 68 charge
1155 691 30 58 de
1243 698 81 71 cette
1369 695 186 79 affaire,
1581 707 30 60 si
1653 722 85 63 vous
1779 710 21 77 le
1846 713 124 80 trouves

413 747 88 66 bon,
530 762 22 62 il
607 769 33 57 ne
685 764 73 68 nous
833 761 155 74 faudra
1054 770 141 60 garder
1250 775 268 79 absolument
1578 805 53 52 que
1681 795 23 66 le
1743 803 131 60 nombre
1912 801 28 74 de

406 831 152 77 Laquais
602 842 205 74 necossaires
850 849 93 64 pour
991 847 83 64 votre
1121 850 126 79 routte,
1282 855 106 77 parce
1434 864 62 70 que
1565 876 93 53 nous
1700 876 39 51 en
1776 869 201 68 trouverons

416 919 53 59 icy
528 906 32 70 de
614 916 96 70 plus
747 911 182 75 entendus
967 921 26 50 et
1046 918 206 73 meilleurs
1303 936 28 48 et
1367 936 87 61 avoir
1505 932 57 72 soin
1612 954 35 59 en
1691 957 148 66 payant
1891 957 65 61 leur

447 992 78 61 ages
576 979 26 66 de
668 977 134 65 garder
864 979 41 72 les
961 984 126 67 habits
1125 986 28 71 de
1222 991 136 75 livrees
1397 1007 28 51 et
1474 1000 74 77 leur
1602 1024 95 55 faire
1736 1026 171 61 reprendre
1937 1028 32 55 les

412 1065 105 50 leurs,
572 1050 160 73 L'axalde
777 1059 180 65 remenera
1017 1068 0 53 a
1077 1061 80 65 M^r
1192 1064 28 64 de
1262 1066 157 68 Couvage
1482 1077 28 60 sa
1567 1077 132 67 chaise
1747 1102 57 45 elle
1842 1105 42 45 est
1916 1107 33 45 en

405 1138 54 53 bon
512 1138 69 50 etat
629 1132 22 65 et
693 1133 22 66 je
773 1122 43 80 l'ai
870 1124 69 79 fait
986 1133 386 67 raccommoderelle
1413 1146 50 70 est
1514 1139 77 75 sous
1637 1142 50 71 les
1722 1146 141 78 remises
1909 1162 23 59 de

395 1191 67 63 M^r
535 1193 24 66 Le
626 1195 67 72 Duc
748 1193 24 70 de
821 1190 24 72 la
912 1193 377 89 Rochefaulcaut,
1330 1201 105 81 fartes
1488 1212 50 73 lui
1591 1213 75 70 bien
1731 1233 63 61 mes
1834 1228 136 67 amities

398 1278 21 61 et
466 1275 302 65 remerciments
872 1294 34 64 je
987 1287 77 74 suis
1130 1295 172 70 toujours
1352 1299 97 65 dans
1511 1303 28 62 la
1616 1310 112 72 meme
1769 1313 170 70 positition

391 1362 23 65 il
454 1370 33 70 n's
548 1372 2 69 a
595 1382 54 60 que
704 1369 28 66 le
777 1371 96 76 tems
928 1376 60 74 qui
1048 1384 44 55 me
1132 1387 240 73 reparera,
1418 1394 100 67 apres
1570 1392 74 60 tout
1706 1395 21 73 je
1779 1396 162 70 prendrai

403 1445 51 61 les
498 1452 233 60 evenements
775 1452 142 55 comme
984 1456 47 53 ils
1080 1461 208 59 viendront
1355 1477 183 51 pourvu,
1569 1474 73 55 ma
1678 1469 111 66 chere
1832 1471 124 67 enfant

401 1522 62 74 que
513 1536 79 67 vous
653 1525 101 83 soyes
832 1529 210 86 heureuse,
1079 1548 24 69 je
1163 1536 97 79 seres
1303 1548 214 60 contant.
1561 1565 69 44 mes
1679 1553 164 79 respects
1881 1554 57 76 aux

388 1608 166 64 Dames,
591 1620 27 48 et
687 1616 287 63 compliments
1018 1625 16 51 a
1092 1629 62 56 nos
1221 1637 145 48 amis,
1410 1632 20 57 je
1474 1632 81 54 n'ai
1594 1633 107 62 point
1752 1648 41 47 vu
1853 1638 23 58 le

382 1686 192 65 ministre
656 1698 14 50 ce
728 1689 38 58 ne
810 1689 68 58 sera
953 1701 98 58 qu'un
1107 1707 361 55 commencement
1535 1696 38 60 du
1650 1701 149 65 Careme
1866 1699 63 59 M^r

384 1775 53 51 p^rs
506 1776 43 50 est
618 1763 92 63 morte
774 1769 20 57 le
847 1773 24 53 10
920 1767 84 59 d'ne
1062 1769 88 64 gale
1203 1771 171 68 rentree,
1403 1783 34 56 on
1496 1773 54 62 dit
1613 1780 54 59 m^d
1744 1779 153 68 rictoire
1920 1785 68 60 aussi

393 1846 166 64 malade,
598 1852 22 69 ce
670 1862 44 56 qui
759 1848 160 75 empeche
980 1850 61 56 sous
1085 1850 44 74 les
1184 1850 217 78 spectables
1423 1856 27 68 et
1506 1854 105 67 bales
1661 1856 83 77 dans
1787 1863 95 70 paris

380 1924 70 60 M^r
503 1923 269 59 D'armentieres
826 1933 35 50 n'a
920 1923 64 53 rien
1029 1939 74 37 eu,
1133 1928 19 57 il
1207 1925 44 68 n'y
1301 1935 0 58 a
1345 1939 55 54 que
1469 1923 54 63 M^r
1573 1923 25 68 Le
1642 1926 114 61 Comte
1790 1923 30 67 de
1870 1923 118 70 brionne

392 1998 58 65 qui
487 2000 2 60 a
532 1996 52 58 ete
628 1989 79 70 fait
757 1984 102 67 ordon
904 1984 118 81 bleus,
1055 1998 23 67 ce
1112 1989 61 76 qui
1207 1984 84 59 etoit
1336 1984 56 59 deu
1449 1990 11 53 a
1499 1984 23 64 la
1566 1984 141 80 charge
1735 2003 28 59 et
1797 2003 0 47 a
1870 1990 22 61 sa

390 2066 246 73 naissance,
685 2081 28 59 je
777 2060 204 58 tembrasse
1041 2071 27 54 un
1123 2059 149 62 million
1330 2059 29 79 de
1406 2059 95 78 fois,
1528 2075 22 50 et
1598 2061 138 79 t'aime
1785 2071 98 69 plus
1922 2074 49 66 que

399 2145 64 62 moy
514 2144 157 63 meme,
721 2132 206 64 bonjour,
962 2142 40 48 ma
1051 2136 126 69 petitte
1231 2143 136 55 mere,
1411 2139 26 66 je
1491 2135 72 72 suis
1617 2138 176 75 toujours
1862 2142 41 68 ton

375 2196 104 80 fidel
537 2197 126 79 Mari
704 2204 31 58 et
789 2191 42 81 ton
877 2191 73 83 gros
1004 2189 123 77 Lard.

1154 2209 48 108 de
1251 2219 283 110 Conflans
