4137 2831
214 223 31 69 je
321 203 140 86 metois
524 201 222 89 flattés,
803 207 298 82 Monsieur
1178 198 177 90 d'avoir
1406 197 44 91 le
1514 198 190 89 plaisir
1767 196 45 79 de
1862 212 134 71 vour

186 298 121 84 M^de
354 298 38 76 de
439 302 186 83 Custon
709 314 12 57 à
769 314 138 68 paris
967 310 55 64 cet
1075 301 133 79 hiver
1280 311 252 80 Lorsque,
1556 319 228 72 jappris
1832 306 114 72 tout

182 412 17 54 à
239 408 102 68 coup
432 404 85 63 que
585 396 40 74 Le
693 396 250 82 seigneur
1022 412 40 59 en
1113 399 131 77 avoit
1306 401 222 83 desposé
1573 402 284 73 autrement

174 500 34 64 je
261 502 34 59 ne
371 493 232 67 seceurois
661 499 116 62 vous
829 498 279 76 expremer
1189 490 331 78 Monsieur,
1560 492 145 67 toute
1758 493 64 84 La
1880 496 121 81 part

167 594 78 72 que
295 603 101 58 j'ai
459 603 163 60 prrise
691 603 24 54 à
767 584 122 82 votre
970 583 151 85 juste
1209 583 238 77 doulenr
1546 583 128 66 toute
1726 585 88 76 les
1847 588 176 73 persons

1623 655 55 75 ney
1705 648 60 81 Ra
1827 644 165 81 regrfes

174 687 69 65 qui
300 680 75 72 ont
444 687 44 55 eu
557 667 44 82 le
670 664 264 89 bonheur
1015 663 38 80 de
1122 672 44 83 la
1241 665 327 91 connoistre

671 747 46 51 os
772 738 192 62 autant

136 781 429 78 sertainement
630 785 297 69 beaucoup
1003 787 83 74 que
1167 787 100 78 moy

2019 641 0 85 4

430 922 1 97 s
480 919 44 100 se
580 918 201 99 partage
873 914 102 95 bien
1059 914 366 84 sincerement
1490 930 114 80 avez
1654 920 122 92 vous,
1819 912 229 100 honsieaur

100 1041 120 89 votre
251 1035 86 93 furte
388 1032 31 77 la
477 1028 244 82 douleur
800 1024 51 71 de
926 1032 42 72 La
1035 1021 152 94 perte
1262 1034 89 73 que
1400 1030 116 70 vous
1578 1030 137 74 venés
1763 1024 62 68 de
1866 1017 145 82 faire

121 1131 45 76 de
242 1120 146 78 M^le
432 1118 58 81 La
571 1116 249 90 Marq^re
901 1112 52 77 de
1015 1106 287 83 Custon,
1333 1123 26 49 re
1409 1113 178 74 coupe
1650 1100 235 84 inopiné
1948 1108 52 64 ma

146 1209 283 91 frappé
492 1196 269 102 d'autant
826 1197 137 101 plus
1028 1195 180 105 quelle
1280 1209 58 80 me
1410 1196 180 98 feroit
1641 1193 360 93 L'honneur

147 1319 206 71 cavoir
436 1307 42 72 de
524 1306 282 77 l'amilie
887 1320 148 63 pour
1128 1327 105 57 moy
1303 1308 33 67 et
1396 1311 87 69 que
1549 1314 224 63 j'avois
1823 1297 158 79 celun

742 1370 253 73 infoniem

164 1412 55 85 de
306 1406 129 86 luy
513 1396 127 74 etre
737 1416 2 56 ⟦

942 1413 49 55 de
1021 1380 160 84 melet
1272 1379 301 86 attaches,
1623 1373 306 88 permettes

190 1518 37 65 je
288 1517 119 65 vous
457 1505 146 74 prece
694 1482 433 80 Monsieur,
1172 1480 82 72 que
1341 1488 76 57 mes
1480 1467 228 90 regrets
1765 1472 233 80 passent

190 1615 111 76 par
371 1605 139 76 verus
576 1613 25 60 à
650 1608 91 57 M^r
810 1602 51 66 Le
917 1586 104 73 Cte
1087 1586 59 74 de
1212 1583 240 74 Buron
1547 1568 46 72 et
1655 1565 47 83 de
1762 1574 132 66 vous
1933 1576 46 58 en

195 1702 83 89 dir
374 1691 217 95 autant
669 1683 180 89 auun
927 1686 45 78 et
1033 1698 1 61 a
1125 1676 210 90 L'autre
1420 1677 38 74 de
1525 1696 44 67 la
1654 1685 136 74 part
1849 1668 52 82 de
1961 1682 51 63 ma

197 1812 179 72 soeur
472 1802 37 66 et
591 1790 51 76 de
710 1779 113 78 M^r
892 1776 57 86 de
1013 1768 392 103 Conflans
1475 1794 84 68 qui
1629 1760 161 90 sont

197 1897 384 103 réellement
662 1887 127 93 bien
870 1874 328 109 sensible
1307 1893 16 77 à
1384 1894 43 74 ce
1495 1889 107 77 que
1652 1872 115 76 vous
1812 1849 211 90 touche

266 2016 109 94 J'ai
448 2006 368 101 L'honneur
941 1997 254 88 detre,
1225 1982 355 97 Monsieur
1674 1959 136 98 votr
1882 1940 96 99 trés

3913 2584 0 100 J

4027 1200 0 41 "
