2137 2795
822 177 28 59 à
937 180 142 61 Paris
1152 186 36 56 le
1254 188 27 58 16
1346 187 168 60 fevrier
1566 192 123 62 1752

968 240 63 77 9^e
1089 250 95 65 Piece
1273 241 132 73 cottée
1505 247 0 65 O

428 389 73 59 j'ai
543 374 85 74 plus
686 373 31 71 de
765 375 94 60 desir
923 383 59 63 que
1033 384 91 58 vous
1186 380 85 61 Ma
1328 380 107 68 chere
1497 383 163 76 femme,
1692 396 26 57 de
1759 406 75 51 vous
1870 407 69 60 voir

413 488 137 67 aupres
591 478 36 54 de
687 482 95 77 moy,
829 482 30 77 on
925 476 172 68 travaille
1162 478 61 73 aux
1281 482 329 83 appropriments
1651 485 31 59 de
1739 484 26 70 la
1823 486 137 67 maison

407 580 24 44 et
490 581 61 42 aux
619 565 190 63 meubles,
841 572 79 58 vous
970 580 24 49 la
1058 570 198 66 trouveres
1306 580 33 53 en
1389 577 85 62 etat
1541 587 15 57 à
1596 582 95 62 votre
1749 580 153 65 arrivée

404 648 78 66 M^r
539 642 185 75 Laxalde
777 644 159 77 partira
994 647 100 53 dans
1147 647 112 56 dixon
1305 650 107 81 douze
1458 657 102 76 jours
1617 666 90 68 pour
1765 656 25 60 se
1829 659 113 68 rendre

403 748 0 54 a
459 745 163 59 quimper
672 734 46 59 où
759 734 25 59 il
835 734 71 73 sera
962 741 50 66 peu
1063 737 158 64 dejours
1266 741 27 47 et
1342 737 27 51 de
1423 737 27 65 la
1509 737 27 63 il
1566 744 50 54 ira
1667 755 71 52 vous
1798 743 163 70 joindre

396 831 68 66 j'ai
522 822 76 69 hier
655 818 116 84 signé
829 818 44 62 ton
940 816 150 54 contract
1149 816 25 64 de
1241 816 228 84 mariage,
1504 818 80 82 jear
1632 825 228 70 cconsequent
1945 828 66 52 sont

403 923 52 59 est
510 906 84 75 bien
660 906 216 69 d'accord,
907 917 32 47 on
1000 915 1 57 a
1044 908 203 82 repandue
1302 909 203 81 quantité
1555 909 31 64 de
1643 928 176 62 mauvais
1868 928 146 60 propos

409 1006 55 63 qui
510 992 156 77 partent
735 992 65 65 des
847 993 209 75 emissaires
1110 993 37 53 du
1222 995 224 66 Maillard,
1500 996 80 62 mais
1633 1012 64 45 cela
1767 996 160 76 seroufe
1981 1000 26 66 de

401 1095 59 75 soy
505 1110 167 58 memes,
707 1094 86 65 vous
849 1106 82 61 avés
987 1091 87 78 sans
1120 1091 92 71 doute
1264 1091 46 78 sou
1379 1090 23 71 le
1476 1090 264 63 tremblement
1832 1088 155 64 furieux

397 1185 31 70 de
487 1183 73 76 terre
637 1181 104 84 qu'il
811 1180 2 87 y
853 1182 1 73 a
913 1187 37 58 eu
1027 1191 1 52 a
1093 1178 43 63 S^t
1183 1178 205 80 domingue
1454 1179 30 78 il
1532 1190 0 72 y
1562 1190 0 66 a
1622 1190 36 66 en
1706 1186 96 70 plus
1844 1174 24 63 de
1928 1173 42 66 25

390 1267 189 74 secousles
634 1268 239 73 differentes,
907 1263 29 74 ou
970 1263 51 78 dit
1089 1263 119 72 touttes
1276 1262 51 69 les
1395 1262 165 79 maisons
1611 1264 23 77 de
1673 1275 114 66 pierre
1832 1262 40 64 du
1929 1264 73 74 Port

396 1374 38 53 au
482 1365 131 66 prince
671 1365 228 51 renversées
947 1354 24 70 et
1023 1352 163 78 quautité
1228 1352 23 69 de
1315 1353 163 74 maisons
1531 1357 87 64 dans
1682 1353 23 72 la
1752 1355 136 74 plaine
1936 1361 44 65 du

394 1444 131 77 culde
590 1436 64 84 sac
731 1431 70 72 dien
855 1431 143 74 veuille
1045 1431 64 85 que
1174 1430 20 64 le
1260 1430 136 67 Papa,
1432 1428 99 78 n'ait
1573 1435 75 66 rien
1690 1442 38 62 eu
1764 1438 31 57 de
1856 1433 154 75 facheux

393 1543 24 59 il
470 1545 1 46 a
514 1531 57 70 été
617 1531 36 71 en
722 1517 192 77 novembre
972 1514 172 79 attaqué
1186 1511 29 63 de
1269 1510 27 65 la
1351 1507 175 58 diarce,
1553 1511 90 67 mais
1674 1509 24 66 il
1728 1509 46 72 est
1827 1524 127 51 mieux

399 1617 26 72 il
463 1614 50 74 n'y
569 1617 3 70 a
629 1612 130 75 encore
827 1608 73 55 rien
956 1605 32 55 de
1051 1607 166 68 nouveau
1286 1605 95 70 pour
1445 1595 30 68 la
1539 1592 142 72 plaine
1738 1606 19 60 à
1797 1587 160 79 jacob,

400 1709 50 68 n'y
511 1700 191 71 touchant
776 1685 31 72 le
886 1681 91 70 frere
1033 1680 27 64 de
1127 1678 80 75 M^r
1253 1675 218 87 Lanalde,
1511 1680 25 80 je
1582 1681 83 75 crois
1711 1685 89 74 qu'il
1858 1677 130 73 faudra

399 1802 174 62 envoyer
638 1783 58 80 sur
748 1781 45 63 les
848 1780 167 67 gabares
1076 1796 49 61 qui
1174 1780 92 63 irout
1321 1777 37 62 au
1414 1771 116 58 harre
1585 1787 0 42 a
1647 1768 166 75 l'adresse
1868 1771 24 72 de
1935 1766 80 78 M^r

391 1872 200 77 Tastache
666 1863 243 85 beaufieres
959 1865 31 53 de
1047 1858 72 57 M^r
1172 1857 23 57 de
1260 1857 182 69 Kersin,
1483 1863 70 58 tout
1594 1871 18 62 ce
1653 1860 94 76 qu'il
1794 1872 0 62 y
1847 1862 88 68 aura

394 1968 27 59 se
459 1969 87 58 plus
594 1967 127 60 petant
779 1956 31 57 et
863 1957 42 57 ne
963 1953 162 59 prendre
1194 1958 82 55 avec
1325 1954 91 61 vous
1475 1960 56 59 que
1576 1947 20 52 le
1651 1945 130 73 simple
1826 1951 215 61 neccessairres

386 2043 128 68 comme
567 2054 66 54 vos
704 2038 121 63 hardes
900 2049 29 39 la
977 2032 149 55 vaiselle
1179 2031 193 74 d'argent,
1436 2043 51 62 une
1529 2031 122 74 partie
1693 2032 34 63 du
1792 2026 110 74 Linge
1946 2040 27 50 de

381 2125 104 72 table
536 2133 26 55 et
602 2128 135 76 draps,
770 2132 20 51 et
842 2111 182 65 torchons,
1052 2108 56 60 vos
1166 2104 121 75 bijoux
1341 2112 24 53 et
1425 2114 42 69 une
1503 2094 120 88 partie
1653 2093 30 71 de
1737 2097 61 71 mon
1863 2107 103 65 linge

381 2220 23 50 et
444 2208 21 61 le
509 2211 91 58 reste
650 2201 73 67 par
785 2195 25 53 le
867 2194 153 71 bavre,
1051 2194 29 60 ce
1122 2198 60 63 qui
1225 2195 75 47 nous
1349 2189 173 52 couteroit
1581 2187 179 72 beaucoup
1835 2206 103 43 moins

606 242 85 54 VIREEIE

683 349 0 0 1

735 220 30 51 25

753 275 37 52 NER

395 2299 84 61 vous
521 2299 150 59 pouriés
718 2275 165 82 prendre
932 2288 61 47 une
1063 2271 138 50 litiere
1272 2268 88 65 pour
1408 2262 94 57 votre
1562 2260 99 61 sœur
1698 2262 24 58 et
1770 2265 83 65 vous
1918 2277 28 52 et
1983 2276 56 53 mne

387 2375 93 51 autre
530 2370 86 54 pour
677 2355 66 62 une
815 2342 129 72 femme
995 2342 28 57 de
1069 2335 176 76 chambre
1285 2334 28 72 et
1365 2335 64 63 M^r
1476 2329 159 70 Laxalde
1698 2343 63 46 avec
1809 2349 0 47 u
1893 2348 0 43 –

380 2447 228 76 domestique
661 2456 19 43 à
721 2436 167 76 cheval,
903 2444 27 59 et
983 2431 75 53 tous
1104 2426 20 56 le
1160 2423 74 58 resse
1275 2421 32 61 de
1348 2420 56 81 vos
1458 2423 92 75 gens
1592 2433 24 39 et
1677 2411 129 79 hardes
1866 2418 61 70 par
1969 2404 31 82 le

380 2524 179 81 Carosse,
589 2532 91 70 vous
734 2514 92 87 serés
880 2509 78 83 bien
1020 2511 109 75 moins
1185 2504 179 91 fatiguée
1414 2518 32 71 et
1496 2499 96 94 plus
1655 2498 299 71 honestement,
