2189 2524
636 81 1308 78 Au chateau de bonneguise le 3 avril 1787

1086 197 886 162 9^e Pièce cottée M.

326 492 1650 134 J'ai recue Madame la Marechale la lettre que vous

394 612 1623 86 mavés fait l'honneur de m'ecrire en reponsse aux papiers

398 684 1659 84 que je vous ai envoyez concernant Melles de Maisonseule

399 769 1712 75 a la qu'elle vous avés bien voulu joindre votre reconnoissance

405 832 1667 87 au dos de la notte qui relattoit les dits papiers, dont je vous

396 921 500 71 suis tres obligé.

395 1001 1635 73 Vous me paroissés surprise Madame de ne plus trouver

399 1079 1710 79 en nous les mêmes sentiments qui nous ont toujours animer pour

396 1156 1644 69 ses enfans; mais je vous en laisser le juge. Sans vous

395 1247 1715 68 fatiguer par une repetition jnutile des premieres plaintes que

399 1322 1635 76 J'ai crû devoir vous adresser, et qui certainement sur

392 1386 1707 104 L'article de L'independance vous ne pouvés trouver que trop

389 1476 1703 90 fondé ainsi que sur le jugement qu'elles se sont pressés de

388 1562 1708 99 porter contre nous, en nous attribuant d'autres motifs que

395 1639 1635 85 celui de leur jnteret personnel qui nous a conduit dans

392 1709 1728 98 toutes les occasions et particulierement dans celle ci. la reponsse

384 1790 1715 93 que ma fait leur pere que leur a passer par les mains doit

395 1869 1592 88 les convaincre assés aujourdhuy de la fausseté de leur

387 1932 1722 97 opinion a cet egard. mais a ajouter a toute lirregularité

385 2007 1681 94 de cette conduitte je vous dirai de plus Madame que sur

385 2085 1558 95 le compte que j'ai a leur rendre de l'argent qui ma

389 2167 1687 97 passer par les mains pour elles qu'elles devoient bien croire
