3750 2525
151 392 1665 104 que je serois tres empressés de leur remettre et aussi fidel

158 492 1641 92 que peut leur rendre M^r Leroulx, elles se sont adresser

168 573 1675 83 a lui pour lavoir directement en lui donnant ordre de ne me

173 650 1673 79 plus rien faire passer pour elles a lavenir, je vous avoue

164 723 1680 94 que ce dernier procedé ma paru plus que les autres offensants

169 796 1569 89 C'etoit bien mon jntention et il alloit de droit par

172 879 1616 83 Letablissement de Lainé qu'elles jouissent elles mêmes

165 946 1632 96 de leurs revenus ; mais j'aurois crû qu'elles auroient

164 1038 1607 77 attendue de le tenir de moi ce qui n'auroit pas plus

159 1103 1650 96 tardé que notre consentement a un etablissement qui

172 1189 1667 91 aussitot que nous en avons connû les avantages a suivi

168 1266 1633 103 jmmediattement la reception de vos lettres, je ne

164 1353 1626 96 puis m'empêcher de voir par celle qu'elles ont Ecrit

161 1428 1661 94 a M^r leroulx une Sorte de Mefiance qu'elles n'auroient

162 1503 1677 101 Jamais dû me faire Connoître ne l'aiant pû meriter.

189 1586 1615 90 Vous conviendrez Madame la marechale que c'est

137 1669 1667 87 manquer essentiellement a la reconnoissance qu'elles

151 1750 1668 94 nous devoient, je ne doutes pas que vous ne le voyez

151 1819 1525 101 de même et combien cette demarche blesse la

155 1887 1614 114 delicatesse, je la soumêts volontiers a votre facon

128 1973 1631 103 de pensée qui toujours juste et honnête le sentira

164 2060 579 89 d'autant mieux.

168 2165 1599 107 Quand au procureur a qui elles se sont adresser

1916 448 1703 65 pour me faire demander leurs papiers, ce que vous avés

1920 510 1653 101 la bonté de me dire a cet Egard me suffit pour les

1924 594 1635 103 excuser sur l'article, il n'en peut pas être de même

1872 671 1770 115 pour les autres, Je veux croire quelles en ont du

1929 768 1694 90 regrêt puisque vous me faites l'honneur de me le

1858 852 1788 111 dire, mais nous, nous ne pouvons qu'être sensible

1929 949 1669 90 a leurs conduitte envers nous, je n'en vois pas

1938 1028 1653 111 moins avec satisfaction l'interet que vous voulé

1936 1105 1568 112 bien prendre a elles, et je vous prie même de

1952 1169 1644 160 leurs continuer. Ces dans les sentiments que j'ai l'honneur

1950 1261 1045 122 d'être avec bien de lattachement

1952 1331 1612 165 Madame La Marechale Votre tres humble et tres

1959 1456 1555 105 obeissante servante Lemaire de bonneguise

1965 1559 1674 96 M^r de bonnequise vous assure de son respect ainsi que

1964 1639 1665 77 mesdames Delayer et degan a qui je vous prie de

1962 1708 1717 108 dire beaucoup pour moi et nos compliments a ces Messieurs
