3965 2804
405 267 1506 95 je vous ai mandé que je métois fait arracher une grosse

391 342 1520 112 dent du coté droit qui Branloit beaucoup, et que j'avois fait

392 422 1546 120 plomber celle sur la qu'elle je mangois, qui est percée, comme

389 509 1528 114 mon mal continue, et m'empeche de manger, je crois que je

384 568 1527 128 serai obligé en peü de la faire arracher, et celle du milieu

392 652 1525 142 de ma bouche qui branle beaucoup et dépasse les autres, afin

383 739 1551 128 qu'elle ne touche point à la gensive, que les autres dents puissent

403 813 1530 131 appuyer directement sur les gensiveus d'en haut et d'en bas, par

389 894 1531 140 ce moyen je mangerai sans douleur, j'en serai quite pour y

381 962 1525 164 mettre plus de tems, il faut prendre son mal avec patience,

381 1034 1572 177 je me porte à cela pres au mieux, et jai bon appetit, je compte

386 1112 1559 177 en peû me rendre au Soleil Royal, et tenir les V^x en Etat d'etre

383 1197 1553 166 employé, l'apollon remplace l'arc en ciel dans mon Escadre,

367 1283 1521 162 on dit que s'est M. Le Ch^r de Rohan qui le commande,

381 1349 1505 158 on croit qu'il a eté fait capitaine, ce qui chagrinera –

378 1423 1524 159 beaucoup le Vicomte de Rochechoüart, cependant cela n'est pas

389 1504 104 66 sur.

373 1574 1538 145 soyés tres persuadé, ma tres chere, que je vous aime avec

372 1646 1538 157 la tendresse la plus grande, et que je mettrai m'a felicité à

373 1721 1571 153 me rejoindre à vous et à la chere sœur que j'embrasse et aime

373 1772 1552 176 de tout mon cœur, mais je voudrois avant avoir fait –

359 1856 1560 167 quelque action glorieuse, et que celle du Port Mahon fut

358 1940 1581 153 terminée, car il est à craindre que M^r de la galissonniere ne

366 2004 1491 156 soit attaqué par des forces superieures, qui ne nuisent à la –

361 2082 1525 168 rehussite du siege, et ne nous coutent une perte facheuse; il

361 2159 1550 152 fault esperer cepandant que tout ira bien, au moins je le

358 2235 213 64 desire.

358 2286 1564 153 mes amitiés à mes nieces, à nos amis et respects aux Dames

361 2350 1105 136 et dans ma famille, et à la chere Cousine.

370 2425 1499 153 bonjour, chere M. aimés toujours Le bon N. N. dit G. L.

398 2517 246 70 P. du C.
