3923 2841
419 301 1462 95 et que d'ailleurs j'avois mal aux dents, je lui ai envoyé le

412 381 1453 84 major de mon Escadre lui faire mes compliments et lui dire

412 452 1444 97 que s'il désiroit voir le Soleil Royal, je lui offrois à diner

408 538 1472 104 et à le conduire moy méme et ramener, parce que je couchois

407 621 1474 109 à terre, il ne la pas accepté, et ma fait faire des compliments

405 702 1475 123 par un officier, que s'il avoit seu mon indisposition, il seroit

397 797 1494 115 venu me voir sur la change, il m'a depuis envoyé un de ses gens

394 850 1484 136 scavoir de mes nouvelles, nous en sommes restés la de part et

397 926 1478 145 d'autre, mais encore depuis ce tems, les cartes sont brouillés

393 1021 1484 129 plus que jamais; je conclus que M^r d'aiguillon est peü –

391 1098 1497 147 menagé dans ses termes, et qu'il est d'une haute suffisance,

386 1180 1473 144 M^r Duguay et lui sans doute vont se plaindre au ministre,

396 1270 1452 156 pour moi cela ne me regarde point, parce que M^r Duguay

394 1346 1462 159 commende dans le port et moy la Rade, mais peut etre qu'on

391 1439 1429 142 m'en écrira, alors je dirai les choses telles qu'elles sont,

389 1493 1448 176 mais M^r Daiguillon a eté mal conseillé, et a parlé fort

386 1583 1489 159 improprement, c'est un orgueilleux et un jeune homme auquel

388 1658 1455 163 il faudroit encore une Calotte de plomb, où un gouverneur,

389 1737 1486 177 la faveur et la fortune l'aveugle, ne parlés point de cela

453 1851 1449 161 l'a prise du port mahon decidera toutte chose, je souhaitte

377 1933 1517 156 que cela aboutisse à la paix, car je ne suis pas trop contant.

391 2012 1492 156 on a parlé icy des v^x de suede et de Dannemarc, le Ministre

376 2090 1473 175 ne nous en a pas mandé un mot, ainsi je n'en crois rien,

375 2178 1472 164 on dit les Vaiss^x, qui etoit dans le port Mahon, sortis, cela

369 2275 1473 154 peut etre, quand nos troupes ont fait leur descente, on les dit

367 2353 1094 153 richement chargés et rendus à ville franche

356 2429 1519 164 je vous manderai ce qui arrivera, en attendant mille amitiés

355 2504 1466 169 a la chere sœur et à tout ce qui nous aiment, j'y comprend

348 2573 1548 213 tout, vous scavés combien je Vous suis attaché et combien

2240 318 1463 89 je vous aime, vous me voirés toujours le méme, conservés

2249 393 1435 107 moy vôtre cœur, je vous embrasse et suis pour l'éternité

2235 470 925 113 votre fidel. N. N. g. L. p. du C.
