2137 2757
303 352 1611 133 Croiriéz vous, monsieur le marquis que la

314 451 1735 143 lettre que vous m'avés fais l'honneur de mécrire

321 542 1725 139 par M^r Carron frere dun commis des bureaux

304 634 1655 144 de la guerre ne m'a ete remise que le mois

320 710 1578 152 d^r ce monsieur etant mort au Cap a

310 802 1725 153 son arrivée. Je suis faché et de la mort de

312 903 1618 152 ce monsieur, que vous et mon frere me

314 997 1689 156 recommandiéz de ce que cet evenement.

317 1056 1689 190 ma fait recevoirs plus tard vôtre lettre du mois

318 1139 1688 182 de mars. Je n'etois dautant plus avide que

327 1240 1644 172 depuis longtems j'en etois privé : vous me

330 1337 1627 157 faites une relation au chateau d'ogne et

326 1407 1688 172 des malheurs qui ÿ soit arrivés. Je voudrois

323 1504 1645 162 bien repondre article par article a vôtre

321 1573 1701 174 epître ; mais je ne pourrai pas cette fois

323 1683 1697 141 un mal aux ÿeux que je viens d'avoir m'a

314 1778 1682 127 laissé une foiblesse sur la vüe qui ne me

314 1856 1675 132 permet pas de m'ocuper longtems de

307 1926 1733 155 travail du Cabinet. et Je crains bien monsieur

304 2024 1692 132 le marquis que cette circonstance ne me

307 2102 1643 138 conduise a porters lunettes. Jai dailleurs

317 2187 1717 142 requis la cinquantaine depuis le mois de

312 2277 1648 132 novembre de l'année derniere. voila d'asséz

1479 2453 88 104 387
