2129 2753
308 209 1700 148 mais le commandeur Jeune negre et bon sujet

292 312 1547 148 est mort de sa blessure la nuit suivante. Le

312 406 1679 152 second negre blessé a la main la eté legerement

292 512 1618 153 mais aura la flexion du poulce un peu genée

338 598 1660 146 et le scelerat dont la mort eu été a desirer

327 697 1641 130 est a la cauze on le traite de ses blessures et

308 761 1724 164 Je crois qu'il n'en mourra pas. mais Je le regarde

312 874 1634 136 neamoins comme un negre sacrifié par ce

342 940 1692 170 que je dois un exemple à l'attelier qui l'avoit

342 1043 1673 139 sacrifié sur l'heure a sa vengeance sil n'avoit

351 1133 1556 124 oas été coutenû. c'est un Negre au quel

319 1209 1692 149 Je reserve les fers pour le reste de ses jours.

275 1306 1731 133 et qui cependant travaillera avec l'attelier.

316 1379 1728 135 mais qui sera retenû a a Caze toutes les nuits.

322 1465 1551 131 M^r de maslianÿ que J'ai vû ici madit que la

312 1532 1686 161 charmante vicomtesse etoit un peu fachée contre moi

304 1613 1710 158 par ce que je n'avois point repondû a quelque unes de

284 1708 1710 134 ses lettres. Je n'ai point ce tort vis a vis d'elle mais

286 1803 1494 131 il ma dit en même tems qu'avec le neccessaire,

264 1898 1676 128 j'appaiserois sa colere. Je ne suis donc empressé –

244 1979 1719 127 d'en faire faire un petite Baril qu'elle recevra

287 2058 1650 127 incessament. c'est a dire par le 1^er nav^e Normand

269 2151 1755 117 qui partira faites lui monsieur le marquis agréer

266 2237 1684 119 et a vos dames les assurances de mon Respect

263 2327 1685 118 et recevés pour vous les nouvelles protestations de

235 2416 1445 125 mon Sincere et durable attachement.

234 2574 728 104 Ce 24 sep^t 1789
