2343 2905
203 511 2041 171 M. le comte de magallon vous aura entretenu monsieur le marquis,

132 603 2128 192 du projet qui j'ai d'obtenir un brevet de con^er d'état; son amitié

125 669 2093 238 pour moi là decidé a se mettre a la tete de cette entreprise

138 771 2040 219 il m'a promis d'employer ses amis et les miens et je lui ai

114 834 2138 277 expressement recommandé d'avoir recours a vous mes droits

146 932 2121 257 a cette grace sous 25 années de magistrature pendant lesquelles

106 1045 2036 244 il a toujours été rendu bon compte de ma conduitte aux

146 1134 2082 247 ministres. mes provisions de Procureur du Roy a S^t marc

135 1249 1975 234 sont du 12 7^bre 1763 je suis senechal depuis 1778 : j'ai,

124 1352 2102 226 constamment refusé d'entrer dans les conseils parce qu'on

130 1454 2091 237 ma temoigné dans mon quartier une affection et une

111 1525 2093 312 confiance qui sembloient m'indiquer que j'y etois plus

116 1654 2122 248 utile que je n'aurois pu l'etre ailleurs. M. de la mardelle

124 1786 2105 224 a obtenu pareille faveur ou l'accorde ordinairement en,

137 1875 2089 250 france a de magistrats ⟦.⟧ amiens ceux de S^t domingue

156 1965 2094 252 sont également dignes des bontés du Roy. cette distinction

146 2083 2058 265 y servit peut etre plus necessaire qu'en france. le

172 2196 2077 228 Travail y est infiniment plus penible. il y est peu etre

1695 2446 123 103 392
