4508 2905
163 359 2072 180 plus difficile qu'ailleurs ⟦.⟧d'etre honnete integre et impartial

330 479 1855 176 vous pouvés avancer que je suis le doyen des senechaux

129 564 2045 210 et des Procureur du Roy de la colonie, et même des Conseillers.

345 650 1845 226 Je vous renouvelle ma demande à Cet égard parce que

130 771 2037 224 le moment pour obtenir en supposant que cela ne soit

133 873 2081 238 pas fait me paroit favorable. M. de la luzerne vient

109 958 2039 250 de nous quitter pour aller prendre le ministere de la

106 1076 2092 236 marine, il m'a dit qu'il etoit votre caramade d'armes et

111 1195 2069 231 il se pretera surement a vos sollicitations pour peu que

114 1289 2008 244 vous y metties de chaleur et d'interet; nous avons eu

112 1410 2097 239 quelquefois quelques differences d'opinions. il m'a semblé

132 1544 2074 224 qu'il y mettoit un peu d'humeur mais malgré tout, il

124 1662 2077 192 me rend justice et je scais qu'il m'accorde son estime.

382 1799 1803 145 Je demande monsieur le marquis ce brevet comme

167 1893 2023 188 ⟦faveur⟧ une recompense en conservant ma place, mais si

127 1978 2050 182 le ministre ne vouloit me l'accorder qu'a titre de

109 2052 2084 217 retraitte je ferois volontiers ce sacrifice. je vous avoue

129 2159 2061 203 que mes fonctions me deviennent penibles il faut que je

182 2293 2022 169 Travaille du matin au soir: je suis décidé a aller en france

2403 358 1443 108 En mai Prochain peut etre my fixerai-je.

2527 443 1826 110 vous pourrés faire valoir limportance que le Roy vient

2353 534 2016 135 de donner a nos tribunaux, nous jugeons en dernier ressort

2353 658 1042 113 la moitié au moins des affaires.

2567 714 1627 147 il n'y a pas longtems que j'ai été voir l'ami ⟦...⟧

2356 802 2053 179 Provencheres il se portoit a merveille il s'occupe toujours

2343 902 1712 204 ⟦...⟧ un nouveau plaisir de ce qui vous interesse,

2464 998 1769 170 etes vous grand pere? ou sur le point de l'etre

2316 1043 2000 237 voules vous bien faire mention de moi dans votre maison

2304 1241 1087 138 Et auprés de m^de la Marechalle

2613 1255 1704 216 J'ai l'honneur d'etre avec un respectueux attachement

2784 1433 739 134 Monsieur le marquis.

3602 1468 738 134 Votre tres humble et tres

3608 1586 741 123 obeissant serviteur

3605 1663 723 146 Bretton de Chapelle

2375 1575 799 187 S^t Marc le 15. ꝯ^bre 1787

2551 1809 1863 168 Vous Pourries encor employer avec ⟦..⟧ succés l'entremise de MM

2324 1897 1980 204 les eveques de Beauvais et de Saintes auprés de M^r le

2341 2085 741 122 principal ministre
