2166 2787
948 97 1013 138 Bordeaux 6 janvier 1770

570 295 460 101 Monsieur

197 538 1759 126 Le M^al lheureux famille Cap^ne aulay Laulnay Est

175 670 1859 102 Heureusement arrivé dans notre Riviere, vous avez abord

204 743 1875 107 de ce N^re pour votre Compte & celluy de M. le maãl De

207 828 1873 111 Conflans a mon adresse 28 Bques sucre Blanc y Bques

210 922 1867 99 sucre commun & 10 Bques sucre brut que dabord que jauray

215 1014 1873 96 en magasin Je moccuperay de vendre le plus avantageusement

213 1102 1861 84 possible, je dois toutes mes attentions a vos jnterets pour la

220 1184 1842 94 Bonté & la Confiance dont vous m'honnoréz aussy je

215 1268 1287 75 vous le promets & dans toutes occasions

218 1333 1841 96 M Denolivas amis Est mu le p^er de Ce mois du depuis les

204 1429 1867 93 vents luy sont favorables l'ont dit que ce depart va donner

216 1511 1835 100 la liberté a tous les colons qui avoit Eté Envoyez En

220 1597 1843 110 france je minteresse Bien sincerement a celle de M^r

238 1690 1835 110 Provenchere soit pour luy personnellement & pour vous &

232 1782 1845 117 vos jnterêts particuliers, lon ajoute que M^rs du Conseil

241 1875 1797 111 du port au prince vont Etre Renvoyés au Cap pour

255 1957 1343 125 Etre jugés par le Conseil dudit lieu

266 2070 1765 80 Nous avons un nouvel archévêque denoncé sy mes

249 2155 1833 94 souhaits avoit Eté accomplis cella auroit Eté quelqu'un

237 2243 1853 88 de votre Respectable nom qui tous En général sont

238 2330 1044 110 gens de Bien & paisibles

309 2427 1768 112 permettez que Madame la Marquise reçoive

128 2582 1924 122 M. le M^is  De la Rochefoucault Bayers

1958 2565 111 67 557
