2551 1979
204 193 851 59 Considerant que les Représentans de Saint-

164 252 894 54 Domingue ne peuvent renoncer à ce droit

166 306 891 59 imprescriptible, sans manquer à leur devoir

163 362 890 59 le plus sacré, qui est de procurer à leurs

163 415 876 58 Constituans des Lois sages et bienfaisantes.

199 472 857 63 Considérant que de telles Lois ne peuvent

160 527 892 57 être faites qu'au sein même de l'Isle ; d'a¬

161 583 893 54 bord en raison de la différence du climat, du

161 646 890 55 genre de population, des mœurs et habi¬

159 699 891 56 ¬tudes, et ensuite parce que ceux-là seu¬

158 752 893 68 ¬lement qui ont intérêt à la Loi, peuvent la

158 808 452 56 délibérer et consentir.

199 866 851 64 Considérant que l'Assemblée nationale ne

160 925 890 57 pourroit décréter les Lois concernant le ré¬

159 976 891 60 ¬gime intérieur de Saint-Domingue, sans ren¬

159 1030 888 66 ¬verser les principes qu'elle a consacrés par

157 1092 893 55 ses premiers Décrets, et notamment par sa

157 1139 749 58 Déclaration des Droits de l'Homme.

197 1199 850 60 Considérant que les Décrets émanés de

156 1255 890 61 l'Assemblée des Représentans de Saint-Do¬

153 1316 894 53 ¬mingue, ne peuvent être soumis à d'autre

153 1365 895 64 sanction que celle du Roi, parce qu'à lui seul

153 1429 894 57 appartient cette prérogative inhérente au

159 1479 889 59 Trône, et que nul autre, suivant la Consti¬

156 1535 886 63 ¬tution Fran aise, ne peut en être dépositaire;

158 1591 886 60 que conséquemment le droit de sanctionner

153 1649 886 65 ne peut être conféré au Gouvernement - gé¬

595 123 48 56 2

1498 193 889 65 ¬néral, étranger à cette contrée, et n'y exer¬

1499 251 887 68 ¬çant qu'une autorité précaire et subor¬

1500 322 191 46 donnée;

1537 362 849 64 Considérant qu'en ce qui concerne les rap¬

1504 419 886 66 ¬ports commerciaux et les autres rapports

1503 472 886 66 communs entre Saint-Domingue et la France,

1503 528 889 66 le nouveau contrat doit être formé d'après le

1507 586 886 62 vœu, les besoins et le consentement des deux

1510 653 451 56 parties contractantes;

1545 693 850 71 Considérant que tout Décret qui auroit pu

1505 749 894 70 être rendu par l'Assemblée nationale et qui

1507 812 890 64 contrarieroit les principes qui viennent d'être

1508 867 890 65 exposés, ne sauroit lier Saint-Domingue qui

1507 926 891 63 n'a point été consulté, et n'a point consenti

1510 985 454 51 à ces mêmes Décrets;

1517 1029 881 70 Considérant enfin, que l'Assemblée natio¬

1509 1092 888 63 ¬nale, si constamment attachée aux principes

1510 1144 890 64 de justice, et qui vient de manifester le desir

1511 1199 891 67 d'assurer la prospérité des Isles Fraçaises de

1513 1254 887 65 l'Amérique, n'hésitera pas à reconnoître les

1513 1311 889 63 droits de Saint-Domingue, par un Décret

1511 1372 504 59 solemnel et authentique.

1553 1422 849 67 Après en avoir délibéré dans ses séances

1515 1482 889 61 des 22, 26, 27, et dans celle de ce jour, a

1517 1537 887 62 décrété à l'unanimité, et décrète ce qui suit:

1630 1621 658 53 ARTICLE PREMIER.

1562 1694 843 69 Le pouvoir législatif, en ce qui concerne

1937 90 34 94 3
