4242 2673
423 288 1660 117 vous et les vôtres du troubles affreux de la france

420 405 1672 95 nous n'en sommes pas exempts ici cette manie

424 491 1585 114 passe au dela des mers. notre intendant vient

412 598 1625 102 de s'embarquer furtivement pour eviter les

408 686 1644 114 suites de la Colere d'un quartier de la Colonie

424 794 1643 105 aigri contre lui et qui avoit le projet de l'enlever

435 895 1616 111 depuis cette epoque ce quartier qui est celui

427 991 1591 104 du nord s'est constitué en comité provincial

420 1084 1597 115 et s'est emparé de l'administration. Jai

432 1186 1625 105 l'honneur detre membre de celui etabli dans la

421 1274 1658 118 partie de l'ouest. mais jusqu'à ce moment lors

399 1361 1650 112 ce qui en est sorti a respiré la sagesse et la

390 1467 1659 102 moderation et nous nous somes preservés ainsi

398 1565 1659 95 que la partie du Sud de la contagion; en laissant

390 1642 1612 111 aux chefs toute leur autorité et bornant nos

380 1740 1648 99 fonctions a faire des memoires et des cahiers

408 1833 1634 104 pour solliciter de l'assemblée nationale de

387 1927 1595 102 meilleures loix pour la Colonie: mais je crains

395 2024 1708 104 que les tetes ne fermentent, et que cette independance

387 2142 1722 104 ne devienne generale. il ÿ a eû dans quelques

2330 237 1794 150 quartiers de la Colonie des proscrits et des tetes coupées

2334 332 1725 177 nous somes menacés d'un plus grand malheur

2331 435 1701 184 la souite des philantropes nous declare une

2343 522 1694 184 guerre ouverte; on pretend quils envoient des

2343 613 1731 196 agens et des armes pour faire soulever les negres

2360 709 1619 201 on se propose de martiriser ceux qui viendront

2358 794 1606 206 ici avec de pareils projets et les mesures son

2355 870 1710 217 prises pour les decouvrir. cette motion a été agitée

2345 960 1659 211 a l'assemblée nationale et fait le plus grand mal

2366 1040 1749 243 puisqu'il ÿ a deja eû quelques soulevemens partiels

2346 1137 1763 223 dans quelques atteliers et que les chefs ont été livrés

2363 1225 1663 236 a la justice. nous courons les plus grands risques

2376 1286 1721 268 si cette nation n'est pas retirée. il est a craindre

2401 1398 1667 235 que la france ne perde cette Colonie. Jai vû avec

2386 1487 1722 231 peine dans la teste de ces entousiastes un quelqu'un

2373 1683 541 125 de vôtre nom.

3366 1692 782 167 Votre tres humble et tres

2584 1715 744 185 Je suis avec Respect

3386 1823 747 103 obéissant serviteur

2462 1943 669 122 Monsieur le marquis

3545 1906 527 140 Provenchere
