2512 1672
424 91 600 56 Habitations Des Varreux.

285 195 950 71 1°. la couverture de la sucrerie etant tres ancienne

339 260 837 63 est tres mauvaise il faudra necessairement –

333 322 870 62 recouvrir ce batiment et comme on ne peut trop

330 385 891 61 apporter de precaution pour eviter accidens

335 430 890 80 du feu, mon projet est de la recouvrir en tuiles,

341 493 850 69 au lieu desuetes depense qui est a peu près la

335 547 881 71 même quant au coût. mais qui est moindre

329 607 856 68 si l'on considere la durée de la tuile, quand

333 668 415 59 elle est bien cuite.

276 712 939 84 2°. le bassin qui contient le sirop de la purgerie

316 770 850 82 est a refaire a neuf, puisque les murs sont

340 824 902 77 rompûs dans plusieurs endroits et que l'eau

339 880 902 78 des savanes filtre a travers et en gâte le sirop.

295 941 917 78 il sera necessaire d'acheter les bois pour

338 1001 861 71 refaire un des moulins. depense que j'avois

331 1063 912 62 recommandée a m^r Deschapelles; car elle

333 1127 354 54 etoit urgente.

281 1158 967 87 4°. il sera encore besoin de quelques mulets sur

328 1234 150 57 cette h^on

310 1257 911 82 5°. etant essentiel de remplacer le deficit des

332 1319 888 72 negres pour entretenir les h^on dans le même

335 1369 913 78 produit et l'attelier des vareux deja caduc

335 1425 912 97 aiant souffert quelque diminution par la petite

1510 171 863 64 Verole il sera indispensable d'en acheter, et

1510 227 902 68 Je compte que l'augmentation doit en étre

1494 294 934 68 portée jusqu'a vingt; cette depense ne peut se

1503 359 951 72 faire que successivement, et d'année en année.

1455 426 916 84 6°. aÿant fait l'emplette d'un bouriquet equin

1519 485 898 68 il faudra augmenter le nombre des cavales ou

1508 537 919 85 Jumens Jusqu'a 12 ou 15 achat qui ne peut

1497 598 946 80 etre qu'avantageux puisque ces Jumens bien

1520 651 917 79 choisies et bien fecondes peuvent par la suite

1516 716 907 68 entretenir les h^ons de mulets, sans qu'on soit

1510 774 465 64 obligé d'en acheter.

1502 806 935 88 7°. il seroit avantageux pour cette h^on de faire –

1523 865 937 78 dans la Riviere un batardeau en maçonerie

1520 919 922 85 ce qui procureroit un tiers d'eau de plus en

1519 966 938 102 empechant les filtrations de l'eau qui s'echape

1527 1031 907 91 a travers les pieux, les fascines, et le gravois qui

1525 1089 573 84 Composent cette digue.

1495 1133 951 88 8°. il seroit avantageux de faire construire sur cette

1537 1182 905 92 h^on une etuve par ce que si la guerre venoit a

1527 1225 898 108 se declarer on pouroit sur le champ faire du

1532 1287 908 101 sucre blanc, en ÿ faisant construire des batimens

1525 1345 875 107 de peu de valeur, et pour le tems de guerre

1522 1433 309 83 seulement ※
