1929 2515
1028 364 125 94 11e
1223 381 131 67 Piece
1410 367 137 71 cottée
1619 368 2 54 M

206 732 213 110 Madame
474 750 38 98 la
571 767 238 97 Marechale

751 937 86 63 AREE

720 984 42 58 NERE

876 967 26 106 Pa

132 959 202 288 Deipris
354 959 63 272 le
436 959 91 289 estr
619 1025 62 226 que
721 1073 82 178 joi
843 1132 102 114 sernt
986 1161 41 81 du
1088 1149 61 94 bere
1189 1155 102 91 dont
1352 1152 41 92 le
1433 1148 224 92 contende
1695 1141 125 86 tonne

109 1248 95 77 guere

301 1289 87 83 pore
437 1280 174 92 prendre
669 1273 43 95 la
753 1279 142 94 liberté
961 1303 109 76 aiusi
1131 1303 70 76 que
1254 1278 77 99 M^de
1392 1280 39 90 du
1461 1277 163 88 cilleau
1681 1278 58 81 Ma
1781 1278 50 81 son

113 1384 28 71 de
215 1389 96 69 vous
356 1390 210 94 demander
624 1401 39 89 la
715 1423 245 70 permission
1017 1411 26 82 de
1107 1424 77 69 vous
1229 1401 83 93 aller
1367 1397 202 99 chercher.
1604 1400 99 77 Nous
1732 1406 100 65 duns

102 1490 154 73 scavoir

94 1586 121 86 Sevous

331 1520 184 75 l'heura
577 1524 26 90 et
644 1522 29 95 la
718 1546 101 76 jours
892 1562 61 60 que
1026 1554 87 63 vous
1193 1529 187 84 generoit
1434 1521 26 92 le
1501 1525 141 94 moins
1698 1526 105 71 nous

330 1626 52 67 vos
422 1621 128 92 ordres
597 1633 194 85 Madame
843 1640 33 76 la
921 1634 227 87 Marechale
1220 1640 19 81 et
1285 1635 64 89 bien
1401 1628 138 97 flattée
1600 1630 36 83 de
1678 1631 29 80 la
1782 1634 3 71 –

101 1732 220 88 sermission
389 1754 64 68 que
511 1749 83 66 vous
652 1739 158 87 voudrez
862 1741 68 85 bien
983 1744 89 85 nous
1112 1752 162 79 donner,
1315 1747 108 90 ayant
1475 1757 63 63 une
1589 1756 164 59 occasion
1794 1753 20 57 de

115 1832 84 72 vous
255 1844 152 63 assurer
463 1839 50 81 du
556 1841 164 103 respect
770 1861 97 86 avec
912 1851 120 100 lequel
1092 1860 27 88 je
1173 1860 80 79 suis
1313 1849 195 97 Madame
1544 1853 30 85 la
1611 1854 217 75 Marechale

126 1946 114 77 vottre
291 1946 71 89 tres
411 1952 177 93 humble
636 1956 29 92 et
720 1959 65 95 tres
840 1984 204 75 obeissante
1114 1972 190 93 servante

918 2220 258 113 Montullé
1248 2245 3 87 u

1390 2239 28 102 de
1461 2245 142 98 lurpin

118 2344 66 75 Uue
228 2363 113 67 neuve
380 2357 45 76 des
469 2363 267 79 Mathurins.
