3965 2804
422 267 18 66 je
474 269 86 67 vous
589 280 34 62 ai
669 272 139 80 mandé
859 280 57 76 que
950 292 23 63 je
1031 277 126 81 m'étois
1197 277 92 82 fais
1341 280 207 79 arracher
1605 288 63 76 une
1720 295 120 71 grosse

402 349 82 74 dent
520 353 34 66 du
607 353 82 71 Coté
720 353 88 70 droit
861 372 60 53 qui
975 363 201 68 Branloit
1224 362 232 83 beaucoup,
1488 377 29 65 et
1563 377 61 72 que
1661 372 131 79 j'arois
1828 385 66 68 fais

412 422 152 81 plomber
600 430 85 66 celle
740 428 48 67 sur
837 440 30 59 la
922 437 134 81 qu'elle
1096 437 33 84 je
1182 444 214 82 mangois,
1435 451 64 83 qui
1540 455 50 78 est
1630 452 154 90 percée,
1806 459 118 76 comme

421 521 65 52 mon
546 516 59 49 mal
653 511 191 59 continue,
866 522 32 61 et
943 517 234 90 m'empeche
1223 524 32 77 de
1312 529 198 87 manger,
1550 532 38 77 je
1622 534 85 87 crois
1751 551 62 72 que
1841 558 25 66 je

410 567 96 78 serai
541 571 132 79 obligé
689 576 37 83 en
767 596 66 62 peu
879 593 33 61 de
962 591 27 63 la
1034 591 97 75 faire
1182 604 229 84 arracher,
1438 610 33 74 et
1522 619 97 61 celle
1652 616 33 80 du
1735 638 140 61 milien

413 654 31 61 de
485 658 47 66 me
580 665 129 78 bouche
756 680 64 66 qui
863 672 146 67 branle
1051 681 218 86 beaucoup
1311 700 30 70 et
1383 693 186 82 dépassé
1605 702 46 72 les
1682 718 124 57 autres
1842 713 64 78 afin

405 743 129 76 qu'elle
580 748 26 56 ne
652 748 116 80 touche
807 770 104 60 point
963 776 14 48 à
1017 777 28 42 la
1076 765 171 80 pentine
1281 783 26 63 et
1347 782 68 67 que
1443 777 56 74 les
1539 786 109 67 autre
1695 783 91 66 dents
1821 802 109 61 puisse

410 819 166 79 appuyer
617 814 234 76 directenent
903 822 57 65 sur
1012 827 44 63 les
1103 849 172 75 gensives
1321 838 70 84 d'en
1437 845 110 84 hout
1589 866 25 61 et
1655 858 63 74 den
1765 855 80 90 bas,
1862 866 50 76 par

405 898 16 62 ce
474 892 117 91 moyen
650 898 23 82 je
725 903 201 66 mangerai
976 911 85 63 sans
1099 915 187 81 douleur,
1315 939 71 80 j'en
1440 929 109 94 serai
1603 950 96 82 quite
1739 955 90 79 pour
1874 962 2 73 y

423 962 95 86 mettre
549 964 89 87 plus
683 962 30 77 de
756 976 130 92 tener,
921 996 25 68 il
1000 984 93 96 faut
1127 992 165 109 prendre
1326 1009 59 97 son
1427 1023 92 85 mal
1566 1046 91 80 avec
1686 1041 198 79 patience.

402 1040 22 83 je
480 1056 35 72 me
548 1054 98 75 porte
686 1063 17 56 à
731 1062 77 79 cela
840 1066 90 79 pres
970 1091 43 44 au
1068 1097 151 52 mieux,
1249 1100 28 52 et
1325 1096 70 78 j'ai
1442 1102 80 82 bon
1561 1111 174 96 appetien
1772 1128 28 76 je
1831 1135 92 75 coupt

404 1115 38 76 en
473 1132 68 67 peû
586 1134 31 62 me
650 1132 115 68 rendre
807 1151 47 67 au
899 1148 101 87 soleis
1041 1167 174 68 Royal,
1231 1187 25 55 et
1306 1180 97 85 tenir
1446 1186 53 84 les
1545 1196 67 71 V^x
1651 1214 35 59 en
1741 1209 77 71 Etal
1852 1212 77 77 d'être

396 1198 206 86 employé,
639 1214 199 85 l'apollon
888 1250 193 69 remplace
1136 1254 117 82 l'are
1284 1276 45 66 en
1367 1274 87 76 ciel
1503 1276 111 74 dans
1652 1291 74 66 mon
1766 1292 136 66 Escadre

389 1296 36 69 on
464 1285 43 91 dit
560 1299 65 81 que
669 1296 80 66 s'est
779 1301 94 67 Mr
909 1314 34 58 Le
976 1317 84 71 Ch^r
1106 1322 40 74 de
1190 1335 154 88 Rohan
1394 1362 73 64 qui
1518 1359 26 68 le
1595 1360 282 81 commende.

400 1354 34 67 on
481 1358 87 61 croit
615 1359 101 72 qu'il
769 1366 2 66 a
806 1369 59 66 eté
908 1376 79 74 fait
1036 1400 250 72 capitaine,
1311 1419 31 68 ce
1372 1422 80 72 qui
1489 1417 365 94 chagrinera–

399 1424 173 93 beaucoup
627 1435 27 70 le
709 1441 159 78 Vicomte
892 1444 39 66 de
968 1446 334 122 Rochechonart,
1319 1483 241 95 cépendant
1601 1508 73 73 cela
1717 1504 77 84 n'est
1832 1508 51 69 pas

394 1504 88 65 sur.

393 1574 104 83 soyés
544 1577 65 85 tres
643 1581 234 85 persuedé,
912 1600 46 72 ma
1001 1600 69 77 tres
1108 1623 154 69 chere,
1296 1645 66 58 que
1403 1638 30 65 je
1465 1652 117 60 vous
1623 1654 101 68 aime
1775 1669 88 49 avec

394 1657 25 51 la
467 1647 182 67 tenduisse
691 1661 36 74 la
768 1666 83 71 plus
887 1677 189 66 grande,
1093 1685 33 66 et
1170 1697 66 61 que
1278 1717 31 46 je
1355 1719 165 56 mettrai
1575 1733 46 51 m'a
1675 1722 159 78 felicité
1865 1736 13 60 à

411 1722 38 53 me
483 1720 197 77 rejeindre
721 1733 20 60 à
757 1733 70 79 vous
857 1750 37 66 et
930 1744 26 77 à
985 1747 32 74 la
1058 1756 121 68 chere
1215 1777 110 61 sœur
1368 1783 78 69 que
1490 1787 300 85 j'embrassent
1830 1803 75 69 aime

380 1772 32 72 de
455 1777 72 78 tout
577 1801 78 55 mon
704 1800 139 86 cœur,
894 1811 99 87 mais
1027 1821 36 78 je
1103 1829 198 83 voudrois
1341 1861 143 53 avant
1527 1868 125 73 avoir
1700 1871 84 78 fait
1818 1888 1 50 –

385 1859 168 67 quelque
595 1877 136 58 action
785 1884 228 95 glorieuse,
1030 1904 36 78 et
1107 1903 61 82 que
1209 1913 94 66 celle
1355 1912 44 80 du
1456 1917 113 83 Port
1621 1941 147 74 mahon
1812 1949 52 70 fut

377 1940 222 63 termineé,
623 1960 68 45 car
727 1961 21 48 il
784 1962 49 61 est
875 1969 16 55 à
926 1972 165 86 craindre
1125 1994 63 70 que
1229 1989 77 81 M^r
1346 1991 47 71 de
1426 1996 38 85 la
1507 2000 325 90 Galissonniere
1875 2035 28 57 ne

380 2021 72 66 soit
497 2022 155 77 attaqué
679 2040 73 66 par
792 2031 50 59 des
879 2037 116 87 forces
1030 2047 252 88 superieurs,
1313 2083 56 52 que
1400 2087 34 56 ne
1478 2079 165 80 moisent
1701 2085 19 69 à
1754 2094 31 62 la
1837 2099 1 54 –

389 2082 186 74 rehussite
624 2092 38 78 du
721 2105 130 63 siege,
871 2121 27 48 et
940 2119 31 58 ne
1008 2132 84 71 nous
1127 2141 155 73 cautent
1334 2155 72 66 une
1450 2160 105 64 perte
1605 2150 203 92 facheuse;
1835 2169 24 58 il

383 2157 93 78 feuct
509 2161 149 94 asperer
708 2176 231 98 cependent
981 2194 62 88 que
1087 2191 83 90 tout
1220 2214 61 71 ira
1325 2212 128 90 bien,
1501 2236 43 61 un
1599 2240 120 76 moins
1753 2239 29 67 je
1823 2226 29 72 le

380 2235 165 63 desire.

403 2296 68 68 mes
515 2301 181 73 amitiés
739 2304 21 61 à
795 2307 71 78 mes
905 2314 156 75 nieces,
1086 2343 14 45 à
1136 2345 59 53 nos
1236 2356 105 59 amis
1387 2362 33 65 et
1460 2358 182 78 respects
1692 2359 68 72 aux
1797 2353 115 64 Romes

386 2367 22 54 et
444 2353 97 82 dans
594 2374 44 64 ma
690 2369 184 74 famille,
891 2388 27 63 et
960 2388 15 68 à
1008 2387 36 72 la
1087 2389 105 83 chere
1226 2400 184 84 Cousine.

391 2426 215 92 bonjour,
631 2450 109 67 chere
790 2447 44 67 Mi
884 2452 112 69 aimés
1049 2456 173 91 toujours
1276 2473 37 81 le
1356 2475 76 86 bon
1484 2488 54 76 N.
1563 2489 41 68 N.
1637 2493 55 74 dit
1743 2503 42 71 g.
1817 2495 42 76 L.

404 2518 3 55 0
487 2517 31 70 du
599 2531 46 55 C.

2438 694 0 0 3

2498 941 45 50 L6

2617 441 0 70 3

2637 590 4 62 1

2633 864 3 45 2

2993 577 6 94 6

2994 1269 7 109 0
