3968 2771
419 309 166 67 venus,
629 308 32 72 on
711 303 52 82 dit
813 321 64 68 que
921 307 52 75 les
1023 300 153 87 anglois
1227 309 95 71 vout
1367 298 121 86 faire
1545 299 70 81 une
1653 298 241 86 déclaration

400 404 36 74 de
492 410 162 68 guerre,
688 401 58 57 cela
803 400 75 75 sera
929 397 248 81 pitogable,
1200 397 29 65 et
1269 397 40 62 ils
1355 399 29 67 ne
1424 397 276 77 tromperont
1741 414 160 54 aucunee

416 481 171 73 nations,
653 469 181 74 conservés
895 477 73 51 moy
1002 470 101 71 vôtre
1148 469 96 66 cœur
1300 479 34 49 et
1384 470 125 68 vôtre
1557 469 210 83 tendresse,
1805 492 24 57 je

404 552 17 62 le
478 553 113 78 merite
648 554 74 78 par
790 552 80 60 tous
927 553 62 75 mes
1040 549 246 83 seniments
1341 549 64 85 que
1449 552 76 79 j'ai
1568 564 93 59 pour
1699 564 98 69 vous
1835 564 2 58 i

391 638 62 56 par
505 622 16 68 le
578 621 94 77 desir
729 621 151 75 sincere
933 637 57 56 que
1026 623 63 74 j'ai
1131 623 26 68 de
1204 628 104 69 vous
1349 623 137 73 rendre
1542 624 194 76 heureuse
1777 637 27 63 et
1845 631 21 69 de

398 691 88 74 vous
521 695 65 69 étre
633 694 241 70 agréable.
950 697 88 69 dites
1085 695 12 70 à
1132 696 30 72 la
1220 699 119 81 chere
1396 711 125 69 sœur
1572 709 196 74 combien
1813 721 25 62 je

386 782 145 68 Laime
572 787 25 62 et
667 788 65 58 mes
797 785 201 69 amitiées
1053 797 15 41 à
1118 797 65 41 mes
1228 789 172 62 nieces,
1454 798 76 61 mes
1578 797 163 66 respects
1774 808 57 55 aux

392 849 152 78 Dames
596 847 29 77 de
672 858 58 65 nos
782 861 129 67 amies
961 852 26 80 et
1043 852 298 87 Compliment
1392 880 13 60 à
1467 860 171 86 l'abbs
1695 869 36 74 de

395 932 266 82 chabannes,
700 942 24 66 il
763 939 13 68 à
832 939 30 65 la
912 941 111 77 vielle
1067 943 209 83 Cousine,
1331 950 255 81 bonjour,
1619 952 219 87 lunsant

419 1014 173 81 jécrirai
651 1025 11 64 à
721 1019 76 67 M^r
856 1020 147 76 charet
1082 1038 29 54 je
1169 1025 158 75 scavois
1385 1050 66 55 son
1510 1033 264 80 exactitade,
1812 1052 33 58 je

404 1102 74 68 suis
520 1103 121 65 encore
694 1109 37 71 un
778 1110 75 71 peu
888 1109 218 64 eurhuumé,
1151 1118 102 55 mais
1299 1127 23 58 ce
1372 1136 45 57 ne
1451 1120 86 69 sera
1604 1125 117 73 rien,
1762 1126 65 70 bous

416 1180 64 62 mes
542 1183 80 66 gens
666 1181 24 72 se
734 1176 161 83 portent
956 1177 114 76 bien,
1116 1188 0 54 a
1156 1180 69 68 dieu
1286 1183 74 64 M.
1411 1196 75 63 M.
1536 1194 36 63 Du
1621 1199 41 68 C.
1701 1201 35 65 et
1774 1190 121 78 femme

395 1248 47 65 du
512 1265 36 47 G.
588 1251 52 71 L.
689 1262 52 61 qui
790 1258 185 69 voudroit
1023 1264 68 58 etre
1146 1261 102 63 beau
1297 1283 169 50 comme
1531 1283 46 47 un
1637 1278 89 62 astre
1764 1276 98 60 pour

407 1351 82 65 vous
536 1336 171 81 plaire,
754 1340 30 70 ne
835 1338 184 84 m'oubties
1058 1341 67 79 pas
1176 1352 154 72 aupres
1371 1353 41 66 de
1459 1345 112 74 M^de
1624 1347 23 72 la
1694 1347 165 83 Comtesse

396 1412 31 68 de
476 1414 259 77 Chabannes
790 1410 12 77 à
839 1410 192 89 laqu'elle
1078 1411 28 88 je
1152 1411 70 88 suis
1275 1417 69 82 tres
1393 1428 197 71 attaché.
