3923 2841
444 308 25 83 et
506 304 56 87 que
600 301 180 75 d'ailleurs
824 299 118 75 j'avois
992 299 62 70 mal
1098 305 62 69 aux
1222 302 126 68 dents,
1384 315 32 58 je
1452 303 64 69 lui
1558 323 32 59 ai
1626 309 151 87 envoyé
1812 307 27 81 le

444 395 98 61 majer
585 386 32 66 de
666 403 76 57 mon
780 385 156 79 Troudre
980 386 64 78 lui
1077 386 98 73 faire
1217 401 77 58 mes
1325 391 292 76 compliments
1644 410 27 55 et
1704 398 49 67 lui
1790 395 34 69 dir

441 471 46 67 que
538 456 52 83 s'il
636 460 138 75 d'tiroit
819 465 69 65 voir
951 456 23 70 le
1026 457 103 79 solois
1181 457 167 88 Royal,
1369 467 31 78 je
1444 462 59 76 lui
1536 464 116 83 offrois
1696 476 14 69 à
1742 470 83 80 diner

433 545 23 55 et
490 542 17 61 à
547 539 22 64 le
609 542 176 68 conduire
848 558 74 65 moy
973 550 97 62 meue
1121 554 29 59 et
1182 552 219 80 ramener,
1433 561 121 76 parce
1585 572 60 67 que
1665 566 31 74 je
1723 566 150 76 couchois

431 620 156 71 aterre,
615 625 24 56 il
678 626 30 60 ne
741 623 30 74 la
815 621 71 79 pas
925 630 162 73 accepts,
1103 632 30 60 et
1177 644 49 50 ma
1274 636 80 69 fait
1401 639 108 79 faire
1561 657 61 63 des
1647 667 232 63 compliments

429 703 57 78 par
533 715 33 66 un
607 705 156 83 officier,
804 712 64 80 que
915 715 51 74 s'il
1014 721 100 62 avoit
1168 734 51 51 son
1278 744 64 51 mon
1382 732 282 83 indisposition
1701 739 26 73 il
1757 744 94 77 seroit

423 798 84 58 venu
562 805 38 42 me
638 804 64 52 voir
763 801 58 76 sur
863 799 27 80 la
932 802 166 84 change,
1120 806 23 70 il
1189 812 54 64 m'a
1283 811 135 81 depuis
1453 827 154 63 envoye
1648 831 34 64 un
1712 825 26 74 de
1767 831 121 79 sesguus

413 854 133 78 scavoir
597 862 32 72 de
675 879 67 47 mes
788 872 209 83 nouvelles,
1026 888 80 68 nous
1133 895 38 51 en
1209 885 176 78 sommes
1424 896 122 74 rettés
1590 902 34 72 la
1661 903 133 83 depart
1823 929 24 44 el

417 929 150 76 d'autre,
609 940 96 70 mais
733 949 103 70 encos
905 947 142 93 depuis
1078 960 31 83 ce
1147 959 102 80 tems
1315 966 52 85 les
1414 970 133 83 cartes
1588 980 70 83 sont
1693 991 163 80 brouillés

419 1021 82 81 plus
545 1025 56 73 que
637 1024 186 71 jamais:
870 1047 35 68 je
944 1038 130 80 conclu
1120 1065 60 72 que
1233 1060 73 81 M^r
1353 1055 254 94 deigaillon
1648 1077 40 70 est
1725 1094 57 54 per
1825 1098 1 47 –

422 1097 163 81 menagé
630 1101 104 87 dans
771 1112 59 79 ses
867 1135 164 64 termes,
1051 1143 28 51 et
1117 1133 93 63 qu'il
1242 1138 46 59 est
1331 1139 115 85 d'une
1510 1151 120 85 haute
1670 1164 198 77 suffisance

408 1179 72 63 M^r
521 1182 163 69 Duquay
711 1197 33 64 et
781 1196 70 78 lui
882 1201 89 76 sans
1017 1209 98 76 doute
1150 1221 97 74 vont
1281 1223 36 70 se
1358 1234 198 80 plaindre
1597 1256 50 63 uon
1688 1253 146 68 ministre

416 1272 90 84 pour
548 1273 81 87 moi
670 1282 78 67 cela
799 1293 37 59 ne
873 1290 44 65 me
961 1295 168 79 regarde
1166 1325 127 78 point,
1342 1329 124 79 parce
1498 1339 62 73 que
1612 1332 49 83 M^r
1686 1322 137 103 Duguay

407 1349 215 73 commende
665 1364 94 78 dans
813 1377 26 68 la
876 1377 79 76 port
980 1386 26 52 et
1054 1387 77 81 moy
1175 1408 26 43 la
1243 1399 154 67 Rade,
1431 1418 107 72 mais
1581 1424 146 78 peutetre
1754 1431 82 73 qu'on

422 1443 74 46 m'en
548 1451 147 47 ecrina,
740 1448 93 84 alors
876 1456 35 83 je
949 1458 101 77 dirai
1099 1467 48 69 les
1189 1472 137 89 choses
1379 1497 112 81 seltés
1549 1502 147 84 qu'elles
1730 1509 80 78 sont,

427 1496 86 78 mais
562 1510 67 76 M^r
676 1514 241 99 Daiguillon
964 1552 4 49 a
1009 1543 69 69 eté
1118 1539 77 81 mal
1228 1545 223 89 conseitlé,
1477 1586 30 61 et
1554 1591 4 52 a
1600 1590 110 71 parté
1748 1581 65 85 fort

404 1587 349 90 imeproprement,
782 1610 63 60 c'est
886 1635 41 49 un
962 1635 230 73 orgueilleux
1219 1635 33 80 et
1290 1656 37 63 un
1366 1664 120 58 jenne
1537 1664 155 63 hoame
1730 1678 116 63 auquel

400 1661 21 81 il
467 1665 174 84 faudroit
677 1699 120 61 encore
838 1704 71 59 une
948 1700 138 82 Calotte
1123 1710 42 82 de
1206 1724 161 77 plomb,
1390 1752 38 51 on
1479 1758 45 47 un
1580 1751 233 70 gouverneur

410 1748 30 78 la
489 1750 144 84 faveur
670 1761 29 63 et
756 1766 26 73 la
819 1785 154 79 fortune
1034 1786 238 114 l'areagle,
1318 1826 34 82 ne
1391 1828 151 94 parlés
1580 1834 108 94 point
1734 1832 28 70 de
1787 1847 55 58 cele

479 1842 61 75 lla
584 1846 100 79 prise
738 1858 46 86 du
823 1871 85 76 port
967 1874 129 78 mabon
1144 1886 181 90 decivera
1391 1917 127 68 toutte
1563 1933 145 77 chose,
1739 1929 21 84 je
1792 1931 105 75 sentaite

392 1938 54 90 que
478 1938 70 84 cela
594 1942 194 85 abontisse
815 1957 24 78 à
880 1955 32 86 la
962 1965 127 83 paix,
1122 1971 62 65 car
1221 1982 36 66 je
1301 1999 35 56 ne
1378 1998 98 80 suis
1512 2010 73 75 pas
1641 2016 74 74 trop
1765 2008 109 67 content

417 2015 41 52 on
500 2023 2 49 a
538 2011 123 69 parlé
694 2020 63 74 icy
783 2023 57 77 des
872 2042 44 59 v^t
967 2041 37 67 de
1043 2044 113 77 sende
1187 2051 27 82 it
1256 2056 39 77 de
1359 2071 305 94 Damnemere,
1701 2086 21 81 le
1739 2083 134 78 Minitre

1263 2172 107 68 ainsi
1414 2180 40 73 je
1500 2186 80 74 n'en
1618 2198 97 59 crois
1753 2190 86 57 riens

404 2102 33 58 ne
474 2099 98 59 nous
604 2102 37 72 en
683 2111 18 69 à
748 2115 70 65 pas
857 2119 144 76 mandé
1036 2144 50 58 un
1141 2152 74 62 mot

397 2185 37 63 on
473 2186 52 66 dit
570 2189 52 70 les
673 2191 134 93 Vaiss^t
841 2200 59 100 qui
927 2203 97 104 etoit
1053 2220 101 82 dans
1183 2253 29 64 le
1248 2256 90 73 port
1384 2257 189 86 Mahon,
1613 2260 112 85 sortis
1773 2263 49 73 cela

393 2274 195 74 peutatre,
621 2288 135 73 quand
790 2294 59 70 nos
890 2305 127 79 troupes
1049 2333 51 49 ont
1141 2321 77 78 fais
1252 2332 75 67 leur
1365 2341 166 76 descente
1588 2366 37 53 on
1665 2358 54 70 les
1759 2358 42 60 dit

390 2354 216 77 richement
637 2366 165 77 chargés
831 2386 28 66 et
898 2388 128 67 rendus
1071 2417 22 49 à
1132 2411 86 75 ville
1253 2413 200 93 franche.

382 2434 39 79 je
449 2437 88 65 vous
583 2449 214 65 manderai
828 2469 28 65 ce
889 2482 62 68 qui
988 2476 181 83 arrivera
1213 2507 41 56 en
1291 2500 210 77 attendant
1572 2507 104 80 mille
1718 2514 142 73 amities

379 2520 2 48 a
421 2503 33 72 la
494 2506 103 77 chere
637 2515 104 71 sœur
775 2526 23 64 et
845 2537 12 60 ̀
887 2540 71 57 tout
995 2554 22 62 ce
1058 2563 68 67 qui
1172 2576 85 62 nous
1293 2583 183 77 aiment,
1509 2583 33 81 j'l
1593 2584 200 88 comprend

1207 2645 87 68 vous
1334 2646 58 84 sui
1465 2662 164 69 attacher
1674 2672 25 48 et
1727 2653 141 82 conclieu

373 2576 140 87 touts,
574 2594 96 80 vous
723 2593 144 87 scavés,
899 2607 217 85 combien,

2262 316 21 68 je
2313 315 88 66 vous
2445 320 145 73 aime,
2626 337 93 56 vous
2780 339 47 41 me
2873 325 128 73 voins
3052 329 160 72 toujours
3262 331 23 68 le
3345 349 134 59 meme,
3519 337 177 70 couserois

2275 403 85 63 moy
2412 392 97 83 aitre
2561 403 130 66 cieur,
2743 409 32 52 je
2821 407 90 55 vous
2950 399 192 94 embrasse
3188 400 31 96 et
3265 404 78 94 suis
3389 427 100 71 pour
3540 410 138 93 l'étera

2257 484 98 77 votre
2417 471 98 95 fidee
2598 473 57 71 M.
2682 475 57 82 N.
2807 500 36 76 9.
2869 489 2 93 L
2967 501 44 81 p.
3044 490 29 60 du
3113 496 37 63 C.

2497 955 3 56 3

2941 1267 1 89 3
