3232 3880
2458 200 160 109 Dupl^r

604 283 2 73 S
769 263 293 117 Pierre
1172 265 624 148 Martinique
1898 291 57 128 Le
2029 323 46 99 1^e
2134 303 170 124 avril
2388 306 161 126 1785

733 535 603 186 Collonies

632 1017 132 101 Jean
822 1049 219 98 Baptiste
1078 1042 127 128 Joly
1251 1062 109 118 natif
1396 1082 39 88 de

647 1136 260 107 Perpignan
958 1182 45 57 en
1048 1168 255 101 Rossillon
1352 1195 88 83 agé
1485 1200 45 71 de

657 1226 52 91 56
779 1241 125 82 ans,
934 1258 119 77 apres
1090 1258 99 93 avoir
1231 1258 86 95 fait
1374 1265 57 88 les

650 1322 227 91 Dernieres
912 1334 306 102 Campagnes
1266 1355 150 93 ditalie
1470 1379 108 78 dans

635 1408 51 82 Les
728 1418 268 94 volontaires
1045 1439 33 79 de
1108 1441 146 84 Gantés
1302 1451 23 82 à
1355 1475 220 72 commencer

650 1519 38 60 de
728 1500 146 92 Lanné
928 1526 132 79 1746.
1092 1548 25 70 et
1170 1543 134 90 passé
1320 1543 27 88 à
1356 1536 34 91 la
1434 1547 142 101 Msq̃ue

648 1601 45 71 est
733 1601 18 75 à
779 1612 55 70 été
858 1612 243 88 Incorporé
1142 1627 67 81 l'an
1257 1639 97 79 1750
1410 1643 109 86 dans

636 1682 54 78 Les
727 1695 292 105 Compagnies
1042 1703 180 100 franches
1274 1714 54 92 des
1358 1742 215 84 Canoniers

642 1781 304 99 Bombardiers
1016 1797 190 98 detachés
1244 1824 34 76 de
1323 1820 37 85 la
1416 1852 144 65 marine

657 1898 46 63 de
757 1883 325 107 Rochefort.

722 2000 81 62 L'an
857 1985 90 89 1753
984 1988 27 92 il
1041 1994 19 91 à
1084 2004 54 88 été
1162 1998 69 102 fait
1268 2007 233 104 Sergent.

710 2066 88 100 L'an
843 2098 100 74 1760
981 2095 34 84 il
1050 2099 19 86 à
1092 2114 60 79 été
1188 2105 166 105 chargé
1390 2128 38 87 du
1452 2131 103 93 detail

651 2164 35 84 de
711 2172 35 82 la
770 2182 261 111 Compagnie
1073 2201 34 80 de
1124 2202 193 110 Pelletier
1356 2224 15 99 à
1387 2218 30 104 S^
1424 2220 8 101 t
1456 2227 102 93 pierre

643 2284 27 71 et
724 2287 21 74 à
772 2295 59 72 été
859 2305 144 74 pourvu
1059 2307 112 84 d'une
1199 2325 267 88 Commission

641 2372 36 85 de
719 2379 195 95 Maitre
956 2402 268 95 Cannonier
1261 2418 41 85 au
1337 2420 54 89 dit
1421 2446 153 77 departem

649 2465 4 87 &
705 2487 16 70 à
749 2484 217 92 continué
1004 2500 176 93 Jusqu'es
1210 2518 20 79 à
1241 2516 40 85 la
1317 2519 91 92 prise
1448 2532 41 86 de

643 2564 96 106 Lisle
793 2587 141 98 quilest
976 2627 153 73 repassé
1152 2638 38 66 en
1226 2610 134 107 france
1403 2649 73 77 avec
1512 2639 40 92 sa

632 2655 264 129 Compagnie
948 2696 31 80 de
1012 2694 201 108 Lincencie
1247 2737 22 65 à
1296 2727 250 108 Rochefort

643 2775 171 87 Lannée
873 2794 132 76 1762.

1839 527 278 130 Parde
2208 566 353 125 magasin

1641 672 67 95 de
1804 647 456 149 l'artillerie

1909 775 5 129 A
2112 777 128 141 S^t
2275 775 247 156 Pierre

803 896 298 123 Pour
1167 922 201 113 servir
1447 964 28 78 à
1523 941 44 106 la
1660 981 339 93 demande
2070 980 43 101 de
2161 983 52 104 la
2305 989 340 124 Médaille

1590 1111 194 114 Pendant
1822 1127 28 102 le
1886 1132 138 107 Susdit
2063 1172 88 75 tens
2203 1166 28 86 il
2267 1158 19 97 à
2324 1189 124 76 assisté
2472 1189 26 79 à
2522 1168 34 104 la

1616 1232 228 95 Bataille
1887 1247 37 85 de
1962 1243 253 105 Plaisance,
2242 1272 23 79 à
2286 1264 36 90 la
2348 1280 215 87 Retraitte

1650 1350 37 56 de
1735 1338 169 83 Tortone
1963 1372 42 55 ou
2042 1367 27 65 il
2099 1360 61 78 fut
2218 1375 197 79 prisoniés
2469 1389 31 71 de
2525 1394 116 75 guerre

1620 1436 30 61 et
1691 1422 18 79 à
1737 1425 36 79 la
1828 1448 248 83 Martinique
2125 1457 23 77 il
2177 1470 16 69 à
2234 1478 134 72 essuyé
2403 1463 50 92 les
2507 1469 100 98 deux

1638 1510 186 97 dernieres
1873 1534 148 85 Guerress
2075 1532 96 96 dont
2220 1552 23 80 à
2272 1549 30 87 la
2344 1552 115 93 Suitte
2520 1561 30 90 de
2585 1560 31 93 la

1629 1637 206 74 premiere
1901 1626 20 93 il
1953 1624 20 96 à
2007 1628 126 102 Suby
2166 1638 35 103 le
2226 1639 80 99 fort
2363 1653 34 92 de
2437 1647 135 110 lisle,

1615 1720 185 80 Comme
1839 1736 26 68 il
1913 1731 135 82 saroit
2120 1748 140 75 l'autre
2309 1760 226 77 part.

1621 1814 27 71 et
1699 1808 130 87 depuis
1880 1822 81 83 son
2000 1831 116 77 retour
2162 1854 33 63 il
2228 1857 3 57 a
2276 1845 220 87 continué
2523 1851 70 85 son

1623 1914 160 88 service
1842 1918 179 92 Jusqu'es
2055 1933 15 82 à
2110 1957 20 55 ce
2171 1933 93 88 Jour
2311 1963 27 60 ce
2378 1964 57 62 qui
2476 1950 26 77 le
2531 1944 111 87 porte

1633 2031 2 52 a
1697 1998 227 98 solliciter
1980 2020 42 81 la
2077 2011 182 101 medaille
2327 2062 67 56 qui
2430 2056 151 71 servira

1636 2095 31 79 de
1712 2095 126 96 Titres
1903 2119 4 68 a
1965 2114 73 92 son
2082 2116 74 96 fils
2191 2125 95 92 agé
2322 2128 26 91 de
2378 2139 32 79 18
2453 2154 73 81 ans
2591 2162 85 71 pour

1607 2188 167 90 Pouvoir
1843 2222 173 78 meritter
2051 2214 109 92 Dans
2195 2220 38 86 la
2273 2228 129 92 suitte
2437 2233 43 87 les
2509 2241 171 94 bienfaits

1635 2276 57 101 du
1732 2294 156 105 Roy
1944 2305 169 98 comme
2162 2309 82 100 fils
2306 2317 78 114 d'un
2434 2362 139 65 ancien

1622 2379 290 97 Serviteur.

1868 2465 180 79 L1
2141 2440 124 102 jolÿ

1655 2607 112 72 nous
1837 2621 402 65 commendant
2276 2618 38 69 en
2366 2616 130 74 chef
2538 2618 38 73 la

1639 2694 52 85 de
1757 2694 33 87 la
1869 2694 295 92 martinique
2223 2694 40 74 et
2315 2694 99 86 jsles
2473 2716 53 52 du
2572 2703 105 70 vent

1645 2772 258 94 certificons
1968 2779 75 82 que
2082 2773 40 78 le
2168 2781 54 78 S^r
2259 2774 88 92 joly
2451 2778 179 70 Marite

1634 2866 92 63 par
1767 2860 61 73 son
1884 2860 91 71 zele
2036 2865 41 64 et
2118 2862 61 66 ses
2215 2868 194 69 cnieur
2463 2869 73 73 ses
2575 2882 94 60 vices

647 3065 31 77 et
714 3057 26 89 il
789 3066 19 85 à
837 3076 59 81 été
926 3069 130 100 placé
1088 3079 144 102 Garde
1267 3096 208 103 dartillerie

649 3153 6 85 a
680 3142 37 94 S^t
742 3146 158 111 Pierre,
918 3185 44 75 ou
988 3167 30 93 il
1049 3166 7 102 a
1103 3186 212 103 Continué
1349 3201 68 96 son
1442 3194 112 101 service

625 3268 216 88 Jusqu'es
889 3285 18 77 à
937 3273 39 76 ce
1025 3276 143 95 Jour.

726 3373 32 81 le
790 3373 95 104 sieur
945 3376 110 98 Joli,
1108 3402 31 82 me
1188 3392 142 88 parait
1379 3393 164 93 digne,
1570 3414 65 75 par
1677 3390 29 80 sa
1740 3388 178 104 Conduite

704 3453 30 72 et
757 3453 37 73 ses
817 3453 177 88 services,
1024 3457 31 90 de
1070 3458 31 97 la
1136 3483 110 71 grace
1304 3476 80 82 quil
1444 3469 193 96 demande
1684 3486 13 81 à
1731 3478 53 79 M^r
1811 3474 20 84 le
1871 3476 193 87 Marechal

832 3542 25 125 à
882 3533 44 136 S^t
941 3530 125 144 Pierre
1120 3535 35 142 le
1200 3541 54 139 27.
1299 3539 65 144 7^bre
1389 3553 34 132 85
1521 3559 50 131 du
1610 3551 209 147 Puget※.

701 2893 5 76 2
745 2894 41 78 an
833 2895 93 82 1763
972 2913 33 67 en
1045 2910 282 102 Consequence
1366 2938 43 76 des
1441 2944 111 72 ordres
1596 2919 161 105 (dont
1801 2944 59 77 les
1933 2934 279 98 cartificels
2293 2954 110 59 nous
2439 2952 81 64 ont
2564 2931 81 87 été

652 2970 41 79 du
742 2977 230 93 ministre
1019 2981 33 87 il
1081 2981 50 92 est
1170 3010 167 93 repassé
1358 3005 25 98 à
1394 3000 34 103 la
1484 3001 100 115 Mque
1647 3013 304 111 presentes)
2004 3019 55 106 la
2138 3035 136 97 grecce
2344 3031 118 109 qu'il
2498 3025 184 87 Demence

2190 3116 367 104 granderes

2214 3511 176 95 vubar

2274 3595 265 117 Manson
