3232 3112
657 189 244 103 Artillerie
954 197 37 88 des
1016 182 146 102 Colonies

671 287 32 73 Le
807 287 41 82 11.
928 284 88 105 mars
1040 275 80 112 1786
1241 273 80 105 A.
1369 267 98 114 M.
1486 267 29 113 de
1558 267 110 111 Cotte
1745 267 225 91 Dircteur
2042 267 25 74 de
2098 267 25 73 la
2202 272 258 95 Monnaye
2499 271 73 86 des

1242 359 223 76 médailles

2155 432 1 68 a
2217 401 154 111 Paris

1223 606 38 95 Le
1318 602 108 97 Roy
1483 605 148 88 vient,
1664 594 84 85 M.
1794 594 215 92 d'acordee
2110 609 78 61 une
2275 579 188 91 médaille
2523 572 57 88 d'or

1230 716 20 51 à
1297 711 38 59 un
1406 692 208 86 Employé
1685 697 32 65 de
1752 682 274 80 l'artillerie
2110 699 13 56 à
2165 674 31 83 la
2256 669 353 86 martinique.

1229 764 26 76 Je
1290 764 101 79 vous
1445 784 62 55 pie
1572 762 352 76 enconséquence
1980 760 36 64 de
2084 757 80 69 m'en
2250 749 178 78 adresser
2483 769 67 52 une

1224 838 43 60 des
1309 836 204 68 dernieres
1555 827 209 75 Crapece,
1795 828 23 59 en
1891 822 226 75 observant
2197 818 144 77 qu'elle
2389 829 54 52 ait
2496 816 43 70 sa

1215 897 221 62 billiere.
1502 899 99 56 Sous
1654 893 171 61 voudrés
1886 887 135 64 bien^r
2083 886 90 62 rême
2239 884 91 63 tems
2442 896 0 48 e

1217 962 254 80 m'indiquea
1552 962 26 80 le
1640 955 101 85 pixx
1805 957 36 59 de
1905 953 89 79 cette
2093 945 253 87 médaille,
2392 943 78 86 afin
2527 952 54 74 que

1206 1029 29 84 Je
1277 1026 99 88 Casse
1431 1027 212 88 pourvoir
1732 1023 14 67 à
1796 1018 116 90 votre
1969 1015 411 84 remboursement※

1375 1129 41 75 au
1461 1113 33 88 Sr
1546 1111 93 92 Joly
1704 1124 125 78 Garde
1868 1111 217 89 D'artille
2170 1137 14 57 à
2222 1114 34 82 S^t
2294 1101 152 93 Pierre

1211 1180 22 96 de
1269 1180 36 98 La
1356 1203 122 77 Mart
1514 1193 138 91 Viique

2060 1233 2 79 a
2109 1228 44 84 la
2195 1223 339 87 Martinique

1241 1380 32 90 Je
1314 1379 165 88 viens,
1515 1376 73 76 M.
1636 1376 31 84 de
1728 1396 121 59 rendre
1922 1375 171 84 compte
2170 1381 37 66 au
2255 1364 87 87 Roy
2395 1377 31 68 de
2466 1373 27 58 le

1205 1461 297 69 L'ancienneté
1560 1460 36 76 de
1648 1460 63 73 vos
1758 1457 213 73 services,
2017 1457 116 66 ainsi
2194 1451 59 75 que
2288 1458 38 53 du
2366 1448 74 74 zele
2497 1451 27 55 et

1218 1537 25 60 de
1283 1536 330 68 l'intelligence
1693 1537 70 59 avec
1827 1528 157 69 lesquels
2068 1530 96 63 vous
2213 1521 81 69 avés
2338 1520 186 69 toujours

1216 1603 148 79 recupli
1403 1606 46 74 les
1511 1601 216 79 fonctions
1824 1604 85 70 dont
1965 1595 86 70 vous
2101 1592 81 71 avés
2226 1592 58 62 été
2334 1590 200 77 charyé;

1206 1678 41 61 sa
1311 1676 227 63 Majesté
1618 1689 0 49 a
1672 1674 86 64 bien
1822 1670 127 68 voulu
2038 1675 96 62 vous
2193 1673 181 61 accorder
2454 1673 66 56 une

1223 1751 174 73 midaille
1466 1748 79 74 d'or
1635 1746 111 81 quille
1803 1755 97 67 vous
1951 1747 144 73 permet
2152 1751 38 59 de
2263 1735 223 80 porter–

1209 1825 163 62 comme
1464 1836 66 56 une
1616 1826 163 67 marque
1860 1818 25 66 de
1931 1815 56 65 sa
2058 1813 315 73 satisfaction
2424 1825 21 50 et
2506 1814 35 57 de

1201 1899 41 56 la
1303 1886 310 75 distinction
1709 1900 53 57 que
1812 1881 89 72 vous
1941 1896 94 55 vous
2080 1877 68 67 etés
2203 1873 290 74 acquitis;
2528 1881 1 53 –

1208 1965 231 75 j'adresse
1513 1967 86 63 cette
1693 1960 191 71 médaille
1968 1969 16 54 à
2053 1958 86 65 M.
2163 1961 36 63 de
2248 1951 276 71 Senneville

1214 2053 24 68 et
1302 2055 34 71 je
1394 2044 24 72 le
1470 2041 163 85 charge
1690 2041 36 68 en
1824 2046 135 60 même
2023 2040 64 71 tem
2151 2046 35 57 de
2220 2035 105 58 vous
2355 2041 34 49 en
2429 2030 176 81 décous.

1382 2142 120 89 M.
1520 2142 41 81 de
1627 2140 250 84 Seuneville
1943 2137 80 86 dem
2094 2140 117 79 Lius^t
2246 2137 220 78 Colouel–

1219 2236 266 87 command^e
1547 2235 33 80 en
1629 2231 97 90 chef
1787 2226 272 86 L'artilleire

2065 2297 1 73 a
2124 2296 45 85 La
2213 2296 298 91 Martinique

1209 2422 37 98 Je
1287 2422 115 92 vous
1465 2424 214 96 préviens,
1728 2425 78 85 M.
1870 2450 36 63 qu
1997 2420 22 87 le
2075 2425 86 92 Roy
2225 2430 121 74 vient
2408 2423 136 90 d'apes

1211 2509 35 82 la
1303 2506 276 85 proposition
1636 2508 29 74 de
1711 2506 75 67 M.
1803 2506 34 64 de
1878 2514 246 74 Marison,
2176 2507 247 76 d'accorder
2492 2521 29 50 de

1220 2601 47 59 au
1313 2607 47 62 S^r
1430 2584 99 85 Joly
1593 2589 145 80 Garde
1802 2585 268 77 D'artillerie
2146 2602 0 55 a
2215 2582 53 70 S^t
2309 2582 145 78 Pierre

1203 2660 59 67 La
1354 2660 221 79 médeille
1650 2660 88 87 d'on
1807 2673 95 68 pour
2002 2660 283 90 récompense
2329 2669 44 81 de
2442 2660 57 85 ses

1210 2731 306 76 services.

1608 2752 35 56 je
1724 2753 60 54 La
1869 2746 61 59 lui
2010 2747 216 73 aunome
2316 2754 100 65 avec

696 731 136 78 Medaille
863 726 57 77 d'au
962 739 93 58 poceu
1094 722 22 66 1.

690 805 78 71 garde
794 791 195 78 D'Acticene
1021 792 32 63 de
1075 794 23 65 la

688 841 284 134 Martinique,
