3232 3976
145 355 1 78 y
186 355 231 86 deposant

134 444 83 125 de,
262 450 64 119 qui
380 440 101 117 était

140 598 0 75 l
206 598 36 75 en
301 565 110 108 cette

136 726 0 97 y
203 713 210 108 servait
465 722 52 94 de

191 848 112 84 sentt
381 848 113 86 tout

152 958 0 73 l
230 943 294 88 Entraine.

138 1070 67 99 ger
292 1074 110 101 pour

161 1183 72 104 pas
275 1189 58 83 au
395 1183 136 90 moins

139 1312 146 123 ayant
340 1294 97 138 fait

146 1445 88 72 part
312 1441 42 74 en

140 1550 19 124 le
207 1564 179 104 jettant

148 1676 317 110 oplusieures

159 1783 145 96 ement
355 1783 197 93 dechere

140 1922 319 94 serhardes.

130 2058 34 89 au
221 2044 258 122 ratraper

140 2170 35 114 ne
252 2172 2 123 a
295 2173 80 119 luy
425 2168 122 89 avait

139 2290 84 111 de,
262 2300 106 101 qu'il
413 2288 161 90 l'avait

132 2404 25 104 ie
211 2404 33 98 ne
282 2398 34 117 l'a
354 2398 248 115 percevant

156 2531 225 76 commil
453 2536 32 62 ne

132 2655 14 61 de
194 2631 29 99 la
273 2637 119 86 même
454 2628 156 97 Lamme

192 2730 258 110 .qu'enfin

146 2834 116 98 les,
284 2848 24 87 il
353 2827 24 110 se
422 2825 153 111 serait

156 2972 1 74 u
257 2953 164 92 devant
476 2961 33 81 la

147 3052 290 107 habitation
481 3078 44 82 de

142 3176 1 95 e
190 3176 278 119 derniere;
500 3203 79 85 que

192 3291 261 98 Secours,
480 3315 40 68 ou

152 3412 239 122 hanger,
424 3413 131 102 toutes

1008 291 59 141 ses
1105 291 194 123 hardes
1347 314 136 95 étant
1561 306 38 103 en
1648 289 358 139 Lambeaux;
2045 318 19 107 et
2142 320 271 108 qu'ayant

1020 440 205 82 raconte
1295 434 104 96 son
1468 430 333 111 avanture,
1823 437 26 104 à
1870 430 302 107 L'occonoine
2240 434 104 98 qu'il
2414 421 142 89 avait

1012 554 189 102 trouve
1269 550 103 103 sur
1422 543 394 119 l'habitation,
1839 558 29 104 il
1924 548 183 114 l'avait
2155 566 88 91 prie
2316 527 269 113 d'envoyer

1033 680 126 105 voir,
1190 678 67 102 s'il
1330 699 35 92 ne
1396 694 208 92 pourait
1676 679 125 109 poirt
1874 687 125 90 avoir
2054 666 68 90 des
2170 669 273 95 nouvelles
2483 654 42 97 de
2556 654 60 92 son

1021 806 375 114 Camarade:
1443 798 209 121 qu'enfin
1725 802 167 111 ayant
1974 799 142 110 reprìs
2173 798 51 81 un
2272 801 68 79 peu
2380 785 59 85 ses
2496 780 175 116 forces,

1032 939 34 94 il
1111 929 137 102 avait
1318 925 145 97 Tache
1533 934 41 92 de
1628 928 263 106 regagner
1921 914 34 97 la
2016 910 106 93 ville
2184 927 41 74 ou
2280 920 25 79 il
2359 904 120 83 etait

1047 1047 257 97 arrivé.

1189 1189 248 129 Lecture
1522 1176 2 157 a
1554 1175 77 158 luy
1683 1172 119 160 faite
1876 1196 23 110 de
1940 1191 44 126 sa
2026 1168 205 149 présente
2273 1168 291 148 déposition

1058 1341 96 105 adit
1219 1340 163 119 qu'elle
1440 1355 205 98 contient
1744 1335 207 114 vérité,
1973 1344 28 105 et
2067 1353 94 91 qu'il
2237 1350 51 84 n'a
2364 1355 85 77 rien
2524 1353 1 78 a
2592 1352 1 81 y

1064 1500 2 89 y
1123 1493 240 93 ajouter;
1413 1499 46 88 n'y
1502 1496 1 76 a
1561 1474 350 101 retrancher:
1947 1483 31 83 et
2021 1475 16 82 à
2058 1467 157 105 signé
2274 1471 97 77 avec
2437 1466 135 86 nous

1054 1600 31 92 et
1130 1590 136 105 M.
1303 1587 172 133 Dulac
1529 1581 60 133 sou
1634 1579 317 133 Capitaine,
1977 1588 31 104 en
2053 1601 201 84 présence
2320 1591 30 114 de
2396 1599 68 102 qui
2529 1579 87 83 elle

1061 1731 64 90 été
1178 1731 193 84 faite.

1137 1842 142 134 Au
1329 1838 100 158 Cap
1479 1842 216 151 français
1779 1831 77 144 Isle
1907 1867 34 106 et
1982 1836 98 130 Cote
2132 1824 34 147 S^t
2207 1838 376 131 Domingue,
2614 1853 65 91 les

1071 2001 139 115 jour,
1251 2014 156 93 mois,
1432 2018 35 74 et
1526 1990 250 126 Anque
1818 1990 181 105 dessus
2092 1994 27 94 1.

1874 2116 193 107 Millin
2105 2121 36 109 de
2171 2111 367 111 Grandmaison

1253 2188 46 92 Le
1366 2169 270 108 chJulai
1693 2195 360 73 demonteriau

2088 2290 160 104 emon

1083 2534 123 107 Et
1252 2526 396 135 cejourd'huy,
1684 2530 104 125 qu'in
1834 2520 141 132 zieme
2040 2515 85 111 Jour
2181 2541 38 84 de
2256 2510 160 114 Mars
2490 2517 48 104 de
2574 2524 30 89 la

1109 2692 128 84 même
1299 2676 192 100 Annee
1581 2669 74 103 mil
1699 2688 92 98 sept
1818 2655 129 130 cent
1998 2652 239 132 soixante
2318 2681 137 97 cinq,
2490 2645 201 116 attendu

1103 2819 74 114 que
1218 2811 173 117 depues
1425 2807 39 110 le
1505 2805 84 125 Dix
1658 2821 208 110 fevrier,
1892 2827 36 74 on
1990 2821 55 103 n'a
2124 2797 109 120 plus
2294 2795 46 109 eû
2375 2792 37 112 de
2473 2800 252 98 nouvelles

1099 2955 44 114 du
1193 2943 208 120 nommé
1443 2942 389 119 Duchateau,
1857 2961 27 92 et
1926 2961 122 97 qu'on
2124 2954 36 102 ne
2202 2953 104 101 peut
2374 2934 105 118 plus
2520 2927 217 116 douter,

1109 3109 102 97 qu'il
1249 3115 86 86 soit
1412 3090 265 106 réellement
1753 3107 180 89 noyé;
1980 3083 163 114 Nous
2180 3081 343 111 Commissaire
2576 3076 95 113 des

1092 3252 201 105 Guerres
1345 3227 140 112 avons
1527 3227 158 95 dréssé
1727 3233 28 103 le
1788 3241 184 94 present
2023 3218 445 124 Procès-verbal,
2511 3238 123 104 pour

1096 3364 149 128 servir
1306 3393 0 89 a
1359 3363 252 124 constater
1688 3359 62 126 son
1793 3359 192 117 deceds;
2019 3362 97 110 dont
2186 3383 95 83 nous
2325 3380 139 85 avons
2508 3376 139 91 remis
