3232 4312
656 1009 61 140 36

1048 625 506 149 Extrait
1742 626 64 144 du
1889 634 305 149 Registre

1618 780 78 125 des
1773 781 449 124 Successions–

1031 1006 561 127 Aujourd'huyy
1652 1027 104 100 vingt
1816 1033 78 100 neuf
1946 1028 147 102 octobre
2162 1056 60 64 mil
2282 1020 113 115 sept
2447 1047 86 82 cent

1136 1115 137 79 quatre
1326 1112 107 82 vingt
1499 1111 95 86 huit
1659 1116 131 81 ayant
1856 1113 59 75 été
1957 1114 208 86 informé
2219 1119 65 79 que
2332 1120 30 72 le
2409 1124 131 78 nomé
2582 1122 83 79 jean

1117 1192 112 80 Gouy
1287 1192 59 77 fils
1393 1193 30 64 de
1494 1193 182 81 Jacques
1735 1193 124 86 Goury
1894 1194 24 72 et
1982 1194 24 63 de
2059 1194 159 79 lherese
2283 1194 182 80 Gortand
2512 1195 59 62 N^e

1138 1272 13 55 à
1210 1256 291 92 Brangnetot
1572 1261 26 66 en
1676 1252 226 96 Languedoe
1973 1252 65 91 l'an
2096 1252 117 91 1758,
2232 1256 175 87 fusilier
2465 1255 32 76 de
2536 1252 26 84 la

1122 1323 261 86 Compagnie
1474 1322 334 85 D'Escoublant
1869 1327 73 67 n°
1984 1327 0 82 4
2082 1346 36 48 au
2221 1324 201 84 bataillon
2482 1324 31 77 de
2555 1327 31 71 la

1123 1398 178 89 Guique
1364 1397 89 85 Etoit
1529 1410 83 65 mort
1682 1407 38 77 au
1790 1404 101 82 poste
1967 1399 254 91 D'oyapocs
2291 1418 32 53 ou
2380 1417 19 57 il
2450 1400 89 81 etoit

1133 1470 213 73 Détaché
1398 1470 32 73 le
1487 1470 62 73 25.
1612 1485 31 59 du
1721 1490 177 55 present
1965 1471 78 74 mois

1321 1585 220 102 Nous
1610 1615 178 74 quartier
1871 1600 131 90 maitre
2064 1607 165 84 tresoier
2298 1607 34 84 du
2380 1619 48 73 dit
2476 1601 172 92 bataillon

1147 1686 89 69 nous
1283 1681 166 72 somme
1515 1684 261 82 transportés
1829 1694 83 69 aux
1972 1691 226 82 cazernes
2249 1705 44 70 ou
2356 1698 79 78 son
2487 1704 121 77 coffre

1132 1748 106 91 avoit
1291 1746 73 89 été
1410 1748 186 94 Envoiyé
1642 1748 0 79 &
1715 1748 33 79 l'a
1820 1772 40 74 en
1920 1773 198 73 presence
2178 1761 26 72 de
2263 1753 101 83 MM
2454 1755 208 87 Dutragua

1129 1823 286 88 Lieutennants
1471 1832 355 84 Commandant
1888 1838 31 70 la
1981 1830 62 88 dite
2124 1830 280 91 Compagnie
2466 1832 0 83 &
2534 1841 32 71 de

1125 1902 83 66 tilly
1253 1904 175 68 ecrivain
1520 1907 221 71 ordinaire
1818 1909 46 71 des
1921 1911 216 75 Colonies,
2183 1930 113 59 pour
2347 1918 32 72 la
2445 1918 159 76 maladie

1118 1973 1 82 e
1196 1972 124 78 M^e
1378 1981 149 73 Boué
1592 1973 188 91 Ecrivain
1871 1985 234 91 principal
2168 1983 190 98 Chargé
2401 1997 35 77 de
2473 1992 27 89 la
2550 1993 113 92 police

1131 2058 37 58 du
1232 2043 247 86 Bataillon
1567 2065 88 60 nous
1702 2062 112 71 avons
1885 2069 177 66 procédé
2120 2064 1 64 a
2173 2055 271 86 l'inventaire
2496 2067 48 76 des

1118 2111 114 87 Effets
1296 2119 38 72 du
1391 2124 51 77 dit
1505 2115 127 93 Gony
1696 2120 196 86 Lesquels
1950 2144 69 66 ont
2096 2122 63 82 été
2216 2125 153 85 vendus
2426 2140 88 74 sur

1138 2182 36 82 Le
1253 2182 184 98 Champ
1530 2209 56 67 au
1611 2193 109 87 plus
1806 2191 230 99 offrant
2130 2200 35 90 Et
2258 2201 190 91 dernier

1130 2259 303 92 Encherisserir
1511 2266 174 84 Comme
1762 2267 90 80 suit

1728 2347 147 101 savoir

1376 2451 31 61 un
1467 2441 243 74 Sarreau..

1378 2533 52 64 une
1499 2524 155 81 Grande
1706 2527 149 81 culotte
1896 2528 252 77 .......
2286 2546 0 51 "
2470 2533 23 68 10

1372 2591 81 80 deux
1516 2591 144 75 Gillets
1699 2599 0 63 &
1779 2595 155 82 Culottes
1992 2596 28 76 de
2055 2599 110 70 coutie
2198 2604 52 68 ...
2279 2606 0 66 4

1371 2670 86 61 deux
1498 2676 77 56 idem
1647 2682 32 51 en
1761 2669 154 66 toille.

1366 2745 60 60 une
1496 2745 152 61 Culotte
1708 2745 79 62 idem
1873 2745 274 64 ..........

2270 2757 0 60 1

1369 2815 138 78 quatre
1585 2815 48 80 p^e
1687 2809 205 87 Guettres
1952 2809 276 84 blanches...
2276 2829 0 69 2

1381 2901 60 48 une
1510 2884 213 68 Chemise
1783 2902 74 51 ...

1374 2949 107 74 Trois
1558 2958 42 66 p^e
1666 2952 62 72 bas
1790 2953 20 71 de
1867 2951 318 74 fil.......

2272 2963 4 66 2

2466 2699 20 70 11

2478 2825 0 59 6

1367 3025 98 86 sept
1521 3023 86 79 Cols
1656 3031 31 72 de
1761 3025 480 85 basin.........
2272 3037 142 77 5.
2475 3041 0 63 6

1369 3111 58 70 une
1506 3107 126 76 brosse
1701 3114 0 59 &
1780 3113 32 60 un
1875 3113 147 64 bonnet
2091 3123 147 59 .....
2275 3123 0 60 "

1373 3175 59 71 une
1519 3178 45 70 p^a
1626 3180 176 72 souliers
1840 3185 1 67 &
1908 3187 64 67 une
2035 3189 29 67 pe
2113 3191 117 67 boncle
2273 3195 1 64 2
2453 3199 20 63 14

1367 3262 35 53 un
1506 3248 136 84 Coffre
1699 3268 0 57 .

1357 3313 35 96 En
1462 3319 302 96 Especes...

1866 3372 0 20 .

1098 3440 226 122 Fprinanf
1404 3483 76 79 une
1536 3463 159 102 somme
1751 3476 27 96 de
1826 3478 84 97 cent
1958 3496 126 82 vingt

1118 3540 105 94 trois
1272 3543 131 95 livres
1459 3561 105 81 huit
1645 3552 156 95 sols–

2273 3261 5 68 6

2238 3333 34 77 98

2195 3459 44 76 52

2450 3334 27 65 10
