2336 3680
429 1279 82 103 qune
551 1269 92 94 suite
698 1282 35 82 de
772 1262 25 96 Ce
845 1267 100 94 même
1000 1263 280 109 derangement
1351 1277 59 91 qui
1458 1247 17 93 le
1531 1254 132 90 mettroit
1702 1241 59 95 hon
1800 1240 26 91 du
1865 1237 51 96 Cas
1963 1236 76 119 d'être
2070 1254 66 100 juge

409 1411 136 81 Comme
603 1402 187 124 déserteur,
813 1423 19 97 je
863 1422 28 95 ne
922 1419 137 97 prevois
1091 1417 85 98 pas,
1225 1388 373 120 Monseigneur,
1635 1380 71 118 qu'il
1735 1375 55 80 soit
1829 1375 179 108 nécessaire

421 1541 214 100 douasioner
697 1555 59 81 une
801 1530 158 119 dépense
1021 1538 33 72 au
1093 1524 83 115 Roy
1230 1520 84 116 pour
1351 1515 20 118 le
1400 1514 91 119 faire
1529 1514 140 83 conduir
1731 1517 27 70 au
1796 1502 212 117 Régiment,
2047 1506 34 65 me

418 1668 233 96 soumettant
702 1673 41 100 au
763 1667 164 106 surplus
970 1672 2 66 a
1009 1653 87 111 touce
1124 1656 72 107 qu'il
1254 1645 133 111 plaira
1469 1658 2 69 a
1538 1636 110 109 Volre
1683 1633 209 113 Grandeur
1952 1638 163 74 ordonner

436 1833 1 60 a
477 1807 18 103 Ce
533 1805 139 118 sujet.

426 1922 36 99 La
501 1924 121 93 santé
653 1916 78 122 duS^r
769 1915 188 117 Marquis
998 1920 169 108 enseigne
1217 1908 26 87 de
1267 1913 18 94 la
1326 1905 203 118 quatrieme
1587 1898 219 119 Compagnie
1856 1891 93 120 étant
1982 1887 192 124 parfaitement

433 2111 171 57 nearae,
627 2111 1 59 p
735 2111 155 57 propo,
1061 2048 210 113 rogeur,
1308 2047 25 84 de
1355 2047 17 108 le
1394 2046 72 102 faise
1510 2042 119 112 passer
1665 2051 2 98 a
1696 2046 18 98 sa
1751 2039 134 111 trouppe
1929 2046 63 100 par
2022 2035 87 74 le–

433 2203 147 86 premier
608 2183 155 110 vaisseau
829 2198 56 87 qui
921 2176 131 109 partira
1111 2182 77 99 pour
1218 2169 23 87 la
1278 2170 262 101 louisianne,
1568 2160 55 113 jose
1666 2165 71 86 dont
1774 2154 176 113 supplier
1993 2154 56 81 tres

436 2306 265 98 humblement
743 2301 93 95 Votre
871 2297 213 106 Grandeur
1134 2310 24 71 de
1187 2301 121 84 vouloir
1358 2293 62 85 bien
1478 2289 122 90 donner
1636 2277 39 86 les
1696 2275 99 92 ordres
1832 2283 180 95 nécessaires
2049 2292 76 76 pour

445 2442 49 120 son
518 2436 164 131 passage
724 2444 29 99 et
785 2430 103 129 Celuy
912 2440 20 111 de
957 2445 100 107 vingt
1099 2422 128 125 soldats
1261 2436 56 110 que
1342 2439 20 106 je
1386 2414 119 127 destine
1538 2424 83 116 pour
1654 2406 199 131 Remplacer
1887 2405 75 113 cux
1995 2405 20 100 de
2048 2399 65 94 Cette

450 2567 213 111 Compagnie
709 2596 2 67 a
741 2593 48 79 qui
819 2561 25 91 le
874 2561 135 113 Congez
1055 2569 40 81 est
1141 2560 72 78 du.

461 2710 124 119 Jesuis
626 2721 75 81 avec
749 2719 35 96 un
823 2704 158 121 profond
1021 2709 149 109 Respect

941 2851 418 125 Monseigneur

456 3293 22 229 à
505 3284 216 236 Sorrefot
764 3275 38 237 le
828 3275 39 235 26
893 3281 103 227 aout
1039 3274 86 229 1717

1459 3033 45 101 De
1558 3016 128 114 volre
1730 3011 284 115 Grandeur

1707 3166 26 82 Le
1755 3163 62 84 tres
1851 3158 158 87 humble
2055 3173 26 69 et
2109 3171 62 70 tres

1726 3246 186 72 obeissant
1958 3238 181 77 serviteur

1747 3315 52 175 De
1831 3307 234 181 Karrer
