2193 3408
1152 382 743 115 Monsieur

1050 492 222 149 Ch^er
1385 490 107 149 De
1575 486 473 152 fleurieu,

825 658 425 110 Ministre
1357 665 67 103 de
1472 695 52 73 la
1613 667 433 101 Marine.

1148 1056 506 121 Temoire

1624 1234 4 101 t

666 1336 289 116 François
998 1337 157 125 henry
1225 1338 157 126 Volant
1444 1340 105 125 entré
1601 1340 36 120 au
1671 1342 132 127 seivge
1863 1376 96 95 dans

595 1460 45 98 les
677 1454 164 108 Troupes
885 1461 22 93 de
952 1455 31 89 S^t
1034 1456 252 109 Domingue,
1316 1482 30 82 en
1390 1462 149 99 qualité
1591 1461 30 99 de
1665 1461 149 98 soldat
1873 1497 30 65 en
1948 1475 119 81 1748.

608 1580 0 63 y
649 1578 0 61 a
689 1579 64 59 recu
806 1563 46 77 des
881 1563 174 80 blessures
1096 1572 122 74 graves
1265 1585 58 62 qui
1363 1584 140 60 avoient
1561 1562 58 82 été
1671 1583 116 59 jugées
1828 1562 215 83 incurables

592 1639 162 86 suivant
800 1639 45 87 les
878 1643 214 86 Certificals
1137 1641 52 92 des
1235 1641 233 94 Chirurgiens
1527 1643 78 91 dont
1650 1670 19 67 il
1715 1671 0 63 a
1767 1645 162 92 justifié
1981 1650 0 77 a

591 1732 76 74 son
702 1730 110 83 retour
853 1755 29 60 eu
934 1738 151 69 france,
1120 1734 87 77 dans
1236 1739 24 74 le
1300 1743 152 76 courant
1515 1736 30 75 de
1574 1736 151 84 l'année
1789 1742 139 70 1753.

705 1820 0 65 A
777 1820 65 75 cette
894 1836 157 68 époque,
1084 1829 26 72 et
1163 1833 26 62 en
1228 1811 281 92 considération
1575 1813 98 89 desd.
1706 1815 209 89 blessures

586 1887 47 97 sa
700 1887 227 97 Majesté
974 1891 40 93 lui
1061 1918 0 66 a
1107 1889 154 95 accordé
1301 1897 40 87 sa
1401 1895 101 89 demie
1548 1891 121 93 solde
1715 1897 67 87 sur
1822 1897 47 87 les
1916 1891 114 93 fonds

592 1995 54 70 des
689 2004 197 63 jnvalides
940 1997 26 70 de
998 2002 27 66 la
1078 1993 198 76 Marine
1356 2010 16 59 à
1404 2002 139 69 raison
1602 1993 27 75 de
1698 2002 38 61 7^l.
1762 2003 43 60 10^
1864 2007 112 62 par

609 2084 97 58 mois.
758 2062 34 90 Le
843 2059 156 92 Brevet
1057 2061 32 85 de
1122 2087 19 67 ce
1180 2067 215 89 traitement
1453 2065 40 93 est
1537 2067 33 81 du
1628 2081 39 75 23
1719 2069 130 90 fevrier
1895 2075 124 79 1755.

592 2160 22 70 et
647 2152 21 78 le
701 2152 202 78 payement
958 2176 0 54 a
1013 2164 191 66 commencé
1264 2174 39 56 du
1346 2162 159 68 premier
1554 2158 164 77 Juillet
1789 2170 98 69 1753
1931 2177 33 57 la

588 2242 96 68 Copie
742 2255 86 55 dud.
867 2241 159 70 Brevet
1074 2255 33 57 est
1146 2243 183 70 cijoinste.

758 2340 80 62 La
904 2309 168 99 Jenesse
1125 2315 33 93 du
1185 2316 54 91 S.
1298 2314 181 93 Volant,
1505 2313 33 93 de
1578 2315 133 91 grands
1758 2317 114 88 Soins
1918 2349 20 56 et
1978 2322 47 82 les

585 2406 80 81 laux
732 2406 29 78 de
818 2408 164 83 Barege
1028 2434 51 55 lui
1130 2421 233 71 procurerent
1425 2426 108 69 assez
1590 2417 278 76 promplement
1925 2444 68 53 une

596 2509 157 70 guerison
809 2508 94 60 aussi
941 2495 169 80 radicale
1173 2508 326 78 qu'inesperée;
1555 2518 51 54 des
1637 2512 25 78 le
1718 2499 26 84 5.
1781 2499 132 83 Avril

597 2565 32 87 de
658 2565 26 87 la
738 2588 93 63 même
886 2588 110 63 année
1052 2571 136 89 1754.
1211 2579 69 74 son
1328 2574 240 85 inclination
1648 2580 179 85 naturelle
1887 2582 26 85 le
1943 2582 44 86 fit

588 2663 123 80 rentrer
764 2682 41 60 au
858 2653 143 88 service
1067 2686 96 59 dans
1201 2666 16 85 le
1270 2659 222 97 Régiment
1560 2665 129 89 Suisse
1755 2665 258 97 d'hallesville

593 2766 45 62 où
678 2759 25 69 il
748 2756 41 72 est
834 2756 90 71 resté
964 2762 125 65 quatre
1150 2770 145 56 ans.

701 2839 0 81 A
792 2833 27 94 la
865 2832 170 95 reforme
1094 2832 33 94 de
1166 2862 20 64 ce
1232 2851 137 75 Corps,
1396 2838 19 88 il
1461 2843 92 83 entra
1625 2836 33 90 de
1704 2847 98 79 suite
1887 2848 105 77 dans

581 2920 86 107 celui
727 2920 300 126 d'Infauterie
1104 2921 206 114 française
1379 2923 25 100 de
1456 2925 206 102 Brissac
1730 2955 95 77 avec
1867 2929 138 121 lequel
