2816 3136
558 214 307 120 Interrogé
930 221 35 106 sil
1024 225 9 83 à
1066 235 169 97 emporté
1295 227 67 88 L'un
1404 238 102 84 forme
1573 231 26 83 de
1616 234 25 75 la
1666 246 152 80 troupe.

599 342 1 60 A
679 334 47 74 dit
801 342 69 69 qu'il
932 332 35 78 n'a
1007 334 167 75 emporté
1220 333 97 78 qu'un
1363 330 104 77 sacq,
1512 331 52 72 une
1605 335 178 71 paise–

577 425 43 83 de
644 428 171 72 suulliers,
851 427 25 60 Et
924 425 49 83 vue
1010 427 91 78 paire
1150 429 42 71 de
1241 419 164 84 Guesten,
1448 423 55 78 qui
1564 417 54 88 luy

587 504 95 65 avoit
729 510 66 53 esté
857 507 118 64 donné
1027 519 109 50 avant
1193 507 57 62 que
1283 503 42 70 de
1354 505 180 68 partir.

609 595 266 98 Interrogé
937 585 204 97 Combien
1195 588 29 93 Il
1271 608 1 66 y
1306 610 1 48 a
1341 601 50 60 de
1432 596 77 77 teme
1578 595 85 82 qu'il
1717 599 43 52 est

582 693 87 95 forty
706 693 35 92 de
778 711 120 71 Genere
955 698 100 79 pour
1099 685 100 69 entrer
1245 678 26 78 En
1310 677 157 91 france.

596 788 3 63 A
688 777 61 74 dit
821 785 67 73 quil
958 793 3 52 y
998 797 1 42 a
1037 771 140 89 Envron
1215 764 34 72 En
1281 763 172 87 france.–

627 878 274 101 Interrogé
963 887 123 90 quelle
1128 879 166 94 Conduitte
1350 871 23 97 Il
1421 887 1 62 y
1457 888 1 48 a
1500 875 72 68 tenû
1622 863 94 77 dans

600 972 57 64 les
702 972 141 66 endruits
902 977 27 68 ou
977 973 27 72 Il
1047 981 0 50 a
1073 968 107 69 esté.
1207 968 27 61 Et
1266 975 59 68 chez
1357 983 48 60 qui
1453 967 22 66 Il
1502 978 0 42 a
1528 971 193 60 demeuré.

637 1058 0 65 A
715 1056 64 70 dit
844 1061 65 78 quil
954 1059 45 67 est
1064 1054 104 69 venû
1213 1069 6 40 à
1252 1057 142 85 Paris
1440 1049 32 93 Il
1517 1051 0 83 y
1550 1059 0 59 a
1614 1054 39 87 un
1692 1066 110 75 an–

569 1156 36 74 ne
632 1156 82 76 peut
770 1159 70 72 nous
874 1150 83 75 dire
1006 1144 20 76 la
1064 1147 162 81 Conduitte
1284 1142 69 76 qu'il
1410 1151 12 47 à
1457 1141 115 72 tenüe,
1635 1141 63 83 ny

594 1223 53 55 Les
687 1221 134 75 endrits
874 1234 23 70 ou
949 1223 23 70 Il
1002 1234 0 52 a
1054 1220 151 64 demené
1246 1236 0 47 a
1281 1222 169 71 Paris,

604 1309 277 103 Interrogé
932 1304 37 94 sil
1004 1324 2 57 a
1033 1306 76 94 esté
1149 1310 128 91 repris
1325 1309 25 90 de
1376 1291 125 79 justice

616 1425 3 53 A
701 1413 55 61 dit
832 1419 61 61 que
927 1409 109 64 non.

595 1493 260 90 Interrogé
914 1486 47 85 sil
1007 1494 67 73 adit
1113 1484 28 82 la
1186 1492 128 75 Verité

647 1580 0 67 a
703 1571 61 74 dit
826 1597 56 54 que
921 1600 84 44 ouÿ.

593 1655 213 109 Lectuze
879 1676 115 80 Entiue
1050 1690 2 80 a
1083 1663 42 107 luy
1173 1648 123 100 faite
1352 1665 34 101 du
1410 1679 237 84 present

553 1770 342 86 Interrogatoire,
934 1781 1 48 a
967 1766 47 81 dit
1065 1785 54 73 que
1150 1764 47 77 sus
1249 1781 166 76 reparent
1465 1759 244 93 Contiennent

547 1860 160 84 Verité,
749 1858 72 83 qu'il
886 1873 0 69 y
934 1862 220 80 persiste,
1190 1853 18 60 et
1243 1866 0 59 a
1279 1852 179 70 declavé
1511 1856 30 79 ne
1583 1848 148 82 scavoir

572 1933 175 114 Ecrive,
793 1953 111 94 signé
959 1934 308 92 Darmancouss
1354 1933 39 88 Ce
1440 1933 63 114 le
1535 1933 181 114 Roy.

577 2095 211 105 homme
864 2104 80 101 Trés
989 2095 187 110 suspect,
1222 2130 31 65 ne
1307 2123 148 79 voulant
1556 2133 77 64 nous

589 2200 55 97 dire
702 2202 121 107 Rieu,
852 2206 39 101 sur
934 2210 84 82 toute
1069 2216 39 76 les
1144 2214 159 103 quetions
1353 2232 61 74 que
1466 2229 98 70 noms
1653 2214 76 105 luy

574 2304 113 49 avons
731 2307 236 58 demanté.

2250 418 211 111 Pierre
2531 458 0 69 M

2277 531 100 80 Natif
2417 531 30 76 de
2487 534 122 81 Genere

2268 608 32 75 S.
2331 608 112 90 pieds,
2480 608 124 92 5poucee

2285 681 159 85 Beaucoup
2507 699 112 63 marique

2269 749 143 85 barbe,
2445 757 161 82 souvcile,

2273 834 100 85 point
2432 840 35 58 de
2491 835 121 81 Cheve

2263 902 48 100 sa
2361 914 229 120 taille※.

1867 426 27 75 au
1932 423 71 74 moins
2041 423 28 79 36
2112 431 82 72 ans.
