2336 3384
597 381 87 151 par
754 382 35 113 le
870 372 265 152 Certifficat
1217 377 66 138 Cy
1353 366 129 137 Joint
1563 367 35 110 de
1637 349 129 125 M^r
1804 342 225 156 Dufour,

582 580 241 121 Capitaine
904 554 391 138 d'Infanterie,
1339 568 112 115 ayde
1542 564 140 113 major
1755 535 214 102 chargé

594 724 43 101 du
706 721 162 108 détail
943 715 45 98 du
1046 710 301 128 Régiment
1423 724 44 77 du
1534 710 131 117 Cap,
1731 712 112 112 pris

599 889 34 131 le
676 894 158 126 party
905 885 44 127 de
992 874 156 132 servir
1231 868 51 102 sa
1345 861 281 135 Majesté
1692 873 117 112 dans
1865 848 68 120 ses

607 1070 186 106 troupes
854 1059 66 94 des
982 1050 322 104 Colonies.
1375 1071 26 90 ce
1430 1041 170 118 soldat
1678 1032 266 104 désirant

609 1254 129 97 avoir
800 1251 92 94 près
980 1230 48 92 de
1062 1210 85 119 luy
1198 1208 48 129 la
1298 1203 256 132 supliante
1643 1193 83 112 son
1788 1197 192 124 epousé

609 1398 31 93 et
710 1390 77 130 une
829 1387 122 130 petite
1012 1376 121 137 fille
1214 1381 156 126 quelle
1441 1394 2 71 a
1532 1394 94 106 agée
1698 1378 28 72 de
1789 1357 47 91 6.
1862 1353 138 98 Ans

610 1554 35 99 de
693 1551 77 101 leur
834 1564 264 98 mariage;
1147 1573 108 71 mais
1303 1537 67 100 elle
1427 1559 26 95 ne
1493 1545 142 107 peut,
1674 1552 75 86 par
1814 1526 215 120 rapport

633 1759 3 73 a
700 1717 369 128 l'Indigeance
1177 1712 113 99 dans
1347 1700 267 123 laquelle
1663 1690 70 102 elle
1799 1683 196 109 est,–

625 1892 290 120 satisfaire
1010 1901 43 76 au
1116 1908 117 67 desir
1304 1881 125 111 qu'à
1491 1867 93 93 son
1648 1882 124 99 mary
1843 1863 59 77 de

636 2055 41 122 la
733 2047 284 128 posseder.
1119 2037 145 108 C'est
1340 2042 265 110 pourquoy
1656 2023 81 93 elle
1805 2045 19 55 à
1875 2031 186 86 recours

643 2246 3 71 a
711 2243 72 78 vos
824 2207 170 101 bontés
1060 2192 592 110 Monseigneur,
1689 2209 99 77 pour
1840 2196 84 87 que

643 2394 104 82 vous
816 2382 220 88 daignés
1099 2370 81 90 luy
1255 2363 202 91 accorder
1527 2356 92 89 son
1677 2358 236 82 passage

636 2579 111 120 pour
785 2550 38 132 le
892 2538 114 158 Cap
1139 2551 123 120 ainsi
1323 2547 78 111 que
1452 2525 131 137 celuy
1634 2532 46 127 de
1720 2513 56 153 sa
1816 2506 164 158 petité

629 2690 246 180 fille.
