<?xml version="1.0" encoding="UTF-8"?>
<alto xmlns:xsi="http://www.w3.org/2001/XMLSchema-instance"
    xmlns="http://www.loc.gov/standards/alto/ns-v4#"
    xsi:schemaLocation="http://www.loc.gov/standards/alto/ns-v4# http://www.loc.gov/standards/alto/v4/alto-4-3.xsd">
    <Description>
        <MeasurementUnit>pixel</MeasurementUnit>
        <sourceImageInformation>
            <fileName>images3/anom_col_e_soldats_2/FRCAOM06_COLE_241235A_0561_fonduegdmegvv2.jpg</fileName>
        </sourceImageInformation>
        <Processing ID="OCR_e95af2d5-7fb1-4994-9fa4-411a162b7594">
            <processingCategory>contentGeneration</processingCategory>
            <processingStepDescription>Text line recognition</processingStepDescription>
            <processingStepSettings>text_direction: horizontal-tb; models: fondue_gd_megv_v2.mlmodel; pad: 16; bidi_reordering: True</processingStepSettings>
            <processingSoftware>
                <softwareName>kraken</softwareName>
                <softwareVersion>5.3.0</softwareVersion>
            </processingSoftware>
        </Processing>
    </Description>
    <Tags>
        <OtherTag DESCRIPTION="line type" ID="LINE_TYPE_1" TYPE="type" LABEL="default"/>
        <OtherTag DESCRIPTION="region type" ID="REGION_TYPE_1" TYPE="region" LABEL="MainZone"/>
    </Tags>
    <Layout>
        <Page WIDTH="3232" HEIGHT="4312" PHYSICAL_IMG_NR="0" ID="page_0">
            <PrintSpace HPOS="0" VPOS="0" WIDTH="3232" HEIGHT="4312">
                <TextBlock ID="f48959ae-c0e4-432a-8cbd-7d260b5a8b01" HPOS="959.0" VPOS="504.0" WIDTH="1757.0" HEIGHT="2698.0" TAGREFS="REGION_TYPE_1">
<Shape>
                        <Polygon POINTS="959.0 504.0 2716.0 504.0 2716.0 3202.0 959.0 3202.0 959.0 504.0"/>
                    </Shape>
                    <TextLine ID="1fcf5d39-cae6-4c66-b665-36ea5e123845" HPOS="2369.0" VPOS="596.0" WIDTH="264.0" HEIGHT="72.0" BASELINE="2371.0 651.0 2633.0 644.0" TAGREFS="LINE_TYPE_1">
                        <Shape>
                            <Polygon POINTS="2371.0 651.0 2371.0 668.0 2633.0 663.0 2633.0 644.0 2625.0 596.0 2537.0 613.0 2369.0 603.0 2371.0 651.0"/>
                        </Shape>
                        <String ID="segment_0" CONTENT="ded" HPOS="2412" VPOS="604" WIDTH="173" HEIGHT="63" WC="0.9974">
                            <Shape>
                                <Polygon POINTS="2412 606 2413 667 2585 664 2584 604"/>
                            </Shape>
                            <Glyph ID="char_0" CONTENT="d" HPOS="2412" VPOS="606" WIDTH="1" HEIGHT="61" GC="0.9985">
                                <Shape>
                                    <Polygon POINTS="2412 606 2413 667 2413 667 2412 606"/>
                                </Shape>
                            </Glyph>
                            <Glyph ID="char_1" CONTENT="e" HPOS="2519" VPOS="612" WIDTH="1" HEIGHT="53" GC="0.9973">
                                <Shape>
                                    <Polygon POINTS="2519 612 2520 665 2520 665 2519 612"/>
                                </Shape>
                            </Glyph>
                            <Glyph ID="char_2" CONTENT="d" HPOS="2584" VPOS="604" WIDTH="1" HEIGHT="60" GC="0.9964">
                                <Shape>
                                    <Polygon POINTS="2584 604 2585 664 2585 664 2584 604"/>
                                </Shape>
                            </Glyph>
                        </String>
                    </TextLine>

                    <TextLine ID="bb77def0-c0a3-49a8-99d8-12134cefb563" HPOS="1504.0" VPOS="596.0" WIDTH="1088.0" HEIGHT="199.0" BASELINE="1506.0 728.0 2592.0 730.0" TAGREFS="LINE_TYPE_1">
                        <Shape>
                            <Polygon POINTS="1506.0 728.0 1504.0 747.0 1593.0 745.0 1624.0 764.0 1626.0 764.0 1629.0 764.0 1631.0 764.0 1633.0 764.0 1636.0 764.0 1636.0 761.0 1655.0 745.0 1705.0 745.0 1753.0 764.0 1756.0 764.0 1758.0 764.0 1818.0 754.0 1861.0 776.0 1863.0 776.0 1866.0 776.0 1868.0 776.0 1871.0 776.0 1904.0 752.0 1940.0 756.0 1976.0 790.0 1976.0 792.0 1978.0 792.0 1981.0 792.0 1983.0 795.0 2165.0 795.0 2165.0 792.0 2168.0 792.0 2170.0 792.0 2170.0 790.0 2192.0 771.0 2321.0 792.0 2323.0 792.0 2326.0 792.0 2410.0 754.0 2589.0 752.0 2592.0 730.0 2589.0 685.0 2522.0 685.0 2486.0 658.0 2484.0 658.0 2482.0 658.0 2479.0 658.0 2477.0 658.0 2474.0 658.0 2438.0 682.0 2254.0 682.0 2139.0 596.0 2137.0 596.0 2134.0 596.0 2132.0 596.0 2077.0 608.0 2062.0 596.0 2060.0 596.0 2058.0 596.0 1842.0 596.0 1840.0 596.0 1837.0 596.0 1835.0 596.0 1748.0 663.0 1689.0 639.0 1686.0 639.0 1684.0 639.0 1681.0 639.0 1653.0 649.0 1617.0 622.0 1614.0 622.0 1612.0 622.0 1610.0 622.0 1607.0 622.0 1605.0 622.0 1605.0 625.0 1542.0 682.0 1506.0 682.0 1506.0 728.0"/>
                        </Shape>
                        <String ID="segment_1" CONTENT="De" HPOS="1547" VPOS="622" WIDTH="67" HEIGHT="136" WC="0.9991">
                            <Shape>
                                <Polygon POINTS="1547 677 1547 746 1614 758 1614 622"/>
                            </Shape>
                            <Glyph ID="char_3" CONTENT="D" HPOS="1547" VPOS="677" WIDTH="0" HEIGHT="69" GC="1.0">
                                <Shape>
                                    <Polygon POINTS="1547 677 1547 746 1547 746 1547 677"/>
                                </Shape>
                            </Glyph>
                            <Glyph ID="char_4" CONTENT="e" HPOS="1614" VPOS="622" WIDTH="0" HEIGHT="136" GC="0.9982">
                                <Shape>
                                    <Polygon POINTS="1614 622 1614 758 1614 758 1614 622"/>
                                </Shape>
                            </Glyph>
                        </String>
                        <SP ID="segment_2" HPOS="1694"  VPOS="641" WIDTH="14"  HEIGHT="105"/>
                        <String ID="segment_3" CONTENT="Lautre" HPOS="1748" VPOS="596" WIDTH="255" HEIGHT="199" WC="0.9502">
                            <Shape>
                                <Polygon POINTS="1748 663 1748 762 2003 795 2003 596"/>
                            </Shape>
                            <Glyph ID="char_6" CONTENT="L" HPOS="1748" VPOS="663" WIDTH="0" HEIGHT="99" GC="0.9998">
                                <Shape>
                                    <Polygon POINTS="1748 663 1748 762 1748 762 1748 663"/>
                                </Shape>
                            </Glyph>
                            <Glyph ID="char_7" CONTENT="a" HPOS="1856" VPOS="596" WIDTH="0" HEIGHT="177" GC="0.9936">
                                <Shape>
                                    <Polygon POINTS="1856 596 1856 773 1856 773 1856 596"/>
                                </Shape>
                            </Glyph>
                            <Glyph ID="char_8" CONTENT="u" HPOS="1896" VPOS="596" WIDTH="0" HEIGHT="162" GC="0.9827">
                                <Shape>
                                    <Polygon POINTS="1896 596 1896 758 1896 758 1896 596"/>
                                </Shape>
                            </Glyph>
                            <Glyph ID="char_9" CONTENT="t" HPOS="1936" VPOS="596" WIDTH="0" HEIGHT="160" GC="0.8071">
                                <Shape>
                                    <Polygon POINTS="1936 596 1936 756 1936 756 1936 596"/>
                                </Shape>
                            </Glyph>
                            <Glyph ID="char_10" CONTENT="r" HPOS="1963" VPOS="596" WIDTH="14" HEIGHT="196" GC="0.9585">
                                <Shape>
                                    <Polygon POINTS="1963 596 1963 778 1977 792 1977 596"/>
                                </Shape>
                            </Glyph>
                            <Glyph ID="char_11" CONTENT="e" HPOS="1990" VPOS="596" WIDTH="13" HEIGHT="199" GC="0.9594">
                                <Shape>
                                    <Polygon POINTS="1990 596 1990 795 2003 795 2003 596"/>
                                </Shape>
                            </Glyph>
                        </String>
                        <SP ID="segment_4" HPOS="2030"  VPOS="596" WIDTH="14"  HEIGHT="199"/>
                        <String ID="segment_5" CONTENT="Part," HPOS="2057" VPOS="596" WIDTH="188" HEIGHT="199" WC="0.7806">
                            <Shape>
                                <Polygon POINTS="2057 596 2057 795 2245 780 2245 675"/>
                            </Shape>
                            <Glyph ID="char_13" CONTENT="P" HPOS="2057" VPOS="596" WIDTH="0" HEIGHT="199" GC="0.9431">
                                <Shape>
                                    <Polygon POINTS="2057 596 2057 795 2057 795 2057 596"/>
                                </Shape>
                            </Glyph>
                            <Glyph ID="char_14" CONTENT="a" HPOS="2124" VPOS="598" WIDTH="0" HEIGHT="197" GC="0.6238">
                                <Shape>
                                    <Polygon POINTS="2124 598 2124 795 2124 795 2124 598"/>
                                </Shape>
                            </Glyph>
                            <Glyph ID="char_15" CONTENT="r" HPOS="2165" VPOS="616" WIDTH="0" HEIGHT="179" GC="0.9866">
                                <Shape>
                                    <Polygon POINTS="2165 616 2165 795 2165 795 2165 616"/>
                                </Shape>
                            </Glyph>
                            <Glyph ID="char_16" CONTENT="t" HPOS="2192" VPOS="636" WIDTH="0" HEIGHT="135" GC="0.4417">
                                <Shape>
                                    <Polygon POINTS="2192 636 2192 771 2192 771 2192 636"/>
                                </Shape>
                            </Glyph>
                            <Glyph ID="char_17" CONTENT="," HPOS="2245" VPOS="675" WIDTH="0" HEIGHT="105" GC="0.9078">
                                <Shape>
                                    <Polygon POINTS="2245 675 2245 780 2245 780 2245 675"/>
                                </Shape>
                            </Glyph>
                        </String>
                        <SP ID="segment_6" HPOS="2339"  VPOS="682" WIDTH="0"  HEIGHT="104"/>
                        <String ID="segment_7" CONTENT="9.2." HPOS="2380" VPOS="658" WIDTH="188" HEIGHT="110" WC="0.7847">
                            <Shape>
                                <Polygon POINTS="2380 682 2380 768 2568 752 2568 685"/>
                            </Shape>
                            <Glyph ID="char_19" CONTENT="9" HPOS="2380" VPOS="682" WIDTH="0" HEIGHT="86" GC="0.8257">
                                <Shape>
                                    <Polygon POINTS="2380 682 2380 768 2380 768 2380 682"/>
                                </Shape>
                            </Glyph>
                            <Glyph ID="char_20" CONTENT="." HPOS="2407" VPOS="682" WIDTH="0" HEIGHT="73" GC="0.9968">
                                <Shape>
                                    <Polygon POINTS="2407 682 2407 755 2407 755 2407 682"/>
                                </Shape>
                            </Glyph>
                            <Glyph ID="char_21" CONTENT="2" HPOS="2474" VPOS="658" WIDTH="0" HEIGHT="95" GC="0.9995">
                                <Shape>
                                    <Polygon POINTS="2474 658 2474 753 2474 753 2474 658"/>
                                </Shape>
                            </Glyph>
                            <Glyph ID="char_22" CONTENT="." HPOS="2568" VPOS="685" WIDTH="0" HEIGHT="67" GC="0.3168">
                                <Shape>
                                    <Polygon POINTS="2568 685 2568 752 2568 752 2568 685"/>
                                </Shape>
                            </Glyph>
                        </String>
                    </TextLine>

                    <TextLine ID="e33572b2-464a-40d5-b29e-b523790f38dd" HPOS="1193.0" VPOS="776.0" WIDTH="520.0" HEIGHT="134.0" BASELINE="1195.0 879.0 1332.0 864.0 1713.0 860.0" TAGREFS="LINE_TYPE_1">
                        <Shape>
                            <Polygon POINTS="1195.0 879.0 1195.0 905.0 1276.0 910.0 1279.0 910.0 1281.0 910.0 1284.0 910.0 1284.0 907.0 1310.0 886.0 1403.0 898.0 1406.0 898.0 1492.0 886.0 1588.0 903.0 1590.0 903.0 1713.0 876.0 1713.0 860.0 1708.0 804.0 1607.0 804.0 1578.0 778.0 1578.0 776.0 1576.0 776.0 1574.0 776.0 1571.0 776.0 1569.0 776.0 1495.0 804.0 1418.0 778.0 1415.0 778.0 1413.0 778.0 1411.0 778.0 1351.0 804.0 1296.0 776.0 1293.0 776.0 1291.0 776.0 1231.0 778.0 1229.0 778.0 1226.0 778.0 1193.0 797.0 1195.0 879.0"/>
                        </Shape>
                        <String ID="segment_8" CONTENT="Uue" HPOS="1204" VPOS="776" WIDTH="87" HEIGHT="133" WC="0.9955">
                            <Shape>
                                <Polygon POINTS="1204 790 1217 906 1291 901 1277 776"/>
                            </Shape>
                            <Glyph ID="char_23" CONTENT="U" HPOS="1204" VPOS="790" WIDTH="13" HEIGHT="116" GC="1.0">
                                <Shape>
                                    <Polygon POINTS="1204 790 1217 906 1217 906 1204 790"/>
                                </Shape>
                            </Glyph>
                            <Glyph ID="char_24" CONTENT="u" HPOS="1249" VPOS="777" WIDTH="15" HEIGHT="132" GC="0.9871">
                                <Shape>
                                    <Polygon POINTS="1249 777 1264 909 1264 909 1249 777"/>
                                </Shape>
                            </Glyph>
                            <Glyph ID="char_25" CONTENT="e" HPOS="1277" VPOS="776" WIDTH="14" HEIGHT="125" GC="0.9994">
                                <Shape>
                                    <Polygon POINTS="1277 776 1291 901 1291 901 1277 776"/>
                                </Shape>
                            </Glyph>
                        </String>
                        <SP ID="segment_9" HPOS="1333"  VPOS="795" WIDTH="10"  HEIGHT="95"/>
                        <String ID="segment_10" CONTENT="Cutote" HPOS="1352" VPOS="780" WIDTH="149" HEIGHT="118" WC="0.9616">
                            <Shape>
                                <Polygon POINTS="1352 804 1352 891 1501 888 1501 802"/>
                            </Shape>
                            <Glyph ID="char_27" CONTENT="C" HPOS="1352" VPOS="804" WIDTH="0" HEIGHT="87" GC="0.9813">
                                <Shape>
                                    <Polygon POINTS="1352 804 1352 891 1352 891 1352 804"/>
                                </Shape>
                            </Glyph>
                            <Glyph ID="char_28" CONTENT="u" HPOS="1407" VPOS="780" WIDTH="2" HEIGHT="118" GC="0.8638">
                                <Shape>
                                    <Polygon POINTS="1407 780 1409 898 1409 898 1407 780"/>
                                </Shape>
                            </Glyph>
                            <Glyph ID="char_29" CONTENT="t" HPOS="1435" VPOS="784" WIDTH="1" HEIGHT="110" GC="0.9295">
                                <Shape>
                                    <Polygon POINTS="1435 784 1436 894 1436 894 1435 784"/>
                                </Shape>
                            </Glyph>
                            <Glyph ID="char_30" CONTENT="o" HPOS="1454" VPOS="790" WIDTH="1" HEIGHT="101" GC="0.9983">
                                <Shape>
                                    <Polygon POINTS="1454 790 1455 891 1455 891 1454 790"/>
                                </Shape>
                            </Glyph>
                            <Glyph ID="char_31" CONTENT="t" HPOS="1482" VPOS="799" WIDTH="0" HEIGHT="88" GC="1.0">
                                <Shape>
                                    <Polygon POINTS="1482 799 1482 887 1482 887 1482 799"/>
                                </Shape>
                            </Glyph>
                            <Glyph ID="char_32" CONTENT="e" HPOS="1501" VPOS="802" WIDTH="0" HEIGHT="86" GC="0.9964">
                                <Shape>
                                    <Polygon POINTS="1501 802 1501 888 1501 888 1501 802"/>
                                </Shape>
                            </Glyph>
                        </String>
                        <SP ID="segment_11" HPOS="1537"  VPOS="788" WIDTH="2"  HEIGHT="106"/>
                        <String ID="segment_12" CONTENT="idem" HPOS="1547" VPOS="776" WIDTH="94" HEIGHT="125" WC="0.9652">
                            <Shape>
                                <Polygon POINTS="1547 784 1549 896 1641 892 1641 804"/>
                            </Shape>
                            <Glyph ID="char_34" CONTENT="i" HPOS="1547" VPOS="781" WIDTH="11" HEIGHT="117" GC="0.9882">
                                <Shape>
                                    <Polygon POINTS="1547 784 1549 896 1558 898 1556 781"/>
                                </Shape>
                            </Glyph>
                            <Glyph ID="char_35" CONTENT="d" HPOS="1574" VPOS="776" WIDTH="2" HEIGHT="125" GC="0.9961">
                                <Shape>
                                    <Polygon POINTS="1574 776 1576 901 1576 901 1574 776"/>
                                </Shape>
                            </Glyph>
                            <Glyph ID="char_36" CONTENT="e" HPOS="1603" VPOS="800" WIDTH="1" HEIGHT="100" GC="0.8776">
                                <Shape>
                                    <Polygon POINTS="1603 800 1604 900 1604 900 1603 800"/>
                                </Shape>
                            </Glyph>
                            <Glyph ID="char_37" CONTENT="m" HPOS="1641" VPOS="804" WIDTH="0" HEIGHT="88" GC="0.9989">
                                <Shape>
                                    <Polygon POINTS="1641 804 1641 892 1641 892 1641 804"/>
                                </Shape>
                            </Glyph>
                        </String>
                    </TextLine>

                    <TextLine ID="dd8deed8-4012-4862-974f-d122eefeb839" HPOS="1916.0" VPOS="740.0" WIDTH="12.0" HEIGHT="96.0" BASELINE="1916.0 807.0 1928.0 807.0" TAGREFS="LINE_TYPE_1">
                        <Shape>
                            <Polygon POINTS="1916.0 807.0 1916.0 833.0 1926.0 836.0 1928.0 807.0 1928.0 742.0 1916.0 740.0 1916.0 807.0"/>
                        </Shape>
                        <String CONTENT=""/>
                    </TextLine>

                    <TextLine ID="5091cff4-8a8e-4ba3-98c4-b25fdbe54670" HPOS="2345.0" VPOS="800.0" WIDTH="237.0" HEIGHT="86.0" BASELINE="2347.0 852.0 2582.0 855.0" TAGREFS="LINE_TYPE_1">
                        <Shape>
                            <Polygon POINTS="2347.0 852.0 2345.0 869.0 2577.0 886.0 2582.0 855.0 2582.0 821.0 2525.0 800.0 2522.0 800.0 2472.0 800.0 2470.0 800.0 2467.0 800.0 2465.0 800.0 2465.0 802.0 2443.0 821.0 2347.0 819.0 2347.0 852.0"/>
                        </Shape>
                        <String ID="segment_13" CONTENT="&#34;" HPOS="2394" VPOS="820" WIDTH="0" HEIGHT="53" WC="0.9914">
                            <Shape>
                                <Polygon POINTS="2394 820 2394 873 2394 873 2394 820"/>
                            </Shape>
                            <Glyph ID="char_38" CONTENT="&#34;" HPOS="2394" VPOS="820" WIDTH="0" HEIGHT="53" GC="0.9914">
                                <Shape>
                                    <Polygon POINTS="2394 820 2394 873 2394 873 2394 820"/>
                                </Shape>
                            </Glyph>
                        </String>
                        <SP ID="segment_14" HPOS="2463"  VPOS="803" WIDTH="1"  HEIGHT="75"/>
                        <String ID="segment_15" CONTENT="8u&#34;" HPOS="2475" VPOS="800" WIDTH="104" HEIGHT="81" WC="0.843">
                            <Shape>
                                <Polygon POINTS="2476 800 2475 879 2579 875 2579 820"/>
                            </Shape>
                            <Glyph ID="char_40" CONTENT="8" HPOS="2475" VPOS="800" WIDTH="1" HEIGHT="79" GC="0.9997">
                                <Shape>
                                    <Polygon POINTS="2476 800 2475 879 2475 879 2476 800"/>
                                </Shape>
                            </Glyph>
                            <Glyph ID="char_41" CONTENT="u" HPOS="2515" VPOS="800" WIDTH="1" HEIGHT="81" GC="0.9968">
                                <Shape>
                                    <Polygon POINTS="2516 800 2515 881 2515 881 2516 800"/>
                                </Shape>
                            </Glyph>
                            <Glyph ID="char_42" CONTENT="&#34;" HPOS="2579" VPOS="820" WIDTH="0" HEIGHT="55" GC="0.5324">
                                <Shape>
                                    <Polygon POINTS="2579 820 2579 875 2579 875 2579 820"/>
                                </Shape>
                            </Glyph>
                        </String>
                    </TextLine>

                    <TextLine ID="eef8186a-df42-4578-99dc-22b8ab279cf4" HPOS="1197.0" VPOS="876.0" WIDTH="1397.0" HEIGHT="134.0" BASELINE="1200.0 965.0 1887.0 948.0 2594.0 963.0" TAGREFS="LINE_TYPE_1">
                        <Shape>
                            <Polygon POINTS="1200.0 965.0 1202.0 1010.0 1291.0 984.0 1317.0 1008.0 1320.0 1008.0 1322.0 1008.0 1324.0 1010.0 1617.0 1010.0 1617.0 1008.0 1619.0 1008.0 1621.0 1008.0 1648.0 984.0 1794.0 965.0 1897.0 965.0 1911.0 977.0 1914.0 977.0 1916.0 977.0 1919.0 977.0 2290.0 965.0 2304.0 977.0 2304.0 979.0 2307.0 979.0 2309.0 979.0 2311.0 979.0 2314.0 979.0 2343.0 965.0 2405.0 986.0 2407.0 986.0 2410.0 986.0 2412.0 986.0 2415.0 986.0 2436.0 970.0 2467.0 996.0 2470.0 996.0 2472.0 996.0 2474.0 996.0 2553.0 979.0 2587.0 989.0 2594.0 963.0 2592.0 903.0 2522.0 879.0 2520.0 879.0 2518.0 879.0 2515.0 879.0 2460.0 900.0 2412.0 881.0 2410.0 881.0 2407.0 881.0 2405.0 881.0 2403.0 881.0 2359.0 912.0 2127.0 912.0 2093.0 879.0 2093.0 876.0 2091.0 876.0 2089.0 876.0 2005.0 876.0 2002.0 876.0 2000.0 876.0 1998.0 876.0 1952.0 905.0 1911.0 876.0 1909.0 876.0 1907.0 876.0 1753.0 876.0 1751.0 876.0 1748.0 876.0 1679.0 910.0 1638.0 886.0 1636.0 886.0 1633.0 886.0 1631.0 886.0 1629.0 886.0 1598.0 900.0 1540.0 876.0 1538.0 876.0 1444.0 876.0 1442.0 876.0 1439.0 876.0 1375.0 910.0 1197.0 912.0 1200.0 965.0"/>
                        </Shape>
                        <String ID="segment_16" CONTENT="quatre" HPOS="1236" VPOS="910" WIDTH="140" HEIGHT="100" WC="0.9969">
                            <Shape>
                                <Polygon POINTS="1236 912 1238 1000 1376 1010 1374 910"/>
                            </Shape>
                            <Glyph ID="char_43" CONTENT="q" HPOS="1236" VPOS="912" WIDTH="2" HEIGHT="88" GC="0.9999">
                                <Shape>
                                    <Polygon POINTS="1236 912 1238 1000 1238 1000 1236 912"/>
                                </Shape>
                            </Glyph>
                            <Glyph ID="char_44" CONTENT="u" HPOS="1273" VPOS="911" WIDTH="2" HEIGHT="78" GC="0.9996">
                                <Shape>
                                    <Polygon POINTS="1273 911 1275 989 1275 989 1273 911"/>
                                </Shape>
                            </Glyph>
                            <Glyph ID="char_45" CONTENT="a" HPOS="1300" VPOS="911" WIDTH="2" HEIGHT="83" GC="0.9927">
                                <Shape>
                                    <Polygon POINTS="1300 911 1302 994 1302 994 1300 911"/>
                                </Shape>
                            </Glyph>
                            <Glyph ID="char_46" CONTENT="t" HPOS="1337" VPOS="910" WIDTH="2" HEIGHT="100" GC="0.9967">
                                <Shape>
                                    <Polygon POINTS="1337 910 1339 1010 1339 1010 1337 910"/>
                                </Shape>
                            </Glyph>
                            <Glyph ID="char_47" CONTENT="r" HPOS="1355" VPOS="910" WIDTH="11" HEIGHT="100" GC="0.9998">
                                <Shape>
                                    <Polygon POINTS="1355 910 1357 1010 1366 1010 1364 910"/>
                                </Shape>
                            </Glyph>
                            <Glyph ID="char_48" CONTENT="e" HPOS="1374" VPOS="910" WIDTH="2" HEIGHT="100" GC="0.9926">
                                <Shape>
                                    <Polygon POINTS="1374 910 1376 1010 1376 1010 1374 910"/>
                                </Shape>
                            </Glyph>
                        </String>
                        <SP ID="segment_17" HPOS="1409"  VPOS="887" WIDTH="12"  HEIGHT="123"/>
                        <String ID="segment_18" CONTENT="paires" HPOS="1428" VPOS="876" WIDTH="122" HEIGHT="134" WC="0.8702">
                            <Shape>
                                <Polygon POINTS="1428 882 1431 1010 1550 1010 1547 879"/>
                            </Shape>
                            <Glyph ID="char_50" CONTENT="p" HPOS="1428" VPOS="882" WIDTH="3" HEIGHT="128" GC="0.9995">
                                <Shape>
                                    <Polygon POINTS="1428 882 1431 1010 1431 1010 1428 882"/>
                                </Shape>
                            </Glyph>
                            <Glyph ID="char_51" CONTENT="a" HPOS="1464" VPOS="876" WIDTH="3" HEIGHT="134" GC="1.0">
                                <Shape>
                                    <Polygon POINTS="1464 876 1467 1010 1467 1010 1464 876"/>
                                </Shape>
                            </Glyph>
                            <Glyph ID="char_52" CONTENT="i" HPOS="1492" VPOS="876" WIDTH="3" HEIGHT="134" GC="0.9963">
                                <Shape>
                                    <Polygon POINTS="1492 876 1495 1010 1495 1010 1492 876"/>
                                </Shape>
                            </Glyph>
                            <Glyph ID="char_53" CONTENT="r" HPOS="1510" VPOS="876" WIDTH="3" HEIGHT="134" GC="0.7151">
                                <Shape>
                                    <Polygon POINTS="1510 876 1513 1010 1513 1010 1510 876"/>
                                </Shape>
                            </Glyph>
                            <Glyph ID="char_54" CONTENT="e" HPOS="1529" VPOS="876" WIDTH="3" HEIGHT="134" GC="0.5107">
                                <Shape>
                                    <Polygon POINTS="1529 876 1532 1010 1532 1010 1529 876"/>
                                </Shape>
                            </Glyph>
                            <Glyph ID="char_55" CONTENT="s" HPOS="1547" VPOS="879" WIDTH="3" HEIGHT="131" GC="0.9998">
                                <Shape>
                                    <Polygon POINTS="1547 879 1550 1010 1550 1010 1547 879"/>
                                </Shape>
                            </Glyph>
                        </String>
                        <SP ID="segment_19" HPOS="1593"  VPOS="898" WIDTH="3"  HEIGHT="112"/>
                        <String ID="segment_20" CONTENT="que" HPOS="1611" VPOS="892" WIDTH="68" HEIGHT="118" WC="0.9987">
                            <Shape>
                                <Polygon POINTS="1611 894 1614 1010 1679 980 1677 909"/>
                            </Shape>
                            <Glyph ID="char_57" CONTENT="q" HPOS="1611" VPOS="894" WIDTH="3" HEIGHT="116" GC="0.9983">
                                <Shape>
                                    <Polygon POINTS="1611 894 1614 1010 1614 1010 1611 894"/>
                                </Shape>
                            </Glyph>
                            <Glyph ID="char_58" CONTENT="u" HPOS="1648" VPOS="892" WIDTH="3" HEIGHT="92" GC="0.9984">
                                <Shape>
                                    <Polygon POINTS="1648 892 1651 984 1651 984 1648 892"/>
                                </Shape>
                            </Glyph>
                            <Glyph ID="char_59" CONTENT="e" HPOS="1677" VPOS="909" WIDTH="2" HEIGHT="71" GC="0.9993">
                                <Shape>
                                    <Polygon POINTS="1677 909 1679 980 1679 980 1677 909"/>
                                </Shape>
                            </Glyph>
                        </String>
                        <SP ID="segment_21" HPOS="1686"  VPOS="907" WIDTH="1"  HEIGHT="72"/>
                        <String ID="segment_22" CONTENT="sres" HPOS="1703" VPOS="876" WIDTH="66" HEIGHT="101" WC="0.9691">
                            <Shape>
                                <Polygon POINTS="1703 898 1705 977 1769 968 1767 876"/>
                            </Shape>
                            <Glyph ID="char_61" CONTENT="s" HPOS="1703" VPOS="898" WIDTH="2" HEIGHT="79" GC="0.9904">
                                <Shape>
                                    <Polygon POINTS="1703 898 1705 977 1705 977 1703 898"/>
                                </Shape>
                            </Glyph>
                            <Glyph ID="char_62" CONTENT="r" HPOS="1722" VPOS="884" WIDTH="11" HEIGHT="90" GC="0.9998">
                                <Shape>
                                    <Polygon POINTS="1722 889 1724 974 1733 973 1731 884"/>
                                </Shape>
                            </Glyph>
                            <Glyph ID="char_63" CONTENT="e" HPOS="1740" VPOS="880" WIDTH="2" HEIGHT="92" GC="0.9987">
                                <Shape>
                                    <Polygon POINTS="1740 880 1742 972 1742 972 1740 880"/>
                                </Shape>
                            </Glyph>
                            <Glyph ID="char_64" CONTENT="s" HPOS="1758" VPOS="876" WIDTH="11" HEIGHT="93" GC="0.8872">
                                <Shape>
                                    <Polygon POINTS="1758 876 1760 969 1769 968 1767 876"/>
                                </Shape>
                            </Glyph>
                        </String>
                        <SP ID="segment_23" HPOS="1813"  VPOS="876" WIDTH="2"  HEIGHT="89"/>
                        <String ID="segment_24" CONTENT="blanches." HPOS="1832" VPOS="876" WIDTH="407" HEIGHT="101" WC="0.8725">
                            <Shape>
                                <Polygon POINTS="1832 876 1834 965 2237 967 2239 912"/>
                            </Shape>
                            <Glyph ID="char_66" CONTENT="b" HPOS="1832" VPOS="876" WIDTH="2" HEIGHT="89" GC="0.8999">
                                <Shape>
                                    <Polygon POINTS="1832 876 1834 965 1834 965 1832 876"/>
                                </Shape>
                            </Glyph>
                            <Glyph ID="char_67" CONTENT="l" HPOS="1859" VPOS="876" WIDTH="11" HEIGHT="89" GC="0.9443">
                                <Shape>
                                    <Polygon POINTS="1859 876 1861 965 1870 965 1868 876"/>
                                </Shape>
                            </Glyph>
                            <Glyph ID="char_68" CONTENT="a" HPOS="1888" VPOS="876" WIDTH="2" HEIGHT="89" GC="0.7349">
                                <Shape>
                                    <Polygon POINTS="1890 876 1888 965 1888 965 1890 876"/>
                                </Shape>
                            </Glyph>
                            <Glyph ID="char_69" CONTENT="n" HPOS="1925" VPOS="887" WIDTH="2" HEIGHT="90" GC="0.8934">
                                <Shape>
                                    <Polygon POINTS="1927 887 1925 977 1925 977 1927 887"/>
                                </Shape>
                            </Glyph>
                            <Glyph ID="char_70" CONTENT="c" HPOS="1943" VPOS="900" WIDTH="2" HEIGHT="76" GC="0.9458">
                                <Shape>
                                    <Polygon POINTS="1945 900 1943 976 1943 976 1945 900"/>
                                </Shape>
                            </Glyph>
                            <Glyph ID="char_71" CONTENT="h" HPOS="1970" VPOS="892" WIDTH="2" HEIGHT="83" GC="0.9579">
                                <Shape>
                                    <Polygon POINTS="1972 892 1970 975 1970 975 1972 892"/>
                                </Shape>
                            </Glyph>
                            <Glyph ID="char_72" CONTENT="e" HPOS="2007" VPOS="876" WIDTH="2" HEIGHT="98" GC="0.9758">
                                <Shape>
                                    <Polygon POINTS="2009 876 2007 974 2007 974 2009 876"/>
                                </Shape>
                            </Glyph>
                            <Glyph ID="char_73" CONTENT="s" HPOS="2026" VPOS="876" WIDTH="2" HEIGHT="98" GC="1.0">
                                <Shape>
                                    <Polygon POINTS="2028 876 2026 974 2026 974 2028 876"/>
                                </Shape>
                            </Glyph>
                            <Glyph ID="char_74" CONTENT="." HPOS="2237" VPOS="912" WIDTH="2" HEIGHT="55" GC="0.5009">
                                <Shape>
                                    <Polygon POINTS="2239 912 2237 967 2237 967 2239 912"/>
                                </Shape>
                            </Glyph>
                        </String>
                        <SP ID="segment_25" HPOS="2356"  VPOS="907" WIDTH="11"  HEIGHT="66"/>
                        <String ID="segment_26" CONTENT="2." HPOS="2384" VPOS="885" WIDTH="38" HEIGHT="97" WC="0.9998">
                            <Shape>
                                <Polygon POINTS="2386 893 2384 979 2420 982 2422 885"/>
                            </Shape>
                            <Glyph ID="char_76" CONTENT="2" HPOS="2384" VPOS="893" WIDTH="2" HEIGHT="86" GC="0.9996">
                                <Shape>
                                    <Polygon POINTS="2386 893 2384 979 2384 979 2386 893"/>
                                </Shape>
                            </Glyph>
                            <Glyph ID="char_77" CONTENT="." HPOS="2420" VPOS="885" WIDTH="2" HEIGHT="97" GC="1.0">
                                <Shape>
                                    <Polygon POINTS="2422 885 2420 982 2420 982 2422 885"/>
                                </Shape>
                            </Glyph>
                        </String>
                        <SP ID="segment_27" HPOS="2457"  VPOS="900" WIDTH="2"  HEIGHT="88"/>
                        <String ID="segment_28" CONTENT="6&#34;" HPOS="2476" VPOS="893" WIDTH="112" HEIGHT="103" WC="0.9853">
                            <Shape>
                                <Polygon POINTS="2478 893 2476 996 2586 989 2588 902"/>
                            </Shape>
                            <Glyph ID="char_79" CONTENT="6" HPOS="2476" VPOS="893" WIDTH="2" HEIGHT="103" GC="0.9762">
                                <Shape>
                                    <Polygon POINTS="2478 893 2476 996 2476 996 2478 893"/>
                                </Shape>
                            </Glyph>
                            <Glyph ID="char_80" CONTENT="&#34;" HPOS="2586" VPOS="902" WIDTH="2" HEIGHT="87" GC="0.9944">
                                <Shape>
                                    <Polygon POINTS="2588 902 2586 989 2586 989 2588 902"/>
                                </Shape>
                            </Glyph>
                        </String>
                    </TextLine>

                    <TextLine ID="dd466391-3a69-4704-aef4-c030a788461b" HPOS="1188.0" VPOS="994.0" WIDTH="333.0" HEIGHT="86.0" BASELINE="1190.0 1063.0 1521.0 1054.0" TAGREFS="LINE_TYPE_1">
                        <Shape>
                            <Polygon POINTS="1190.0 1063.0 1190.0 1080.0 1521.0 1080.0 1521.0 1054.0 1514.0 1013.0 1420.0 1015.0 1387.0 994.0 1384.0 994.0 1382.0 994.0 1380.0 994.0 1377.0 994.0 1332.0 1013.0 1267.0 994.0 1265.0 994.0 1262.0 994.0 1260.0 994.0 1188.0 1018.0 1190.0 1063.0"/>
                        </Shape>
                        <String ID="segment_29" CONTENT="Une" HPOS="1232" VPOS="994" WIDTH="53" HEIGHT="86" WC="0.9998">
                            <Shape>
                                <Polygon POINTS="1232 1003 1234 1080 1285 1080 1283 999"/>
                            </Shape>
                            <Glyph ID="char_81" CONTENT="U" HPOS="1232" VPOS="1003" WIDTH="2" HEIGHT="77" GC="0.9999">
                                <Shape>
                                    <Polygon POINTS="1232 1003 1234 1080 1234 1080 1232 1003"/>
                                </Shape>
                            </Glyph>
                            <Glyph ID="char_82" CONTENT="n" HPOS="1264" VPOS="994" WIDTH="2" HEIGHT="86" GC="0.9995">
                                <Shape>
                                    <Polygon POINTS="1264 994 1266 1080 1266 1080 1264 994"/>
                                </Shape>
                            </Glyph>
                            <Glyph ID="char_83" CONTENT="e" HPOS="1283" VPOS="999" WIDTH="2" HEIGHT="81" GC="1.0">
                                <Shape>
                                    <Polygon POINTS="1283 999 1285 1080 1285 1080 1283 999"/>
                                </Shape>
                            </Glyph>
                        </String>
                        <SP ID="segment_30" HPOS="1321"  VPOS="1010" WIDTH="9"  HEIGHT="70"/>
                        <String ID="segment_31" CONTENT="cheuisse" HPOS="1340" VPOS="996" WIDTH="160" HEIGHT="84" WC="0.9845">
                            <Shape>
                                <Polygon POINTS="1340 1010 1342 1080 1500 1080 1498 1013"/>
                            </Shape>
                            <Glyph ID="char_85" CONTENT="c" HPOS="1340" VPOS="1010" WIDTH="2" HEIGHT="70" GC="1.0">
                                <Shape>
                                    <Polygon POINTS="1340 1010 1342 1080 1342 1080 1340 1010"/>
                                </Shape>
                            </Glyph>
                            <Glyph ID="char_86" CONTENT="h" HPOS="1364" VPOS="996" WIDTH="10" HEIGHT="84" GC="0.9959">
                                <Shape>
                                    <Polygon POINTS="1364 999 1367 1080 1374 1080 1371 996"/>
                                </Shape>
                            </Glyph>
                            <Glyph ID="char_87" CONTENT="e" HPOS="1396" VPOS="1000" WIDTH="3" HEIGHT="80" GC="1.0">
                                <Shape>
                                    <Polygon POINTS="1396 1000 1399 1080 1399 1080 1396 1000"/>
                                </Shape>
                            </Glyph>
                            <Glyph ID="char_88" CONTENT="u" HPOS="1428" VPOS="1015" WIDTH="2" HEIGHT="65" GC="0.9945">
                                <Shape>
                                    <Polygon POINTS="1428 1015 1430 1080 1430 1080 1428 1015"/>
                                </Shape>
                            </Glyph>
                            <Glyph ID="char_89" CONTENT="i" HPOS="1441" VPOS="1015" WIDTH="2" HEIGHT="65" GC="0.9915">
                                <Shape>
                                    <Polygon POINTS="1441 1015 1443 1080 1443 1080 1441 1015"/>
                                </Shape>
                            </Glyph>
                            <Glyph ID="char_90" CONTENT="s" HPOS="1460" VPOS="1014" WIDTH="2" HEIGHT="66" GC="0.8957">
                                <Shape>
                                    <Polygon POINTS="1460 1014 1462 1080 1462 1080 1460 1014"/>
                                </Shape>
                            </Glyph>
                            <Glyph ID="char_91" CONTENT="s" HPOS="1479" VPOS="1014" WIDTH="2" HEIGHT="66" GC="0.9986">
                                <Shape>
                                    <Polygon POINTS="1479 1014 1481 1080 1481 1080 1479 1014"/>
                                </Shape>
                            </Glyph>
                            <Glyph ID="char_92" CONTENT="e" HPOS="1498" VPOS="1013" WIDTH="2" HEIGHT="67" GC="0.9995">
                                <Shape>
                                    <Polygon POINTS="1498 1013 1500 1080 1500 1080 1498 1013"/>
                                </Shape>
                            </Glyph>
                        </String>
                    </TextLine>

                    <TextLine ID="9682617a-b38d-4f7a-ad18-8d3152c17c78" HPOS="2434.0" VPOS="984.0" WIDTH="141.0" HEIGHT="89.0" BASELINE="2436.0 1049.0 2575.0 1051.0" TAGREFS="LINE_TYPE_1">
                        <Shape>
                            <Polygon POINTS="2436.0 1049.0 2434.0 1063.0 2570.0 1073.0 2575.0 1051.0 2575.0 1010.0 2539.0 1010.0 2515.0 986.0 2515.0 984.0 2513.0 984.0 2510.0 984.0 2508.0 984.0 2506.0 984.0 2436.0 1003.0 2436.0 1049.0"/>
                        </Shape>
                        <String ID="segment_32" CONTENT="du" HPOS="2479" VPOS="988" WIDTH="38" HEIGHT="81" WC="0.9949">
                            <Shape>
                                <Polygon POINTS="2480 991 2479 1066 2516 1069 2517 988"/>
                            </Shape>
                            <Glyph ID="char_93" CONTENT="d" HPOS="2479" VPOS="991" WIDTH="1" HEIGHT="75" GC="0.9998">
                                <Shape>
                                    <Polygon POINTS="2480 991 2479 1066 2479 1066 2480 991"/>
                                </Shape>
                            </Glyph>
                            <Glyph ID="char_94" CONTENT="u" HPOS="2516" VPOS="988" WIDTH="1" HEIGHT="81" GC="0.99">
                                <Shape>
                                    <Polygon POINTS="2517 988 2516 1069 2516 1069 2517 988"/>
                                </Shape>
                            </Glyph>
                        </String>
                    </TextLine>

                    <TextLine ID="f0511e36-ad29-4353-a64e-4fa662f91bb7" HPOS="1181.0" VPOS="1073.0" WIDTH="1413.0" HEIGHT="112.0" BASELINE="1183.0 1159.0 1892.0 1140.0 2594.0 1145.0" TAGREFS="LINE_TYPE_1">
                        <Shape>
                            <Polygon POINTS="1183.0 1159.0 1183.0 1164.0 1238.0 1183.0 1241.0 1183.0 1408.0 1185.0 1411.0 1185.0 1413.0 1185.0 1487.0 1164.0 1545.0 1176.0 1547.0 1176.0 1665.0 1159.0 1701.0 1181.0 1703.0 1181.0 1705.0 1181.0 1708.0 1183.0 1765.0 1183.0 1765.0 1181.0 1768.0 1181.0 1770.0 1181.0 1796.0 1161.0 1813.0 1173.0 1813.0 1176.0 1816.0 1176.0 1818.0 1176.0 1820.0 1176.0 1823.0 1176.0 1890.0 1157.0 2060.0 1157.0 2081.0 1176.0 2084.0 1176.0 2086.0 1176.0 2089.0 1176.0 2091.0 1176.0 2093.0 1176.0 2120.0 1154.0 2237.0 1166.0 2240.0 1166.0 2323.0 1157.0 2367.0 1171.0 2369.0 1171.0 2371.0 1171.0 2374.0 1171.0 2419.0 1157.0 2462.0 1173.0 2465.0 1173.0 2467.0 1173.0 2592.0 1157.0 2594.0 1145.0 2589.0 1094.0 2527.0 1101.0 2506.0 1082.0 2506.0 1080.0 2503.0 1080.0 2501.0 1080.0 2498.0 1080.0 2450.0 1089.0 2391.0 1078.0 2388.0 1078.0 2386.0 1078.0 2383.0 1078.0 2338.0 1106.0 2019.0 1106.0 1995.0 1087.0 1993.0 1087.0 1990.0 1087.0 1988.0 1087.0 1895.0 1106.0 1830.0 1073.0 1828.0 1073.0 1645.0 1073.0 1643.0 1073.0 1562.0 1075.0 1559.0 1075.0 1487.0 1106.0 1432.0 1097.0 1430.0 1097.0 1427.0 1097.0 1380.0 1109.0 1305.0 1078.0 1303.0 1078.0 1229.0 1078.0 1226.0 1078.0 1224.0 1078.0 1181.0 1097.0 1183.0 1159.0"/>
                        </Shape>
                        <String ID="segment_33" CONTENT="Trois" HPOS="1213" VPOS="1078" WIDTH="115" HEIGHT="106" WC="0.99">
                            <Shape>
                                <Polygon POINTS="1213 1083 1215 1175 1328 1184 1325 1086"/>
                            </Shape>
                            <Glyph ID="char_95" CONTENT="T" HPOS="1213" VPOS="1083" WIDTH="2" HEIGHT="92" GC="1.0">
                                <Shape>
                                    <Polygon POINTS="1213 1083 1215 1175 1215 1175 1213 1083"/>
                                </Shape>
                            </Glyph>
                            <Glyph ID="char_96" CONTENT="r" HPOS="1253" VPOS="1078" WIDTH="3" HEIGHT="105" GC="1.0">
                                <Shape>
                                    <Polygon POINTS="1253 1078 1256 1183 1256 1183 1253 1078"/>
                                </Shape>
                            </Glyph>
                            <Glyph ID="char_97" CONTENT="o" HPOS="1277" VPOS="1078" WIDTH="3" HEIGHT="105" GC="0.9532">
                                <Shape>
                                    <Polygon POINTS="1277 1078 1280 1183 1280 1183 1277 1078"/>
                                </Shape>
                            </Glyph>
                            <Glyph ID="char_98" CONTENT="i" HPOS="1301" VPOS="1078" WIDTH="3" HEIGHT="106" GC="1.0">
                                <Shape>
                                    <Polygon POINTS="1301 1078 1304 1184 1304 1184 1301 1078"/>
                                </Shape>
                            </Glyph>
                            <Glyph ID="char_99" CONTENT="s" HPOS="1325" VPOS="1086" WIDTH="3" HEIGHT="98" GC="0.9967">
                                <Shape>
                                    <Polygon POINTS="1325 1086 1328 1184 1328 1184 1325 1086"/>
                                </Shape>
                            </Glyph>
                        </String>
                        <SP ID="segment_34" HPOS="1367"  VPOS="1103" WIDTH="10"  HEIGHT="82"/>
                        <String ID="segment_35" CONTENT="paires" HPOS="1391" VPOS="1098" WIDTH="113" HEIGHT="87" WC="0.9512">
                            <Shape>
                                <Polygon POINTS="1391 1106 1393 1185 1504 1168 1503 1099"/>
                            </Shape>
                            <Glyph ID="char_101" CONTENT="p" HPOS="1391" VPOS="1106" WIDTH="2" HEIGHT="79" GC="0.9836">
                                <Shape>
                                    <Polygon POINTS="1391 1106 1393 1185 1393 1185 1391 1106"/>
                                </Shape>
                            </Glyph>
                            <Glyph ID="char_102" CONTENT="a" HPOS="1422" VPOS="1098" WIDTH="3" HEIGHT="84" GC="0.725">
                                <Shape>
                                    <Polygon POINTS="1422 1098 1425 1182 1425 1182 1422 1098"/>
                                </Shape>
                            </Glyph>
                            <Glyph ID="char_103" CONTENT="i" HPOS="1446" VPOS="1099" WIDTH="3" HEIGHT="76" GC="1.0">
                                <Shape>
                                    <Polygon POINTS="1446 1099 1449 1175 1449 1175 1446 1099"/>
                                </Shape>
                            </Glyph>
                            <Glyph ID="char_104" CONTENT="r" HPOS="1471" VPOS="1103" WIDTH="1" HEIGHT="65" GC="0.9999">
                                <Shape>
                                    <Polygon POINTS="1471 1103 1472 1168 1472 1168 1471 1103"/>
                                </Shape>
                            </Glyph>
                            <Glyph ID="char_105" CONTENT="e" HPOS="1487" VPOS="1103" WIDTH="9" HEIGHT="63" GC="0.9988">
                                <Shape>
                                    <Polygon POINTS="1487 1106 1488 1164 1496 1166 1495 1103"/>
                                </Shape>
                            </Glyph>
                            <Glyph ID="char_106" CONTENT="s" HPOS="1503" VPOS="1099" WIDTH="1" HEIGHT="69" GC="0.9999">
                                <Shape>
                                    <Polygon POINTS="1503 1099 1504 1168 1504 1168 1503 1099"/>
                                </Shape>
                            </Glyph>
                        </String>
                        <SP ID="segment_36" HPOS="1534"  VPOS="1086" WIDTH="3"  HEIGHT="88"/>
                        <String ID="segment_37" CONTENT="bas" HPOS="1550" VPOS="1073" WIDTH="82" HEIGHT="102" WC="0.9981">
                            <Shape>
                                <Polygon POINTS="1550 1079 1553 1175 1632 1164 1630 1073"/>
                            </Shape>
                            <Glyph ID="char_108" CONTENT="b" HPOS="1550" VPOS="1079" WIDTH="3" HEIGHT="96" GC="1.0">
                                <Shape>
                                    <Polygon POINTS="1550 1079 1553 1175 1553 1175 1550 1079"/>
                                </Shape>
                            </Glyph>
                            <Glyph ID="char_109" CONTENT="a" HPOS="1598" VPOS="1074" WIDTH="2" HEIGHT="94" GC="0.9984">
                                <Shape>
                                    <Polygon POINTS="1598 1074 1600 1168 1600 1168 1598 1074"/>
                                </Shape>
                            </Glyph>
                            <Glyph ID="char_110" CONTENT="s" HPOS="1630" VPOS="1073" WIDTH="2" HEIGHT="91" GC="0.9958">
                                <Shape>
                                    <Polygon POINTS="1630 1073 1632 1164 1632 1164 1630 1073"/>
                                </Shape>
                            </Glyph>
                        </String>
                        <SP ID="segment_38" HPOS="1686"  VPOS="1073" WIDTH="11"  HEIGHT="105"/>
                        <String ID="segment_39" CONTENT="de" HPOS="1711" VPOS="1073" WIDTH="27" HEIGHT="110" WC="0.9745">
                            <Shape>
                                <Polygon POINTS="1711 1073 1714 1183 1738 1183 1735 1073"/>
                            </Shape>
                            <Glyph ID="char_112" CONTENT="d" HPOS="1711" VPOS="1073" WIDTH="3" HEIGHT="110" GC="0.9776">
                                <Shape>
                                    <Polygon POINTS="1711 1073 1714 1183 1714 1183 1711 1073"/>
                                </Shape>
                            </Glyph>
                            <Glyph ID="char_113" CONTENT="e" HPOS="1735" VPOS="1073" WIDTH="3" HEIGHT="110" GC="0.9715">
                                <Shape>
                                    <Polygon POINTS="1735 1073 1738 1183 1738 1183 1735 1073"/>
                                </Shape>
                            </Glyph>
                        </String>
                        <SP ID="segment_40" HPOS="1751"  VPOS="1073" WIDTH="3"  HEIGHT="110"/>
                        <String ID="segment_41" CONTENT="fil.." HPOS="1767" VPOS="1073" WIDTH="475" HEIGHT="108" WC="0.8886">
                            <Shape>
                                <Polygon POINTS="1767 1073 1770 1181 2242 1166 2242 1106"/>
                            </Shape>
                            <Glyph ID="char_115" CONTENT="f" HPOS="1767" VPOS="1073" WIDTH="3" HEIGHT="108" GC="0.9238">
                                <Shape>
                                    <Polygon POINTS="1767 1073 1770 1181 1770 1181 1767 1073"/>
                                </Shape>
                            </Glyph>
                            <Glyph ID="char_116" CONTENT="i" HPOS="1791" VPOS="1073" WIDTH="2" HEIGHT="90" GC="0.9744">
                                <Shape>
                                    <Polygon POINTS="1791 1073 1793 1163 1793 1163 1791 1073"/>
                                </Shape>
                            </Glyph>
                            <Glyph ID="char_117" CONTENT="l" HPOS="1815" VPOS="1073" WIDTH="3" HEIGHT="103" GC="0.9123">
                                <Shape>
                                    <Polygon POINTS="1815 1073 1818 1176 1818 1176 1815 1073"/>
                                </Shape>
                            </Glyph>
                            <Glyph ID="char_118" CONTENT="." HPOS="1872" VPOS="1094" WIDTH="1" HEIGHT="68" GC="0.9601">
                                <Shape>
                                    <Polygon POINTS="1872 1094 1873 1162 1873 1162 1872 1094"/>
                                </Shape>
                            </Glyph>
                            <Glyph ID="char_119" CONTENT="." HPOS="2242" VPOS="1106" WIDTH="0" HEIGHT="60" GC="0.6725">
                                <Shape>
                                    <Polygon POINTS="2242 1106 2242 1166 2242 1166 2242 1106"/>
                                </Shape>
                            </Glyph>
                        </String>
                        <SP ID="segment_42" HPOS="2354"  VPOS="1096" WIDTH="0"  HEIGHT="71"/>
                        <String ID="segment_43" CONTENT="2." HPOS="2370" VPOS="1082" WIDTH="40" HEIGHT="89" WC="0.7182">
                            <Shape>
                                <Polygon POINTS="2370 1086 2370 1171 2410 1160 2410 1082"/>
                            </Shape>
                            <Glyph ID="char_121" CONTENT="2" HPOS="2370" VPOS="1086" WIDTH="0" HEIGHT="85" GC="0.7808">
                                <Shape>
                                    <Polygon POINTS="2370 1086 2370 1171 2370 1171 2370 1086"/>
                                </Shape>
                            </Glyph>
                            <Glyph ID="char_122" CONTENT="." HPOS="2410" VPOS="1082" WIDTH="0" HEIGHT="78" GC="0.6555">
                                <Shape>
                                    <Polygon POINTS="2410 1082 2410 1160 2410 1160 2410 1082"/>
                                </Shape>
                            </Glyph>
                        </String>
                        <SP ID="segment_44" HPOS="2459"  VPOS="1087" WIDTH="0"  HEIGHT="85"/>
                        <String ID="segment_45" CONTENT="8&#34;&#34;" HPOS="2475" VPOS="1084" WIDTH="104" HEIGHT="88" WC="0.9891">
                            <Shape>
                                <Polygon POINTS="2475 1084 2475 1172 2579 1159 2579 1095"/>
                            </Shape>
                            <Glyph ID="char_124" CONTENT="8" HPOS="2475" VPOS="1084" WIDTH="0" HEIGHT="88" GC="0.9715">
                                <Shape>
                                    <Polygon POINTS="2475 1084 2475 1172 2475 1172 2475 1084"/>
                                </Shape>
                            </Glyph>
                            <Glyph ID="char_125" CONTENT="&#34;" HPOS="2515" VPOS="1090" WIDTH="0" HEIGHT="77" GC="0.9971">
                                <Shape>
                                    <Polygon POINTS="2515 1090 2515 1167 2515 1167 2515 1090"/>
                                </Shape>
                            </Glyph>
                            <Glyph ID="char_126" CONTENT="&#34;" HPOS="2579" VPOS="1095" WIDTH="0" HEIGHT="64" GC="0.9987">
                                <Shape>
                                    <Polygon POINTS="2579 1095 2579 1159 2579 1159 2579 1095"/>
                                </Shape>
                            </Glyph>
                        </String>
                    </TextLine>

                    <TextLine ID="35356d5a-3757-4908-a60c-89e9c21f2872" HPOS="1188.0" VPOS="1169.0" WIDTH="1401.0" HEIGHT="115.0" BASELINE="1190.0 1255.0 1734.0 1240.0 2379.0 1240.0 2589.0 1250.0" TAGREFS="LINE_TYPE_1">
                        <Shape>
                            <Polygon POINTS="1190.0 1255.0 1190.0 1262.0 1248.0 1284.0 1250.0 1284.0 1253.0 1284.0 1351.0 1264.0 1418.0 1284.0 1420.0 1284.0 1423.0 1284.0 1425.0 1284.0 1461.0 1272.0 1564.0 1281.0 1566.0 1281.0 1569.0 1281.0 1571.0 1281.0 1571.0 1279.0 1586.0 1267.0 1811.0 1281.0 1813.0 1281.0 1816.0 1281.0 1866.0 1257.0 2127.0 1257.0 2146.0 1274.0 2146.0 1276.0 2149.0 1276.0 2151.0 1276.0 2153.0 1276.0 2156.0 1276.0 2208.0 1257.0 2362.0 1257.0 2412.0 1276.0 2415.0 1276.0 2417.0 1276.0 2589.0 1267.0 2589.0 1250.0 2585.0 1197.0 2561.0 1200.0 2508.0 1169.0 2506.0 1169.0 2503.0 1169.0 2501.0 1169.0 2498.0 1169.0 2431.0 1202.0 2393.0 1183.0 2391.0 1183.0 2388.0 1183.0 2386.0 1183.0 2383.0 1183.0 2383.0 1185.0 2364.0 1204.0 2235.0 1204.0 2204.0 1173.0 2204.0 1171.0 2201.0 1171.0 2199.0 1171.0 2129.0 1171.0 2127.0 1171.0 2125.0 1171.0 2122.0 1171.0 2122.0 1173.0 2098.0 1197.0 2055.0 1207.0 1796.0 1207.0 1696.0 1176.0 1693.0 1176.0 1499.0 1176.0 1497.0 1176.0 1370.0 1183.0 1368.0 1183.0 1365.0 1183.0 1365.0 1185.0 1348.0 1200.0 1324.0 1181.0 1322.0 1181.0 1320.0 1181.0 1269.0 1178.0 1267.0 1178.0 1265.0 1178.0 1188.0 1207.0 1190.0 1255.0"/>
                        </Shape>
                        <String ID="segment_46" CONTENT="sept" HPOS="1227" VPOS="1178" WIDTH="101" HEIGHT="103" WC="0.9995">
                            <Shape>
                                <Polygon POINTS="1227 1192 1230 1277 1328 1269 1326 1183"/>
                            </Shape>
                            <Glyph ID="char_127" CONTENT="s" HPOS="1227" VPOS="1192" WIDTH="3" HEIGHT="85" GC="1.0">
                                <Shape>
                                    <Polygon POINTS="1227 1192 1230 1277 1230 1277 1227 1192"/>
                                </Shape>
                            </Glyph>
                            <Glyph ID="char_128" CONTENT="e" HPOS="1265" VPOS="1178" WIDTH="3" HEIGHT="103" GC="0.999">
                                <Shape>
                                    <Polygon POINTS="1265 1178 1268 1281 1268 1281 1265 1178"/>
                                </Shape>
                            </Glyph>
                            <Glyph ID="char_129" CONTENT="p" HPOS="1288" VPOS="1179" WIDTH="3" HEIGHT="97" GC="0.9994">
                                <Shape>
                                    <Polygon POINTS="1288 1179 1291 1276 1291 1276 1288 1179"/>
                                </Shape>
                            </Glyph>
                            <Glyph ID="char_130" CONTENT="t" HPOS="1326" VPOS="1183" WIDTH="2" HEIGHT="86" GC="0.9997">
                                <Shape>
                                    <Polygon POINTS="1326 1183 1328 1269 1328 1269 1326 1183"/>
                                </Shape>
                            </Glyph>
                        </String>
                        <SP ID="segment_47" HPOS="1380"  VPOS="1182" WIDTH="11"  HEIGHT="94"/>
                        <String ID="segment_48" CONTENT="Cols" HPOS="1396" VPOS="1176" WIDTH="95" HEIGHT="102" WC="0.9915">
                            <Shape>
                                <Polygon POINTS="1396 1182 1399 1278 1491 1275 1488 1176"/>
                            </Shape>
                            <Glyph ID="char_132" CONTENT="C" HPOS="1396" VPOS="1182" WIDTH="3" HEIGHT="96" GC="0.9998">
                                <Shape>
                                    <Polygon POINTS="1396 1182 1399 1278 1399 1278 1396 1182"/>
                                </Shape>
                            </Glyph>
                            <Glyph ID="char_133" CONTENT="o" HPOS="1442" VPOS="1179" WIDTH="3" HEIGHT="98" GC="0.9999">
                                <Shape>
                                    <Polygon POINTS="1442 1179 1445 1277 1445 1277 1442 1179"/>
                                </Shape>
                            </Glyph>
                            <Glyph ID="char_134" CONTENT="l" HPOS="1465" VPOS="1178" WIDTH="3" HEIGHT="95" GC="1.0">
                                <Shape>
                                    <Polygon POINTS="1465 1178 1468 1273 1468 1273 1465 1178"/>
                                </Shape>
                            </Glyph>
                            <Glyph ID="char_135" CONTENT="s" HPOS="1488" VPOS="1176" WIDTH="3" HEIGHT="99" GC="0.9664">
                                <Shape>
                                    <Polygon POINTS="1488 1176 1491 1275 1491 1275 1488 1176"/>
                                </Shape>
                            </Glyph>
                        </String>
                        <SP ID="segment_49" HPOS="1534"  VPOS="1176" WIDTH="11"  HEIGHT="103"/>
                        <String ID="segment_50" CONTENT="de" HPOS="1557" VPOS="1176" WIDTH="33" HEIGHT="105" WC="0.9908">
                            <Shape>
                                <Polygon POINTS="1557 1176 1560 1281 1590 1267 1588 1176"/>
                            </Shape>
                            <Glyph ID="char_137" CONTENT="d" HPOS="1557" VPOS="1176" WIDTH="3" HEIGHT="105" GC="0.9997">
                                <Shape>
                                    <Polygon POINTS="1557 1176 1560 1281 1560 1281 1557 1176"/>
                                </Shape>
                            </Glyph>
                            <Glyph ID="char_138" CONTENT="e" HPOS="1588" VPOS="1176" WIDTH="2" HEIGHT="91" GC="0.9818">
                                <Shape>
                                    <Polygon POINTS="1588 1176 1590 1267 1590 1267 1588 1176"/>
                                </Shape>
                            </Glyph>
                        </String>
                        <SP ID="segment_51" HPOS="1611"  VPOS="1176" WIDTH="11"  HEIGHT="93"/>
                        <String ID="segment_52" CONTENT="Barin" HPOS="1626" VPOS="1176" WIDTH="133" HEIGHT="102" WC="0.9702">
                            <Shape>
                                <Polygon POINTS="1626 1176 1629 1270 1759 1278 1759 1195"/>
                            </Shape>
                            <Glyph ID="char_140" CONTENT="B" HPOS="1626" VPOS="1176" WIDTH="3" HEIGHT="94" GC="0.9881">
                                <Shape>
                                    <Polygon POINTS="1626 1176 1629 1270 1629 1270 1626 1176"/>
                                </Shape>
                            </Glyph>
                            <Glyph ID="char_141" CONTENT="a" HPOS="1696" VPOS="1176" WIDTH="3" HEIGHT="98" GC="0.9549">
                                <Shape>
                                    <Polygon POINTS="1696 1176 1699 1274 1699 1274 1696 1176"/>
                                </Shape>
                            </Glyph>
                            <Glyph ID="char_142" CONTENT="r" HPOS="1719" VPOS="1183" WIDTH="3" HEIGHT="92" GC="0.9746">
                                <Shape>
                                    <Polygon POINTS="1719 1183 1722 1275 1722 1275 1719 1183"/>
                                </Shape>
                            </Glyph>
                            <Glyph ID="char_143" CONTENT="i" HPOS="1736" VPOS="1188" WIDTH="8" HEIGHT="89" GC="0.9671">
                                <Shape>
                                    <Polygon POINTS="1736 1188 1736 1276 1744 1277 1744 1191"/>
                                </Shape>
                            </Glyph>
                            <Glyph ID="char_144" CONTENT="n" HPOS="1759" VPOS="1195" WIDTH="0" HEIGHT="83" GC="0.9661">
                                <Shape>
                                    <Polygon POINTS="1759 1195 1759 1278 1759 1278 1759 1195"/>
                                </Shape>
                            </Glyph>
                        </String>
                        <SP ID="segment_53" HPOS="1836"  VPOS="1207" WIDTH="0"  HEIGHT="64"/>
                        <String ID="segment_54" CONTENT="..1&#34;" HPOS="1852" VPOS="1183" WIDTH="563" HEIGHT="93" WC="0.8292">
                            <Shape>
                                <Polygon POINTS="1852 1207 1852 1264 2411 1276 2415 1194"/>
                            </Shape>
                            <Glyph ID="char_146" CONTENT="." HPOS="1852" VPOS="1207" WIDTH="0" HEIGHT="57" GC="0.9716">
                                <Shape>
                                    <Polygon POINTS="1852 1207 1852 1264 1852 1264 1852 1207"/>
                                </Shape>
                            </Glyph>
                            <Glyph ID="char_147" CONTENT="." HPOS="2236" VPOS="1204" WIDTH="0" HEIGHT="53" GC="0.8343">
                                <Shape>
                                    <Polygon POINTS="2236 1204 2236 1257 2236 1257 2236 1204"/>
                                </Shape>
                            </Glyph>
                            <Glyph ID="char_148" CONTENT="1" HPOS="2381" VPOS="1183" WIDTH="4" HEIGHT="81" GC="0.7828">
                                <Shape>
                                    <Polygon POINTS="2385 1183 2381 1264 2381 1264 2385 1183"/>
                                </Shape>
                            </Glyph>
                            <Glyph ID="char_149" CONTENT="&#34;" HPOS="2411" VPOS="1194" WIDTH="4" HEIGHT="82" GC="0.7281">
                                <Shape>
                                    <Polygon POINTS="2415 1194 2411 1276 2411 1276 2415 1194"/>
                                </Shape>
                            </Glyph>
                        </String>
                        <SP ID="segment_55" HPOS="2450"  VPOS="1191" WIDTH="4"  HEIGHT="83"/>
                        <String ID="segment_56" CONTENT="6&#34;" HPOS="2465" VPOS="1178" WIDTH="59" HEIGHT="95" WC="0.9724">
                            <Shape>
                                <Polygon POINTS="2470 1183 2465 1273 2519 1271 2524 1178"/>
                            </Shape>
                            <Glyph ID="char_151" CONTENT="6" HPOS="2465" VPOS="1183" WIDTH="5" HEIGHT="90" GC="0.9521">
                                <Shape>
                                    <Polygon POINTS="2470 1183 2465 1273 2465 1273 2470 1183"/>
                                </Shape>
                            </Glyph>
                            <Glyph ID="char_152" CONTENT="&#34;" HPOS="2519" VPOS="1178" WIDTH="5" HEIGHT="93" GC="0.9928">
                                <Shape>
                                    <Polygon POINTS="2524 1178 2519 1271 2519 1271 2524 1178"/>
                                </Shape>
                            </Glyph>
                        </String>
                    </TextLine>

                    <TextLine ID="113e1496-a84f-4021-919c-6d64602b1eeb" HPOS="1178.0" VPOS="1274.0" WIDTH="1407.0" HEIGHT="108.0" BASELINE="1181.0 1355.0 1780.0 1339.0 2585.0 1343.0" TAGREFS="LINE_TYPE_1">
                        <Shape>
                            <Polygon POINTS="1181.0 1355.0 1181.0 1363.0 1205.0 1379.0 1207.0 1379.0 1209.0 1379.0 1212.0 1382.0 1566.0 1382.0 1566.0 1379.0 1569.0 1379.0 1626.0 1365.0 1734.0 1377.0 1736.0 1377.0 1739.0 1377.0 1741.0 1377.0 1741.0 1375.0 1760.0 1355.0 2074.0 1355.0 2101.0 1370.0 2103.0 1370.0 2105.0 1370.0 2108.0 1370.0 2110.0 1370.0 2113.0 1370.0 2134.0 1355.0 2321.0 1355.0 2340.0 1367.0 2343.0 1367.0 2345.0 1367.0 2347.0 1367.0 2436.0 1353.0 2460.0 1370.0 2462.0 1370.0 2465.0 1370.0 2580.0 1372.0 2585.0 1343.0 2582.0 1303.0 2515.0 1274.0 2513.0 1274.0 2510.0 1274.0 2508.0 1274.0 2443.0 1305.0 2338.0 1307.0 1964.0 1307.0 1902.0 1286.0 1899.0 1286.0 1897.0 1286.0 1828.0 1293.0 1801.0 1281.0 1799.0 1281.0 1796.0 1281.0 1794.0 1281.0 1770.0 1293.0 1758.0 1281.0 1758.0 1279.0 1756.0 1279.0 1753.0 1279.0 1751.0 1279.0 1689.0 1281.0 1686.0 1281.0 1684.0 1281.0 1684.0 1284.0 1657.0 1307.0 1590.0 1279.0 1588.0 1279.0 1586.0 1279.0 1583.0 1279.0 1526.0 1298.0 1502.0 1281.0 1499.0 1281.0 1497.0 1281.0 1356.0 1281.0 1353.0 1281.0 1351.0 1281.0 1348.0 1281.0 1348.0 1284.0 1327.0 1303.0 1267.0 1281.0 1265.0 1281.0 1178.0 1281.0 1181.0 1355.0"/>
                        </Shape>
                        <String ID="segment_57" CONTENT="Uue" HPOS="1224" VPOS="1281" WIDTH="55" HEIGHT="101" WC="0.9991">
                            <Shape>
                                <Polygon POINTS="1224 1281 1227 1382 1279 1382 1276 1284"/>
                            </Shape>
                            <Glyph ID="char_153" CONTENT="U" HPOS="1224" VPOS="1281" WIDTH="3" HEIGHT="101" GC="0.9999">
                                <Shape>
                                    <Polygon POINTS="1224 1281 1227 1382 1227 1382 1224 1281"/>
                                </Shape>
                            </Glyph>
                            <Glyph ID="char_154" CONTENT="u" HPOS="1261" VPOS="1281" WIDTH="3" HEIGHT="101" GC="0.9976">
                                <Shape>
                                    <Polygon POINTS="1261 1281 1264 1382 1264 1382 1261 1281"/>
                                </Shape>
                            </Glyph>
                            <Glyph ID="char_155" CONTENT="e" HPOS="1276" VPOS="1284" WIDTH="3" HEIGHT="98" GC="0.9998">
                                <Shape>
                                    <Polygon POINTS="1276 1284 1279 1382 1279 1382 1276 1284"/>
                                </Shape>
                            </Glyph>
                        </String>
                        <SP ID="segment_58" HPOS="1329"  VPOS="1295" WIDTH="9"  HEIGHT="87"/>
                        <String ID="segment_59" CONTENT="Brosse" HPOS="1350" VPOS="1281" WIDTH="137" HEIGHT="101" WC="0.9913">
                            <Shape>
                                <Polygon POINTS="1350 1281 1353 1382 1487 1382 1484 1281"/>
                            </Shape>
                            <Glyph ID="char_157" CONTENT="B" HPOS="1350" VPOS="1281" WIDTH="3" HEIGHT="101" GC="1.0">
                                <Shape>
                                    <Polygon POINTS="1350 1281 1353 1382 1353 1382 1350 1281"/>
                                </Shape>
                            </Glyph>
                            <Glyph ID="char_158" CONTENT="r" HPOS="1409" VPOS="1281" WIDTH="3" HEIGHT="101" GC="0.9917">
                                <Shape>
                                    <Polygon POINTS="1409 1281 1412 1382 1412 1382 1409 1281"/>
                                </Shape>
                            </Glyph>
                            <Glyph ID="char_159" CONTENT="o" HPOS="1424" VPOS="1281" WIDTH="3" HEIGHT="101" GC="0.9958">
                                <Shape>
                                    <Polygon POINTS="1424 1281 1427 1382 1427 1382 1424 1281"/>
                                </Shape>
                            </Glyph>
                            <Glyph ID="char_160" CONTENT="s" HPOS="1454" VPOS="1281" WIDTH="3" HEIGHT="101" GC="0.9996">
                                <Shape>
                                    <Polygon POINTS="1454 1281 1457 1382 1457 1382 1454 1281"/>
                                </Shape>
                            </Glyph>
                            <Glyph ID="char_161" CONTENT="s" HPOS="1469" VPOS="1281" WIDTH="3" HEIGHT="101" GC="0.9632">
                                <Shape>
                                    <Polygon POINTS="1469 1281 1472 1382 1472 1382 1469 1281"/>
                                </Shape>
                            </Glyph>
                            <Glyph ID="char_162" CONTENT="e" HPOS="1484" VPOS="1281" WIDTH="3" HEIGHT="101" GC="0.9973">
                                <Shape>
                                    <Polygon POINTS="1484 1281 1487 1382 1487 1382 1484 1281"/>
                                </Shape>
                            </Glyph>
                        </String>
                        <SP ID="segment_60" HPOS="1529"  VPOS="1297" WIDTH="2"  HEIGHT="85"/>
                        <String ID="segment_61" CONTENT="&amp;" HPOS="1543" VPOS="1292" WIDTH="3" HEIGHT="90" WC="1.0">
                            <Shape>
                                <Polygon POINTS="1543 1292 1546 1382 1546 1382 1543 1292"/>
                            </Shape>
                            <Glyph ID="char_164" CONTENT="&amp;" HPOS="1543" VPOS="1292" WIDTH="3" HEIGHT="90" GC="1.0">
                                <Shape>
                                    <Polygon POINTS="1543 1292 1546 1382 1546 1382 1543 1292"/>
                                </Shape>
                            </Glyph>
                        </String>
                        <SP ID="segment_62" HPOS="1573"  VPOS="1282" WIDTH="3"  HEIGHT="95"/>
                        <String ID="segment_63" CONTENT="un" HPOS="1588" VPOS="1279" WIDTH="32" HEIGHT="95" WC="0.9983">
                            <Shape>
                                <Polygon POINTS="1588 1279 1591 1374 1620 1366 1618 1291"/>
                            </Shape>
                            <Glyph ID="char_166" CONTENT="u" HPOS="1588" VPOS="1279" WIDTH="3" HEIGHT="95" GC="0.9987">
                                <Shape>
                                    <Polygon POINTS="1588 1279 1591 1374 1591 1374 1588 1279"/>
                                </Shape>
                            </Glyph>
                            <Glyph ID="char_167" CONTENT="n" HPOS="1618" VPOS="1291" WIDTH="2" HEIGHT="75" GC="0.9978">
                                <Shape>
                                    <Polygon POINTS="1618 1291 1620 1366 1620 1366 1618 1291"/>
                                </Shape>
                            </Glyph>
                        </String>
                        <SP ID="segment_64" HPOS="1663"  VPOS="1295" WIDTH="10"  HEIGHT="75"/>
                        <String ID="segment_65" CONTENT="Bonet&#34;&#34;6" HPOS="1677" VPOS="1279" WIDTH="790" HEIGHT="98" WC="0.9609">
                            <Shape>
                                <Polygon POINTS="1677 1290 1680 1371 2467 1370 2467 1294"/>
                            </Shape>
                            <Glyph ID="char_169" CONTENT="B" HPOS="1677" VPOS="1290" WIDTH="3" HEIGHT="81" GC="0.9976">
                                <Shape>
                                    <Polygon POINTS="1677 1290 1680 1371 1680 1371 1677 1290"/>
                                </Shape>
                            </Glyph>
                            <Glyph ID="char_170" CONTENT="o" HPOS="1737" VPOS="1279" WIDTH="3" HEIGHT="98" GC="0.9855">
                                <Shape>
                                    <Polygon POINTS="1737 1279 1740 1377 1740 1377 1737 1279"/>
                                </Shape>
                            </Glyph>
                            <Glyph ID="char_171" CONTENT="n" HPOS="1766" VPOS="1289" WIDTH="2" HEIGHT="66" GC="0.9872">
                                <Shape>
                                    <Polygon POINTS="1766 1289 1768 1355 1768 1355 1766 1289"/>
                                </Shape>
                            </Glyph>
                            <Glyph ID="char_172" CONTENT="e" HPOS="1791" VPOS="1282" WIDTH="0" HEIGHT="73" GC="0.9788">
                                <Shape>
                                    <Polygon POINTS="1791 1282 1791 1355 1791 1355 1791 1282"/>
                                </Shape>
                            </Glyph>
                            <Glyph ID="char_173" CONTENT="t" HPOS="1813" VPOS="1286" WIDTH="0" HEIGHT="69" GC="0.982">
                                <Shape>
                                    <Polygon POINTS="1813 1286 1813 1355 1813 1355 1813 1286"/>
                                </Shape>
                            </Glyph>
                            <Glyph ID="char_174" CONTENT="&#34;" HPOS="2222" VPOS="1307" WIDTH="0" HEIGHT="48" GC="0.9998">
                                <Shape>
                                    <Polygon POINTS="2222 1307 2222 1355 2222 1355 2222 1307"/>
                                </Shape>
                            </Glyph>
                            <Glyph ID="char_175" CONTENT="&#34;" HPOS="2400" VPOS="1306" WIDTH="0" HEIGHT="53" GC="0.9562">
                                <Shape>
                                    <Polygon POINTS="2400 1306 2400 1359 2400 1359 2400 1306"/>
                                </Shape>
                            </Glyph>
                            <Glyph ID="char_176" CONTENT="6" HPOS="2467" VPOS="1294" WIDTH="0" HEIGHT="76" GC="0.8002">
                                <Shape>
                                    <Polygon POINTS="2467 1294 2467 1370 2467 1370 2467 1294"/>
                                </Shape>
                            </Glyph>
                        </String>
                        <SP ID="segment_66" HPOS="2564"  VPOS="1295" WIDTH="0"  HEIGHT="77"/>
                        <String ID="segment_67" CONTENT="&#34;" HPOS="2579" VPOS="1302" WIDTH="0" HEIGHT="70" WC="0.9788">
                            <Shape>
                                <Polygon POINTS="2579 1302 2579 1372 2579 1372 2579 1302"/>
                            </Shape>
                            <Glyph ID="char_178" CONTENT="&#34;" HPOS="2579" VPOS="1302" WIDTH="0" HEIGHT="70" GC="0.9788">
                                <Shape>
                                    <Polygon POINTS="2579 1302 2579 1372 2579 1372 2579 1302"/>
                                </Shape>
                            </Glyph>
                        </String>
                    </TextLine>

                    <TextLine ID="5715b0db-88c0-4251-be9c-bd9604282efc" HPOS="1176.0" VPOS="1379.0" WIDTH="1425.0" HEIGHT="115.0" BASELINE="1178.0 1466.0 1787.0 1444.0 2601.0 1454.0" TAGREFS="LINE_TYPE_1">
                        <Shape>
                            <Polygon POINTS="1178.0 1466.0 1178.0 1482.0 1190.0 1492.0 1193.0 1492.0 1195.0 1492.0 1197.0 1494.0 1324.0 1494.0 1324.0 1492.0 1327.0 1492.0 1329.0 1492.0 1356.0 1478.0 1502.0 1478.0 1547.0 1492.0 1550.0 1492.0 1552.0 1492.0 1554.0 1492.0 1641.0 1463.0 1696.0 1490.0 1698.0 1490.0 1701.0 1492.0 1806.0 1492.0 1806.0 1490.0 1808.0 1490.0 1861.0 1463.0 1955.0 1463.0 1978.0 1478.0 1981.0 1478.0 1983.0 1478.0 1986.0 1478.0 2058.0 1463.0 2077.0 1473.0 2079.0 1473.0 2081.0 1473.0 2319.0 1461.0 2376.0 1480.0 2379.0 1480.0 2381.0 1480.0 2383.0 1480.0 2415.0 1468.0 2436.0 1482.0 2438.0 1482.0 2441.0 1482.0 2546.0 1487.0 2549.0 1487.0 2551.0 1487.0 2601.0 1468.0 2601.0 1454.0 2597.0 1406.0 2530.0 1406.0 2510.0 1391.0 2510.0 1389.0 2508.0 1389.0 2506.0 1389.0 2503.0 1389.0 2501.0 1389.0 2448.0 1406.0 2374.0 1391.0 2371.0 1391.0 2369.0 1391.0 2338.0 1408.0 2156.0 1408.0 2132.0 1384.0 2132.0 1382.0 2129.0 1382.0 2127.0 1382.0 2125.0 1382.0 2055.0 1399.0 2036.0 1382.0 2036.0 1379.0 2034.0 1379.0 2031.0 1379.0 2029.0 1379.0 2026.0 1379.0 1981.0 1391.0 1964.0 1379.0 1962.0 1379.0 1959.0 1379.0 1957.0 1379.0 1955.0 1379.0 1875.0 1406.0 1837.0 1389.0 1835.0 1389.0 1832.0 1389.0 1758.0 1396.0 1708.0 1379.0 1705.0 1379.0 1703.0 1379.0 1638.0 1384.0 1636.0 1384.0 1633.0 1384.0 1633.0 1387.0 1617.0 1401.0 1475.0 1382.0 1473.0 1382.0 1471.0 1382.0 1468.0 1382.0 1432.0 1410.0 1389.0 1382.0 1387.0 1382.0 1384.0 1382.0 1382.0 1382.0 1176.0 1389.0 1178.0 1466.0"/>
                        </Shape>
                        <String ID="segment_68" CONTENT="Une" HPOS="1208" VPOS="1386" WIDTH="63" HEIGHT="108" WC="0.9883">
                            <Shape>
                                <Polygon POINTS="1208 1388 1212 1494 1271 1494 1267 1386"/>
                            </Shape>
                            <Glyph ID="char_179" CONTENT="U" HPOS="1208" VPOS="1388" WIDTH="4" HEIGHT="106" GC="0.9999">
                                <Shape>
                                    <Polygon POINTS="1208 1388 1212 1494 1212 1494 1208 1388"/>
                                </Shape>
                            </Glyph>
                            <Glyph ID="char_180" CONTENT="n" HPOS="1242" VPOS="1387" WIDTH="4" HEIGHT="107" GC="0.9663">
                                <Shape>
                                    <Polygon POINTS="1242 1387 1246 1494 1246 1494 1242 1387"/>
                                </Shape>
                            </Glyph>
                            <Glyph ID="char_181" CONTENT="e" HPOS="1267" VPOS="1386" WIDTH="4" HEIGHT="108" GC="0.9988">
                                <Shape>
                                    <Polygon POINTS="1267 1386 1271 1494 1271 1494 1267 1386"/>
                                </Shape>
                            </Glyph>
                        </String>
                        <SP ID="segment_69" HPOS="1275"  VPOS="1386" WIDTH="4"  HEIGHT="108"/>
                        <String ID="segment_70" CONTENT="paire" HPOS="1292" VPOS="1382" WIDTH="95" HEIGHT="112" WC="0.9994">
                            <Shape>
                                <Polygon POINTS="1292 1385 1296 1494 1387 1478 1383 1382"/>
                            </Shape>
                            <Glyph ID="char_183" CONTENT="p" HPOS="1292" VPOS="1385" WIDTH="4" HEIGHT="109" GC="0.9996">
                                <Shape>
                                    <Polygon POINTS="1292 1385 1296 1494 1296 1494 1292 1385"/>
                                </Shape>
                            </Glyph>
                            <Glyph ID="char_184" CONTENT="a" HPOS="1325" VPOS="1384" WIDTH="4" HEIGHT="108" GC="0.9992">
                                <Shape>
                                    <Polygon POINTS="1325 1384 1329 1492 1329 1492 1325 1384"/>
                                </Shape>
                            </Glyph>
                            <Glyph ID="char_185" CONTENT="i" HPOS="1342" VPOS="1383" WIDTH="12" HEIGHT="100" GC="1.0">
                                <Shape>
                                    <Polygon POINTS="1342 1383 1346 1483 1354 1479 1350 1383"/>
                                </Shape>
                            </Glyph>
                            <Glyph ID="char_186" CONTENT="r" HPOS="1367" VPOS="1383" WIDTH="4" HEIGHT="95" GC="0.9998">
                                <Shape>
                                    <Polygon POINTS="1367 1383 1371 1478 1371 1478 1367 1383"/>
                                </Shape>
                            </Glyph>
                            <Glyph ID="char_187" CONTENT="e" HPOS="1383" VPOS="1382" WIDTH="4" HEIGHT="96" GC="0.9984">
                                <Shape>
                                    <Polygon POINTS="1383 1382 1387 1478 1387 1478 1383 1382"/>
                                </Shape>
                            </Glyph>
                        </String>
                        <SP ID="segment_71" HPOS="1426"  VPOS="1406" WIDTH="3"  HEIGHT="72"/>
                        <String ID="segment_72" CONTENT="souliers" HPOS="1443" VPOS="1382" WIDTH="161" HEIGHT="110" WC="0.9974">
                            <Shape>
                                <Polygon POINTS="1443 1402 1446 1478 1604 1475 1601 1399"/>
                            </Shape>
                            <Glyph ID="char_189" CONTENT="s" HPOS="1443" VPOS="1402" WIDTH="3" HEIGHT="76" GC="0.9908">
                                <Shape>
                                    <Polygon POINTS="1443 1402 1446 1478 1446 1478 1443 1402"/>
                                </Shape>
                            </Glyph>
                            <Glyph ID="char_190" CONTENT="o" HPOS="1475" VPOS="1382" WIDTH="4" HEIGHT="96" GC="0.9992">
                                <Shape>
                                    <Polygon POINTS="1475 1382 1479 1478 1479 1478 1475 1382"/>
                                </Shape>
                            </Glyph>
                            <Glyph ID="char_191" CONTENT="u" HPOS="1500" VPOS="1385" WIDTH="4" HEIGHT="94" GC="0.9995">
                                <Shape>
                                    <Polygon POINTS="1500 1385 1504 1479 1504 1479 1500 1385"/>
                                </Shape>
                            </Glyph>
                            <Glyph ID="char_192" CONTENT="l" HPOS="1525" VPOS="1389" WIDTH="4" HEIGHT="97" GC="0.9969">
                                <Shape>
                                    <Polygon POINTS="1525 1389 1529 1486 1529 1486 1525 1389"/>
                                </Shape>
                            </Glyph>
                            <Glyph ID="char_193" CONTENT="i" HPOS="1543" VPOS="1391" WIDTH="11" HEIGHT="101" GC="0.9999">
                                <Shape>
                                    <Polygon POINTS="1543 1391 1546 1492 1554 1492 1551 1392"/>
                                </Shape>
                            </Glyph>
                            <Glyph ID="char_194" CONTENT="e" HPOS="1559" VPOS="1393" WIDTH="3" HEIGHT="96" GC="0.9998">
                                <Shape>
                                    <Polygon POINTS="1559 1393 1562 1489 1562 1489 1559 1393"/>
                                </Shape>
                            </Glyph>
                            <Glyph ID="char_195" CONTENT="r" HPOS="1584" VPOS="1397" WIDTH="3" HEIGHT="84" GC="0.9954">
                                <Shape>
                                    <Polygon POINTS="1584 1397 1587 1481 1587 1481 1584 1397"/>
                                </Shape>
                            </Glyph>
                            <Glyph ID="char_196" CONTENT="s" HPOS="1601" VPOS="1399" WIDTH="3" HEIGHT="76" GC="0.9977">
                                <Shape>
                                    <Polygon POINTS="1601 1399 1604 1475 1604 1475 1601 1399"/>
                                </Shape>
                            </Glyph>
                        </String>
                        <SP ID="segment_73" HPOS="1642"  VPOS="1384" WIDTH="3"  HEIGHT="81"/>
                        <String ID="segment_74" CONTENT="et" HPOS="1650" VPOS="1381" WIDTH="37" HEIGHT="105" WC="0.9996">
                            <Shape>
                                <Polygon POINTS="1650 1383 1653 1469 1687 1486 1683 1381"/>
                            </Shape>
                            <Glyph ID="char_198" CONTENT="e" HPOS="1650" VPOS="1382" WIDTH="12" HEIGHT="91" GC="1.0">
                                <Shape>
                                    <Polygon POINTS="1650 1383 1653 1469 1662 1473 1658 1382"/>
                                </Shape>
                            </Glyph>
                            <Glyph ID="char_199" CONTENT="t" HPOS="1683" VPOS="1381" WIDTH="4" HEIGHT="105" GC="0.9992">
                                <Shape>
                                    <Polygon POINTS="1683 1381 1687 1486 1687 1486 1683 1381"/>
                                </Shape>
                            </Glyph>
                        </String>
                        <SP ID="segment_75" HPOS="1717"  VPOS="1382" WIDTH="12"  HEIGHT="110"/>
                        <String ID="segment_76" CONTENT="une" HPOS="1743" VPOS="1391" WIDTH="52" HEIGHT="101" WC="0.9986">
                            <Shape>
                                <Polygon POINTS="1743 1391 1746 1492 1794 1492 1795 1392"/>
                            </Shape>
                            <Glyph ID="char_201" CONTENT="u" HPOS="1743" VPOS="1391" WIDTH="3" HEIGHT="101" GC="0.9976">
                                <Shape>
                                    <Polygon POINTS="1743 1391 1746 1492 1746 1492 1743 1391"/>
                                </Shape>
                            </Glyph>
                            <Glyph ID="char_202" CONTENT="n" HPOS="1768" VPOS="1395" WIDTH="3" HEIGHT="97" GC="0.9997">
                                <Shape>
                                    <Polygon POINTS="1768 1395 1771 1492 1771 1492 1768 1395"/>
                                </Shape>
                            </Glyph>
                            <Glyph ID="char_203" CONTENT="e" HPOS="1794" VPOS="1392" WIDTH="1" HEIGHT="100" GC="0.9983">
                                <Shape>
                                    <Polygon POINTS="1795 1392 1794 1492 1794 1492 1795 1392"/>
                                </Shape>
                            </Glyph>
                        </String>
                        <SP ID="segment_77" HPOS="1802"  VPOS="1391" WIDTH="9"  HEIGHT="101"/>
                        <String ID="segment_78" CONTENT="paire" HPOS="1819" VPOS="1390" WIDTH="101" HEIGHT="94" WC="0.977">
                            <Shape>
                                <Polygon POINTS="1820 1390 1819 1484 1919 1463 1920 1391"/>
                            </Shape>
                            <Glyph ID="char_205" CONTENT="p" HPOS="1819" VPOS="1390" WIDTH="1" HEIGHT="94" GC="0.9823">
                                <Shape>
                                    <Polygon POINTS="1820 1390 1819 1484 1819 1484 1820 1390"/>
                                </Shape>
                            </Glyph>
                            <Glyph ID="char_206" CONTENT="a" HPOS="1852" VPOS="1396" WIDTH="1" HEIGHT="71" GC="0.9476">
                                <Shape>
                                    <Polygon POINTS="1853 1396 1852 1467 1852 1467 1853 1396"/>
                                </Shape>
                            </Glyph>
                            <Glyph ID="char_207" CONTENT="i" HPOS="1869" VPOS="1404" WIDTH="9" HEIGHT="59" GC="0.988">
                                <Shape>
                                    <Polygon POINTS="1870 1404 1869 1463 1877 1463 1878 1405"/>
                                </Shape>
                            </Glyph>
                            <Glyph ID="char_208" CONTENT="r" HPOS="1894" VPOS="1399" WIDTH="1" HEIGHT="64" GC="0.9973">
                                <Shape>
                                    <Polygon POINTS="1895 1399 1894 1463 1894 1463 1895 1399"/>
                                </Shape>
                            </Glyph>
                            <Glyph ID="char_209" CONTENT="e" HPOS="1919" VPOS="1391" WIDTH="1" HEIGHT="72" GC="0.9697">
                                <Shape>
                                    <Polygon POINTS="1920 1391 1919 1463 1919 1463 1920 1391"/>
                                </Shape>
                            </Glyph>
                        </String>
                        <SP ID="segment_79" HPOS="1960"  VPOS="1379" WIDTH="10"  HEIGHT="93"/>
                        <String ID="segment_80" CONTENT="boncles" HPOS="1985" VPOS="1379" WIDTH="151" HEIGHT="99" WC="0.913">
                            <Shape>
                                <Polygon POINTS="1986 1390 1985 1478 2135 1470 2136 1388"/>
                            </Shape>
                            <Glyph ID="char_211" CONTENT="b" HPOS="1985" VPOS="1390" WIDTH="1" HEIGHT="88" GC="0.9995">
                                <Shape>
                                    <Polygon POINTS="1986 1390 1985 1478 1985 1478 1986 1390"/>
                                </Shape>
                            </Glyph>
                            <Glyph ID="char_212" CONTENT="o" HPOS="2027" VPOS="1379" WIDTH="1" HEIGHT="90" GC="0.9142">
                                <Shape>
                                    <Polygon POINTS="2028 1379 2027 1469 2027 1469 2028 1379"/>
                                </Shape>
                            </Glyph>
                            <Glyph ID="char_213" CONTENT="n" HPOS="2060" VPOS="1397" WIDTH="1" HEIGHT="67" GC="0.9074">
                                <Shape>
                                    <Polygon POINTS="2061 1397 2060 1464 2060 1464 2061 1397"/>
                                </Shape>
                            </Glyph>
                            <Glyph ID="char_214" CONTENT="c" HPOS="2077" VPOS="1393" WIDTH="1" HEIGHT="80" GC="0.6949">
                                <Shape>
                                    <Polygon POINTS="2078 1393 2077 1473 2077 1473 2078 1393"/>
                                </Shape>
                            </Glyph>
                            <Glyph ID="char_215" CONTENT="l" HPOS="2094" VPOS="1389" WIDTH="1" HEIGHT="83" GC="0.8786">
                                <Shape>
                                    <Polygon POINTS="2095 1389 2094 1472 2094 1472 2095 1389"/>
                                </Shape>
                            </Glyph>
                            <Glyph ID="char_216" CONTENT="e" HPOS="2119" VPOS="1383" WIDTH="1" HEIGHT="88" GC="0.9975">
                                <Shape>
                                    <Polygon POINTS="2120 1383 2119 1471 2119 1471 2120 1383"/>
                                </Shape>
                            </Glyph>
                            <Glyph ID="char_217" CONTENT="s" HPOS="2135" VPOS="1388" WIDTH="1" HEIGHT="82" GC="0.9989">
                                <Shape>
                                    <Polygon POINTS="2136 1388 2135 1470 2135 1470 2136 1388"/>
                                </Shape>
                            </Glyph>
                        </String>
                        <SP ID="segment_81" HPOS="2194"  VPOS="1408" WIDTH="1"  HEIGHT="59"/>
                        <String ID="segment_82" CONTENT="....." HPOS="2219" VPOS="1408" WIDTH="109" HEIGHT="58" WC="0.8055">
                            <Shape>
                                <Polygon POINTS="2220 1408 2219 1466 2327 1464 2328 1408"/>
                            </Shape>
                            <Glyph ID="char_219" CONTENT="." HPOS="2219" VPOS="1408" WIDTH="1" HEIGHT="58" GC="0.5769">
                                <Shape>
                                    <Polygon POINTS="2220 1408 2219 1466 2219 1466 2220 1408"/>
                                </Shape>
                            </Glyph>
                            <Glyph ID="char_220" CONTENT="." HPOS="2260" VPOS="1408" WIDTH="1" HEIGHT="56" GC="0.8231">
                                <Shape>
                                    <Polygon POINTS="2261 1408 2260 1464 2260 1464 2261 1408"/>
                                </Shape>
                            </Glyph>
                            <Glyph ID="char_221" CONTENT="." HPOS="2285" VPOS="1408" WIDTH="1" HEIGHT="55" GC="0.9989">
                                <Shape>
                                    <Polygon POINTS="2286 1408 2285 1463 2285 1463 2286 1408"/>
                                </Shape>
                            </Glyph>
                            <Glyph ID="char_222" CONTENT="." HPOS="2310" VPOS="1408" WIDTH="1" HEIGHT="53" GC="0.6288">
                                <Shape>
                                    <Polygon POINTS="2311 1408 2310 1461 2310 1461 2311 1408"/>
                                </Shape>
                            </Glyph>
                            <Glyph ID="char_223" CONTENT="." HPOS="2327" VPOS="1408" WIDTH="1" HEIGHT="56" GC="0.9997">
                                <Shape>
                                    <Polygon POINTS="2328 1408 2327 1464 2327 1464 2328 1408"/>
                                </Shape>
                            </Glyph>
                        </String>
                        <SP ID="segment_83" HPOS="2352"  VPOS="1400" WIDTH="1"  HEIGHT="72"/>
                        <String ID="segment_84" CONTENT="2&#34;" HPOS="2369" VPOS="1391" WIDTH="42" HEIGHT="87" WC="0.9968">
                            <Shape>
                                <Polygon POINTS="2370 1391 2369 1478 2410 1470 2411 1399"/>
                            </Shape>
                            <Glyph ID="char_225" CONTENT="2" HPOS="2369" VPOS="1391" WIDTH="1" HEIGHT="87" GC="0.9968">
                                <Shape>
                                    <Polygon POINTS="2370 1391 2369 1478 2369 1478 2370 1391"/>
                                </Shape>
                            </Glyph>
                            <Glyph ID="char_226" CONTENT="&#34;" HPOS="2410" VPOS="1399" WIDTH="1" HEIGHT="71" GC="0.9968">
                                <Shape>
                                    <Polygon POINTS="2411 1399 2410 1470 2410 1470 2411 1399"/>
                                </Shape>
                            </Glyph>
                        </String>
                        <SP ID="segment_85" HPOS="2435"  VPOS="1404" WIDTH="10"  HEIGHT="78"/>
                        <String ID="segment_86" CONTENT="14&#34;&#34;" HPOS="2460" VPOS="1396" WIDTH="126" HEIGHT="90" WC="0.9183">
                            <Shape>
                                <Polygon POINTS="2461 1402 2460 1483 2585 1474 2586 1406"/>
                            </Shape>
                            <Glyph ID="char_228" CONTENT="1" HPOS="2460" VPOS="1402" WIDTH="1" HEIGHT="81" GC="0.7614">
                                <Shape>
                                    <Polygon POINTS="2461 1402 2460 1483 2460 1483 2461 1402"/>
                                </Shape>
                            </Glyph>
                            <Glyph ID="char_229" CONTENT="4" HPOS="2477" VPOS="1396" WIDTH="1" HEIGHT="88" GC="0.9679">
                                <Shape>
                                    <Polygon POINTS="2478 1396 2477 1484 2477 1484 2478 1396"/>
                                </Shape>
                            </Glyph>
                            <Glyph ID="char_230" CONTENT="&#34;" HPOS="2527" VPOS="1405" WIDTH="1" HEIGHT="81" GC="0.9966">
                                <Shape>
                                    <Polygon POINTS="2528 1405 2527 1486 2527 1486 2528 1405"/>
                                </Shape>
                            </Glyph>
                            <Glyph ID="char_231" CONTENT="&#34;" HPOS="2585" VPOS="1406" WIDTH="1" HEIGHT="68" GC="0.9473">
                                <Shape>
                                    <Polygon POINTS="2586 1406 2585 1474 2585 1474 2586 1406"/>
                                </Shape>
                            </Glyph>
                        </String>
                    </TextLine>

                    <TextLine ID="e980cb49-ae90-42ff-90b0-0ef8ffcc208f" HPOS="1181.0" VPOS="1470.0" WIDTH="402.0" HEIGHT="137.0" BASELINE="1181.0 1554.0 1583.0 1549.0" TAGREFS="LINE_TYPE_1">
                        <Shape>
                            <Polygon POINTS="1181.0 1578.0 1272.0 1576.0 1305.0 1605.0 1308.0 1605.0 1310.0 1605.0 1312.0 1607.0 1380.0 1607.0 1380.0 1605.0 1382.0 1605.0 1468.0 1564.0 1578.0 1566.0 1583.0 1549.0 1578.0 1509.0 1506.0 1509.0 1471.0 1473.0 1471.0 1470.0 1468.0 1470.0 1466.0 1470.0 1413.0 1470.0 1411.0 1470.0 1408.0 1470.0 1406.0 1470.0 1406.0 1473.0 1384.0 1490.0 1368.0 1475.0 1368.0 1473.0 1365.0 1473.0 1363.0 1473.0 1360.0 1473.0 1358.0 1473.0 1298.0 1504.0 1238.0 1473.0 1236.0 1473.0 1233.0 1473.0 1231.0 1473.0 1229.0 1473.0 1229.0 1475.0 1193.0 1509.0 1181.0 1504.0 1181.0 1554.0 1181.0 1578.0"/>
                        </Shape>
                        <String ID="segment_87" CONTENT="In" HPOS="1217" VPOS="1476" WIDTH="28" HEIGHT="101" WC="0.9998">
                            <Shape>
                                <Polygon POINTS="1217 1486 1218 1577 1245 1577 1244 1476"/>
                            </Shape>
                            <Glyph ID="char_232" CONTENT="I" HPOS="1217" VPOS="1486" WIDTH="1" HEIGHT="91" GC="1.0">
                                <Shape>
                                    <Polygon POINTS="1217 1486 1218 1577 1218 1577 1217 1486"/>
                                </Shape>
                            </Glyph>
                            <Glyph ID="char_233" CONTENT="n" HPOS="1244" VPOS="1476" WIDTH="1" HEIGHT="101" GC="0.9997">
                                <Shape>
                                    <Polygon POINTS="1244 1476 1245 1577 1245 1577 1244 1476"/>
                                </Shape>
                            </Glyph>
                        </String>
                        <SP ID="segment_88" HPOS="1281"  VPOS="1495" WIDTH="10"  HEIGHT="98"/>
                        <String ID="segment_89" CONTENT="Coffre" HPOS="1309" VPOS="1470" WIDTH="138" HEIGHT="137" WC="0.9637">
                            <Shape>
                                <Polygon POINTS="1309 1498 1311 1606 1447 1574 1446 1470"/>
                            </Shape>
                            <Glyph ID="char_235" CONTENT="C" HPOS="1309" VPOS="1498" WIDTH="2" HEIGHT="108" GC="0.9519">
                                <Shape>
                                    <Polygon POINTS="1309 1498 1311 1606 1311 1606 1309 1498"/>
                                </Shape>
                            </Glyph>
                            <Glyph ID="char_236" CONTENT="o" HPOS="1364" VPOS="1473" WIDTH="2" HEIGHT="134" GC="0.9226">
                                <Shape>
                                    <Polygon POINTS="1364 1473 1366 1607 1366 1607 1364 1473"/>
                                </Shape>
                            </Glyph>
                            <Glyph ID="char_237" CONTENT="f" HPOS="1391" VPOS="1484" WIDTH="2" HEIGHT="116" GC="0.9989">
                                <Shape>
                                    <Polygon POINTS="1391 1484 1393 1600 1393 1600 1391 1484"/>
                                </Shape>
                            </Glyph>
                            <Glyph ID="char_238" CONTENT="f" HPOS="1410" VPOS="1470" WIDTH="1" HEIGHT="121" GC="0.9661">
                                <Shape>
                                    <Polygon POINTS="1410 1470 1411 1591 1411 1591 1410 1470"/>
                                </Shape>
                            </Glyph>
                            <Glyph ID="char_239" CONTENT="r" HPOS="1428" VPOS="1470" WIDTH="1" HEIGHT="112" GC="0.9785">
                                <Shape>
                                    <Polygon POINTS="1428 1470 1429 1582 1429 1582 1428 1470"/>
                                </Shape>
                            </Glyph>
                            <Glyph ID="char_240" CONTENT="e" HPOS="1446" VPOS="1470" WIDTH="1" HEIGHT="104" GC="0.9641">
                                <Shape>
                                    <Polygon POINTS="1446 1470 1447 1574 1447 1574 1446 1470"/>
                                </Shape>
                            </Glyph>
                        </String>
                    </TextLine>

                    <TextLine ID="b7a04a19-fcef-401f-b234-64e72bde3e98" HPOS="1169.0" VPOS="1569.0" WIDTH="452.0" HEIGHT="110.0" BASELINE="1171.0 1655.0 1621.0 1643.0" TAGREFS="LINE_TYPE_1">
                        <Shape>
                            <Polygon POINTS="1171.0 1655.0 1171.0 1679.0 1619.0 1657.0 1621.0 1643.0 1614.0 1600.0 1554.0 1600.0 1511.0 1569.0 1509.0 1569.0 1506.0 1569.0 1471.0 1569.0 1468.0 1569.0 1466.0 1569.0 1389.0 1605.0 1339.0 1605.0 1298.0 1573.0 1296.0 1573.0 1293.0 1573.0 1243.0 1573.0 1241.0 1573.0 1238.0 1573.0 1169.0 1602.0 1171.0 1655.0"/>
                        </Shape>
                        <String ID="segment_90" CONTENT="En" HPOS="1204" VPOS="1573" WIDTH="39" HEIGHT="104" WC="0.9992">
                            <Shape>
                                <Polygon POINTS="1204 1587 1207 1677 1243 1675 1240 1573"/>
                            </Shape>
                            <Glyph ID="char_241" CONTENT="E" HPOS="1204" VPOS="1587" WIDTH="3" HEIGHT="90" GC="0.9999">
                                <Shape>
                                    <Polygon POINTS="1204 1587 1207 1677 1207 1677 1204 1587"/>
                                </Shape>
                            </Glyph>
                            <Glyph ID="char_242" CONTENT="n" HPOS="1240" VPOS="1573" WIDTH="3" HEIGHT="102" GC="0.9985">
                                <Shape>
                                    <Polygon POINTS="1240 1573 1243 1675 1243 1675 1240 1573"/>
                                </Shape>
                            </Glyph>
                        </String>
                        <SP ID="segment_91" HPOS="1296"  VPOS="1573" WIDTH="10"  HEIGHT="100"/>
                        <String ID="segment_92" CONTENT="Espices" HPOS="1318" VPOS="1572" WIDTH="143" HEIGHT="100" WC="0.9765">
                            <Shape>
                                <Polygon POINTS="1318 1589 1320 1672 1461 1665 1459 1572"/>
                            </Shape>
                            <Glyph ID="char_244" CONTENT="E" HPOS="1318" VPOS="1589" WIDTH="2" HEIGHT="83" GC="0.9998">
                                <Shape>
                                    <Polygon POINTS="1318 1589 1320 1672 1320 1672 1318 1589"/>
                                </Shape>
                            </Glyph>
                            <Glyph ID="char_245" CONTENT="s" HPOS="1347" VPOS="1605" WIDTH="8" HEIGHT="65" GC="0.9524">
                                <Shape>
                                    <Polygon POINTS="1347 1605 1348 1670 1355 1670 1354 1605"/>
                                </Shape>
                            </Glyph>
                            <Glyph ID="char_246" CONTENT="p" HPOS="1375" VPOS="1605" WIDTH="1" HEIGHT="64" GC="0.9072">
                                <Shape>
                                    <Polygon POINTS="1375 1605 1376 1669 1376 1669 1375 1605"/>
                                </Shape>
                            </Glyph>
                            <Glyph ID="char_247" CONTENT="i" HPOS="1404" VPOS="1598" WIDTH="1" HEIGHT="69" GC="0.9999">
                                <Shape>
                                    <Polygon POINTS="1404 1598 1405 1667 1405 1667 1404 1598"/>
                                </Shape>
                            </Glyph>
                            <Glyph ID="char_248" CONTENT="c" HPOS="1424" VPOS="1588" WIDTH="2" HEIGHT="78" GC="0.9981">
                                <Shape>
                                    <Polygon POINTS="1424 1588 1426 1666 1426 1666 1424 1588"/>
                                </Shape>
                            </Glyph>
                            <Glyph ID="char_249" CONTENT="e" HPOS="1445" VPOS="1579" WIDTH="2" HEIGHT="86" GC="0.9884">
                                <Shape>
                                    <Polygon POINTS="1445 1579 1447 1665 1447 1665 1445 1579"/>
                                </Shape>
                            </Glyph>
                            <Glyph ID="char_250" CONTENT="s" HPOS="1459" VPOS="1572" WIDTH="2" HEIGHT="93" GC="0.9898">
                                <Shape>
                                    <Polygon POINTS="1459 1572 1461 1665 1461 1665 1459 1572"/>
                                </Shape>
                            </Glyph>
                        </String>
                    </TextLine>

                    <TextLine ID="35454708-4bcc-4819-b7a5-7765513eb121" HPOS="2146.0" VPOS="1492.0" WIDTH="446.0" HEIGHT="91.0" BASELINE="2149.0 1547.0 2592.0 1554.0" TAGREFS="LINE_TYPE_1">
                        <Shape>
                            <Polygon POINTS="2149.0 1547.0 2146.0 1559.0 2177.0 1571.0 2180.0 1571.0 2182.0 1571.0 2292.0 1561.0 2316.0 1576.0 2319.0 1576.0 2321.0 1576.0 2323.0 1576.0 2326.0 1576.0 2347.0 1564.0 2367.0 1581.0 2369.0 1581.0 2371.0 1581.0 2587.0 1583.0 2592.0 1554.0 2592.0 1523.0 2513.0 1523.0 2446.0 1492.0 2443.0 1492.0 2441.0 1492.0 2149.0 1513.0 2149.0 1547.0"/>
                        </Shape>
                        <String ID="segment_93" CONTENT="&#34;6." HPOS="2230" VPOS="1493" WIDTH="199" HEIGHT="89" WC="0.9978">
                            <Shape>
                                <Polygon POINTS="2231 1507 2230 1567 2427 1582 2429 1493"/>
                            </Shape>
                            <Glyph ID="char_251" CONTENT="&#34;" HPOS="2230" VPOS="1507" WIDTH="1" HEIGHT="60" GC="0.9996">
                                <Shape>
                                    <Polygon POINTS="2231 1507 2230 1567 2230 1567 2231 1507"/>
                                </Shape>
                            </Glyph>
                            <Glyph ID="char_252" CONTENT="6" HPOS="2366" VPOS="1497" WIDTH="1" HEIGHT="83" GC="1.0">
                                <Shape>
                                    <Polygon POINTS="2367 1497 2366 1580 2366 1580 2367 1497"/>
                                </Shape>
                            </Glyph>
                            <Glyph ID="char_253" CONTENT="." HPOS="2427" VPOS="1493" WIDTH="2" HEIGHT="89" GC="0.9939">
                                <Shape>
                                    <Polygon POINTS="2429 1493 2427 1582 2427 1582 2429 1493"/>
                                </Shape>
                            </Glyph>
                        </String>
                        <SP ID="segment_94" HPOS="2489"  VPOS="1513" WIDTH="9"  HEIGHT="69"/>
                        <String ID="segment_95" CONTENT="&#34;&#34;" HPOS="2508" VPOS="1521" WIDTH="82" HEIGHT="61" WC="0.8974">
                            <Shape>
                                <Polygon POINTS="2509 1521 2508 1582 2590 1567 2590 1523"/>
                            </Shape>
                            <Glyph ID="char_255" CONTENT="&#34;" HPOS="2508" VPOS="1521" WIDTH="1" HEIGHT="61" GC="0.9952">
                                <Shape>
                                    <Polygon POINTS="2509 1521 2508 1582 2508 1582 2509 1521"/>
                                </Shape>
                            </Glyph>
                            <Glyph ID="char_256" CONTENT="&#34;" HPOS="2590" VPOS="1523" WIDTH="0" HEIGHT="44" GC="0.7996">
                                <Shape>
                                    <Polygon POINTS="2590 1523 2590 1567 2590 1567 2590 1523"/>
                                </Shape>
                            </Glyph>
                        </String>
                    </TextLine>

                    <TextLine ID="f91636be-7728-49e9-86f9-3f151984eb60" HPOS="2065.0" VPOS="1585.0" WIDTH="524.0" HEIGHT="91.0" BASELINE="2067.0 1640.0 2589.0 1645.0" TAGREFS="LINE_TYPE_1">
                        <Shape>
                            <Polygon POINTS="2067.0 1640.0 2065.0 1657.0 2261.0 1655.0 2326.0 1676.0 2328.0 1676.0 2331.0 1676.0 2436.0 1657.0 2448.0 1667.0 2448.0 1669.0 2450.0 1669.0 2453.0 1669.0 2455.0 1669.0 2587.0 1664.0 2589.0 1645.0 2589.0 1607.0 2388.0 1590.0 2386.0 1590.0 2383.0 1590.0 2319.0 1609.0 2185.0 1609.0 2067.0 1585.0 2067.0 1640.0"/>
                        </Shape>
                        <String ID="segment_96" CONTENT="&#34;" HPOS="2218" VPOS="1609" WIDTH="0" HEIGHT="46" WC="0.9999">
                            <Shape>
                                <Polygon POINTS="2218 1609 2218 1655 2218 1655 2218 1609"/>
                            </Shape>
                            <Glyph ID="char_257" CONTENT="&#34;" HPOS="2218" VPOS="1609" WIDTH="0" HEIGHT="46" GC="0.9999">
                                <Shape>
                                    <Polygon POINTS="2218 1609 2218 1655 2218 1655 2218 1609"/>
                                </Shape>
                            </Glyph>
                        </String>
                        <SP ID="segment_97" HPOS="2333"  VPOS="1605" WIDTH="0"  HEIGHT="71"/>
                        <String ID="segment_98" CONTENT="98&#34;" HPOS="2351" VPOS="1590" WIDTH="78" HEIGHT="82" WC="0.99">
                            <Shape>
                                <Polygon POINTS="2351 1599 2351 1672 2429 1658 2429 1594"/>
                            </Shape>
                            <Glyph ID="char_259" CONTENT="9" HPOS="2351" VPOS="1599" WIDTH="0" HEIGHT="73" GC="1.0">
                                <Shape>
                                    <Polygon POINTS="2351 1599 2351 1672 2351 1672 2351 1599"/>
                                </Shape>
                            </Glyph>
                            <Glyph ID="char_260" CONTENT="8" HPOS="2393" VPOS="1590" WIDTH="0" HEIGHT="75" GC="0.9701">
                                <Shape>
                                    <Polygon POINTS="2393 1590 2393 1665 2393 1665 2393 1590"/>
                                </Shape>
                            </Glyph>
                            <Glyph ID="char_261" CONTENT="&#34;" HPOS="2429" VPOS="1594" WIDTH="0" HEIGHT="64" GC="0.9999">
                                <Shape>
                                    <Polygon POINTS="2429 1594 2429 1658 2429 1658 2429 1594"/>
                                </Shape>
                            </Glyph>
                        </String>
                        <SP ID="segment_99" HPOS="2447"  VPOS="1595" WIDTH="0"  HEIGHT="71"/>
                        <String ID="segment_100" CONTENT="10&#34;" HPOS="2459" VPOS="1596" WIDTH="55" HEIGHT="73" WC="0.6847">
                            <Shape>
                                <Polygon POINTS="2459 1596 2459 1669 2514 1667 2514 1601"/>
                            </Shape>
                            <Glyph ID="char_263" CONTENT="1" HPOS="2459" VPOS="1596" WIDTH="0" HEIGHT="73" GC="0.5878">
                                <Shape>
                                    <Polygon POINTS="2459 1596 2459 1669 2459 1669 2459 1596"/>
                                </Shape>
                            </Glyph>
                            <Glyph ID="char_264" CONTENT="0" HPOS="2483" VPOS="1598" WIDTH="0" HEIGHT="70" GC="0.9481">
                                <Shape>
                                    <Polygon POINTS="2483 1598 2483 1668 2483 1668 2483 1598"/>
                                </Shape>
                            </Glyph>
                            <Glyph ID="char_265" CONTENT="&#34;" HPOS="2514" VPOS="1601" WIDTH="0" HEIGHT="66" GC="0.5181">
                                <Shape>
                                    <Polygon POINTS="2514 1601 2514 1667 2514 1667 2514 1601"/>
                                </Shape>
                            </Glyph>
                        </String>
                        <SP ID="segment_101" HPOS="2568"  VPOS="1605" WIDTH="0"  HEIGHT="60"/>
                        <String ID="segment_102" CONTENT="&#34;" HPOS="2580" VPOS="1606" WIDTH="0" HEIGHT="58" WC="0.9993">
                            <Shape>
                                <Polygon POINTS="2580 1606 2580 1664 2580 1664 2580 1606"/>
                            </Shape>
                            <Glyph ID="char_267" CONTENT="&#34;" HPOS="2580" VPOS="1606" WIDTH="0" HEIGHT="58" GC="0.9993">
                                <Shape>
                                    <Polygon POINTS="2580 1606 2580 1664 2580 1664 2580 1606"/>
                                </Shape>
                            </Glyph>
                        </String>
                    </TextLine>

                    <TextLine ID="5818df0d-b2fd-449e-b34e-b02184ba781d" HPOS="1066.0" VPOS="1734.0" WIDTH="1078.0" HEIGHT="139.0" BASELINE="1068.0 1849.0 1643.0 1837.0 2144.0 1842.0" TAGREFS="LINE_TYPE_1">
                        <Shape>
                            <Polygon POINTS="1068.0 1849.0 1068.0 1873.0 1200.0 1863.0 1372.0 1873.0 1375.0 1873.0 1468.0 1856.0 1655.0 1866.0 1657.0 1866.0 1660.0 1866.0 1703.0 1854.0 2117.0 1866.0 2120.0 1866.0 2122.0 1866.0 2125.0 1866.0 2144.0 1849.0 2144.0 1842.0 2141.0 1770.0 2072.0 1734.0 2070.0 1734.0 2067.0 1734.0 1679.0 1772.0 1545.0 1743.0 1542.0 1743.0 1540.0 1743.0 1538.0 1743.0 1485.0 1777.0 1257.0 1777.0 1217.0 1743.0 1217.0 1741.0 1214.0 1741.0 1212.0 1741.0 1135.0 1741.0 1133.0 1741.0 1130.0 1741.0 1128.0 1741.0 1104.0 1763.0 1066.0 1763.0 1068.0 1849.0"/>
                        </Shape>
                        <String ID="segment_103" CONTENT="formant" HPOS="1084" VPOS="1741" WIDTH="243" HEIGHT="131" WC="0.9434">
                            <Shape>
                                <Polygon POINTS="1084 1763 1086 1872 1327 1870 1325 1777"/>
                            </Shape>
                            <Glyph ID="char_268" CONTENT="f" HPOS="1084" VPOS="1763" WIDTH="2" HEIGHT="109" GC="1.0">
                                <Shape>
                                    <Polygon POINTS="1084 1763 1086 1872 1086 1872 1084 1763"/>
                                </Shape>
                            </Glyph>
                            <Glyph ID="char_269" CONTENT="o" HPOS="1140" VPOS="1741" WIDTH="2" HEIGHT="126" GC="1.0">
                                <Shape>
                                    <Polygon POINTS="1140 1741 1142 1867 1142 1867 1140 1741"/>
                                </Shape>
                            </Glyph>
                            <Glyph ID="char_270" CONTENT="r" HPOS="1177" VPOS="1741" WIDTH="2" HEIGHT="124" GC="0.9993">
                                <Shape>
                                    <Polygon POINTS="1177 1741 1179 1865 1179 1865 1177 1741"/>
                                </Shape>
                            </Glyph>
                            <Glyph ID="char_271" CONTENT="m" HPOS="1223" VPOS="1748" WIDTH="2" HEIGHT="116" GC="0.9995">
                                <Shape>
                                    <Polygon POINTS="1223 1748 1225 1864 1225 1864 1223 1748"/>
                                </Shape>
                            </Glyph>
                            <Glyph ID="char_272" CONTENT="a" HPOS="1260" VPOS="1777" WIDTH="1" HEIGHT="90" GC="1.0">
                                <Shape>
                                    <Polygon POINTS="1260 1777 1261 1867 1261 1867 1260 1777"/>
                                </Shape>
                            </Glyph>
                            <Glyph ID="char_273" CONTENT="n" HPOS="1297" VPOS="1777" WIDTH="1" HEIGHT="92" GC="0.6204">
                                <Shape>
                                    <Polygon POINTS="1297 1777 1298 1869 1298 1869 1297 1777"/>
                                </Shape>
                            </Glyph>
                            <Glyph ID="char_274" CONTENT="t" HPOS="1325" VPOS="1777" WIDTH="2" HEIGHT="93" GC="0.9844">
                                <Shape>
                                    <Polygon POINTS="1325 1777 1327 1870 1327 1870 1325 1777"/>
                                </Shape>
                            </Glyph>
                        </String>
                        <SP ID="segment_104" HPOS="1362"  VPOS="1777" WIDTH="11"  HEIGHT="96"/>
                        <String ID="segment_105" CONTENT="une" HPOS="1389" VPOS="1777" WIDTH="57" HEIGHT="93" WC="0.9997">
                            <Shape>
                                <Polygon POINTS="1389 1777 1391 1870 1446 1860 1445 1777"/>
                            </Shape>
                            <Glyph ID="char_276" CONTENT="u" HPOS="1389" VPOS="1777" WIDTH="2" HEIGHT="93" GC="1.0">
                                <Shape>
                                    <Polygon POINTS="1389 1777 1391 1870 1391 1870 1389 1777"/>
                                </Shape>
                            </Glyph>
                            <Glyph ID="char_277" CONTENT="n" HPOS="1426" VPOS="1777" WIDTH="1" HEIGHT="86" GC="1.0">
                                <Shape>
                                    <Polygon POINTS="1426 1777 1427 1863 1427 1863 1426 1777"/>
                                </Shape>
                            </Glyph>
                            <Glyph ID="char_278" CONTENT="e" HPOS="1445" VPOS="1777" WIDTH="1" HEIGHT="83" GC="0.9991">
                                <Shape>
                                    <Polygon POINTS="1445 1777 1446 1860 1446 1860 1445 1777"/>
                                </Shape>
                            </Glyph>
                        </String>
                        <SP ID="segment_106" HPOS="1491"  VPOS="1768" WIDTH="10"  HEIGHT="90"/>
                        <String ID="segment_107" CONTENT="Somme" HPOS="1508" VPOS="1745" WIDTH="178" HEIGHT="121" WC="0.9959">
                            <Shape>
                                <Polygon POINTS="1508 1762 1510 1858 1685 1859 1686 1771"/>
                            </Shape>
                            <Glyph ID="char_280" CONTENT="S" HPOS="1508" VPOS="1762" WIDTH="2" HEIGHT="96" GC="0.9985">
                                <Shape>
                                    <Polygon POINTS="1508 1762 1510 1858 1510 1858 1508 1762"/>
                                </Shape>
                            </Glyph>
                            <Glyph ID="char_281" CONTENT="o" HPOS="1554" VPOS="1745" WIDTH="2" HEIGHT="116" GC="0.9949">
                                <Shape>
                                    <Polygon POINTS="1554 1745 1556 1861 1556 1861 1554 1745"/>
                                </Shape>
                            </Glyph>
                            <Glyph ID="char_282" CONTENT="m" HPOS="1591" VPOS="1753" WIDTH="2" HEIGHT="110" GC="0.9996">
                                <Shape>
                                    <Polygon POINTS="1591 1753 1593 1863 1593 1863 1591 1753"/>
                                </Shape>
                            </Glyph>
                            <Glyph ID="char_283" CONTENT="m" HPOS="1648" VPOS="1765" WIDTH="1" HEIGHT="101" GC="0.9865">
                                <Shape>
                                    <Polygon POINTS="1649 1765 1648 1866 1648 1866 1649 1765"/>
                                </Shape>
                            </Glyph>
                            <Glyph ID="char_284" CONTENT="e" HPOS="1685" VPOS="1771" WIDTH="1" HEIGHT="88" GC="1.0">
                                <Shape>
                                    <Polygon POINTS="1686 1771 1685 1859 1685 1859 1686 1771"/>
                                </Shape>
                            </Glyph>
                        </String>
                        <SP ID="segment_108" HPOS="1731"  VPOS="1766" WIDTH="11"  HEIGHT="89"/>
                        <String ID="segment_109" CONTENT="de" HPOS="1759" VPOS="1760" WIDTH="38" HEIGHT="97" WC="0.9998">
                            <Shape>
                                <Polygon POINTS="1760 1764 1759 1856 1796 1857 1797 1760"/>
                            </Shape>
                            <Glyph ID="char_286" CONTENT="d" HPOS="1759" VPOS="1764" WIDTH="1" HEIGHT="92" GC="1.0">
                                <Shape>
                                    <Polygon POINTS="1760 1764 1759 1856 1759 1856 1760 1764"/>
                                </Shape>
                            </Glyph>
                            <Glyph ID="char_287" CONTENT="e" HPOS="1796" VPOS="1760" WIDTH="1" HEIGHT="97" GC="0.9997">
                                <Shape>
                                    <Polygon POINTS="1797 1760 1796 1857 1796 1857 1797 1760"/>
                                </Shape>
                            </Glyph>
                        </String>
                        <SP ID="segment_110" HPOS="1860"  VPOS="1753" WIDTH="11"  HEIGHT="106"/>
                        <String ID="segment_111" CONTENT="Cent" HPOS="1888" VPOS="1737" WIDTH="148" HEIGHT="127" WC="0.9343">
                            <Shape>
                                <Polygon POINTS="1889 1751 1888 1859 2035 1864 2036 1737"/>
                            </Shape>
                            <Glyph ID="char_289" CONTENT="C" HPOS="1888" VPOS="1751" WIDTH="1" HEIGHT="108" GC="0.9969">
                                <Shape>
                                    <Polygon POINTS="1889 1751 1888 1859 1888 1859 1889 1751"/>
                                </Shape>
                            </Glyph>
                            <Glyph ID="char_290" CONTENT="e" HPOS="1953" VPOS="1745" WIDTH="1" HEIGHT="116" GC="0.7422">
                                <Shape>
                                    <Polygon POINTS="1954 1745 1953 1861 1953 1861 1954 1745"/>
                                </Shape>
                            </Glyph>
                            <Glyph ID="char_291" CONTENT="n" HPOS="1989" VPOS="1742" WIDTH="1" HEIGHT="120" GC="0.9987">
                                <Shape>
                                    <Polygon POINTS="1990 1742 1989 1862 1989 1862 1990 1742"/>
                                </Shape>
                            </Glyph>
                            <Glyph ID="char_292" CONTENT="t" HPOS="2035" VPOS="1737" WIDTH="1" HEIGHT="127" GC="0.9995">
                                <Shape>
                                    <Polygon POINTS="2036 1737 2035 1864 2035 1864 2036 1737"/>
                                </Shape>
                            </Glyph>
                        </String>
                    </TextLine>

                    <TextLine ID="3d21e628-88c6-49c4-ac5e-f196d8893966" HPOS="2268.0" VPOS="1720.0" WIDTH="331.0" HEIGHT="76.0" BASELINE="2268.0 1779.0 2599.0 1779.0" TAGREFS="LINE_TYPE_1">
                        <Shape>
                            <Polygon POINTS="2268.0 1779.0 2268.0 1794.0 2597.0 1796.0 2599.0 1779.0 2599.0 1746.0 2525.0 1746.0 2501.0 1722.0 2501.0 1720.0 2498.0 1720.0 2496.0 1720.0 2494.0 1720.0 2491.0 1720.0 2429.0 1743.0 2410.0 1724.0 2410.0 1722.0 2407.0 1722.0 2405.0 1722.0 2309.0 1720.0 2307.0 1720.0 2304.0 1720.0 2302.0 1720.0 2268.0 1741.0 2268.0 1779.0"/>
                        </Shape>
                        <String ID="segment_112" CONTENT="123^lt" HPOS="2299" VPOS="1720" WIDTH="130" HEIGHT="75" WC="0.9911">
                            <Shape>
                                <Polygon POINTS="2299 1722 2299 1794 2429 1795 2429 1743"/>
                            </Shape>
                            <Glyph ID="char_293" CONTENT="1" HPOS="2299" VPOS="1722" WIDTH="0" HEIGHT="72" GC="0.9977">
                                <Shape>
                                    <Polygon POINTS="2299 1722 2299 1794 2299 1794 2299 1722"/>
                                </Shape>
                            </Glyph>
                            <Glyph ID="char_294" CONTENT="2" HPOS="2330" VPOS="1720" WIDTH="0" HEIGHT="74" GC="1.0">
                                <Shape>
                                    <Polygon POINTS="2330 1720 2330 1794 2330 1794 2330 1720"/>
                                </Shape>
                            </Glyph>
                            <Glyph ID="char_295" CONTENT="3" HPOS="2377" VPOS="1721" WIDTH="0" HEIGHT="74" GC="0.9992">
                                <Shape>
                                    <Polygon POINTS="2377 1721 2377 1795 2377 1795 2377 1721"/>
                                </Shape>
                            </Glyph>
                            <Glyph ID="char_296" CONTENT="^" HPOS="2408" VPOS="1722" WIDTH="5" HEIGHT="73" GC="0.9502">
                                <Shape>
                                    <Polygon POINTS="2408 1722 2408 1795 2413 1795 2413 1727"/>
                                </Shape>
                            </Glyph>
                            <Glyph ID="char_297" CONTENT="l" HPOS="2418" VPOS="1732" WIDTH="6" HEIGHT="63" GC="0.9997">
                                <Shape>
                                    <Polygon POINTS="2418 1732 2418 1795 2424 1795 2424 1738"/>
                                </Shape>
                            </Glyph>
                            <Glyph ID="char_298" CONTENT="t" HPOS="2429" VPOS="1743" WIDTH="0" HEIGHT="52" GC="0.9999">
                                <Shape>
                                    <Polygon POINTS="2429 1743 2429 1795 2429 1795 2429 1743"/>
                                </Shape>
                            </Glyph>
                        </String>
                        <SP ID="segment_113" HPOS="2460"  VPOS="1730" WIDTH="5"  HEIGHT="65"/>
                        <String ID="segment_114" CONTENT="8&#34;&#34;" HPOS="2475" VPOS="1726" WIDTH="109" HEIGHT="70" WC="0.7988">
                            <Shape>
                                <Polygon POINTS="2475 1726 2475 1795 2584 1796 2584 1746"/>
                            </Shape>
                            <Glyph ID="char_300" CONTENT="8" HPOS="2475" VPOS="1726" WIDTH="0" HEIGHT="69" GC="0.9697">
                                <Shape>
                                    <Polygon POINTS="2475 1726 2475 1795 2475 1795 2475 1726"/>
                                </Shape>
                            </Glyph>
                            <Glyph ID="char_301" CONTENT="&#34;" HPOS="2512" VPOS="1733" WIDTH="0" HEIGHT="62" GC="0.6489">
                                <Shape>
                                    <Polygon POINTS="2512 1733 2512 1795 2512 1795 2512 1733"/>
                                </Shape>
                            </Glyph>
                            <Glyph ID="char_302" CONTENT="&#34;" HPOS="2584" VPOS="1746" WIDTH="0" HEIGHT="50" GC="0.7779">
                                <Shape>
                                    <Polygon POINTS="2584 1746 2584 1796 2584 1796 2584 1746"/>
                                </Shape>
                            </Glyph>
                        </String>
                    </TextLine>

                    <TextLine ID="76de4d35-3676-4928-a72c-b9089488733d" HPOS="1070.0" VPOS="1856.0" WIDTH="1201.0" HEIGHT="134.0" BASELINE="1073.0 1959.0 1449.0 1940.0 2271.0 1935.0" TAGREFS="LINE_TYPE_1">
                        <Shape>
                            <Polygon POINTS="1073.0 1959.0 1075.0 1990.0 1116.0 1976.0 1128.0 1985.0 1128.0 1988.0 1130.0 1988.0 1133.0 1988.0 1135.0 1990.0 1243.0 1990.0 1243.0 1988.0 1245.0 1988.0 1303.0 1957.0 1403.0 1973.0 1406.0 1973.0 1557.0 1954.0 1614.0 1981.0 1617.0 1981.0 1619.0 1981.0 1621.0 1981.0 1624.0 1981.0 1657.0 1954.0 1672.0 1966.0 1674.0 1966.0 1677.0 1966.0 1679.0 1966.0 1935.0 1952.0 1950.0 1964.0 1952.0 1964.0 1955.0 1964.0 2089.0 1969.0 2091.0 1969.0 2163.0 1966.0 2165.0 1966.0 2208.0 1945.0 2230.0 1959.0 2232.0 1959.0 2235.0 1959.0 2237.0 1959.0 2268.0 1952.0 2271.0 1935.0 2264.0 1885.0 2098.0 1885.0 2031.0 1856.0 2029.0 1856.0 2026.0 1856.0 2024.0 1856.0 2022.0 1856.0 1983.0 1882.0 1794.0 1858.0 1792.0 1858.0 1789.0 1858.0 1734.0 1880.0 1554.0 1863.0 1552.0 1863.0 1550.0 1863.0 1547.0 1863.0 1497.0 1894.0 1461.0 1894.0 1432.0 1866.0 1432.0 1863.0 1430.0 1863.0 1427.0 1863.0 1425.0 1863.0 1423.0 1863.0 1341.0 1887.0 1286.0 1878.0 1284.0 1878.0 1281.0 1878.0 1233.0 1894.0 1183.0 1868.0 1181.0 1868.0 1178.0 1868.0 1070.0 1885.0 1073.0 1959.0"/>
                        </Shape>
                        <String ID="segment_115" CONTENT="Vingt" HPOS="1128" VPOS="1869" WIDTH="149" HEIGHT="121" WC="0.9935">
                            <Shape>
                                <Polygon POINTS="1128 1876 1134 1989 1277 1971 1272 1881"/>
                            </Shape>
                            <Glyph ID="char_303" CONTENT="V" HPOS="1128" VPOS="1876" WIDTH="6" HEIGHT="113" GC="1.0">
                                <Shape>
                                    <Polygon POINTS="1128 1876 1134 1989 1134 1989 1128 1876"/>
                                </Shape>
                            </Glyph>
                            <Glyph ID="char_304" CONTENT="i" HPOS="1162" VPOS="1869" WIDTH="14" HEIGHT="121" GC="0.9974">
                                <Shape>
                                    <Polygon POINTS="1162 1871 1168 1990 1176 1990 1170 1869"/>
                                </Shape>
                            </Glyph>
                            <Glyph ID="char_305" CONTENT="n" HPOS="1196" VPOS="1875" WIDTH="6" HEIGHT="115" GC="1.0">
                                <Shape>
                                    <Polygon POINTS="1196 1875 1202 1990 1202 1990 1196 1875"/>
                                </Shape>
                            </Glyph>
                            <Glyph ID="char_306" CONTENT="g" HPOS="1222" VPOS="1888" WIDTH="5" HEIGHT="102" GC="0.9747">
                                <Shape>
                                    <Polygon POINTS="1222 1888 1227 1990 1227 1990 1222 1888"/>
                                </Shape>
                            </Glyph>
                            <Glyph ID="char_307" CONTENT="t" HPOS="1272" VPOS="1881" WIDTH="5" HEIGHT="90" GC="0.9954">
                                <Shape>
                                    <Polygon POINTS="1272 1881 1277 1971 1277 1971 1272 1881"/>
                                </Shape>
                            </Glyph>
                        </String>
                        <SP ID="segment_116" HPOS="1332"  VPOS="1885" WIDTH="12"  HEIGHT="78"/>
                        <String ID="segment_117" CONTENT="Trois" HPOS="1364" VPOS="1863" WIDTH="122" HEIGHT="109" WC="0.9775">
                            <Shape>
                                <Polygon POINTS="1364 1880 1369 1968 1486 1963 1485 1894"/>
                            </Shape>
                            <Glyph ID="char_309" CONTENT="T" HPOS="1364" VPOS="1880" WIDTH="5" HEIGHT="88" GC="0.8943">
                                <Shape>
                                    <Polygon POINTS="1364 1880 1369 1968 1369 1968 1364 1880"/>
                                </Shape>
                            </Glyph>
                            <Glyph ID="char_310" CONTENT="r" HPOS="1406" VPOS="1868" WIDTH="5" HEIGHT="104" GC="0.9998">
                                <Shape>
                                    <Polygon POINTS="1406 1868 1411 1972 1411 1972 1406 1868"/>
                                </Shape>
                            </Glyph>
                            <Glyph ID="char_311" CONTENT="o" HPOS="1432" VPOS="1863" WIDTH="5" HEIGHT="106" GC="0.9996">
                                <Shape>
                                    <Polygon POINTS="1432 1863 1437 1969 1437 1969 1432 1863"/>
                                </Shape>
                            </Glyph>
                            <Glyph ID="char_312" CONTENT="i" HPOS="1460" VPOS="1893" WIDTH="1" HEIGHT="73" GC="1.0">
                                <Shape>
                                    <Polygon POINTS="1460 1893 1461 1966 1461 1966 1460 1893"/>
                                </Shape>
                            </Glyph>
                            <Glyph ID="char_313" CONTENT="s" HPOS="1485" VPOS="1894" WIDTH="1" HEIGHT="69" GC="0.994">
                                <Shape>
                                    <Polygon POINTS="1485 1894 1486 1963 1486 1963 1485 1894"/>
                                </Shape>
                            </Glyph>
                        </String>
                        <SP ID="segment_118" HPOS="1553"  VPOS="1863" WIDTH="9"  HEIGHT="93"/>
                        <String ID="segment_119" CONTENT="Livres" HPOS="1578" VPOS="1865" WIDTH="153" HEIGHT="116" WC="0.9534">
                            <Shape>
                                <Polygon POINTS="1578 1865 1579 1964 1731 1963 1730 1880"/>
                            </Shape>
                            <Glyph ID="char_315" CONTENT="L" HPOS="1578" VPOS="1865" WIDTH="1" HEIGHT="99" GC="0.9999">
                                <Shape>
                                    <Polygon POINTS="1578 1865 1579 1964 1579 1964 1578 1865"/>
                                </Shape>
                            </Glyph>
                            <Glyph ID="char_316" CONTENT="i" HPOS="1620" VPOS="1869" WIDTH="1" HEIGHT="112" GC="1.0">
                                <Shape>
                                    <Polygon POINTS="1620 1869 1621 1981 1621 1981 1620 1869"/>
                                </Shape>
                            </Glyph>
                            <Glyph ID="char_317" CONTENT="v" HPOS="1646" VPOS="1872" WIDTH="1" HEIGHT="90" GC="0.7214">
                                <Shape>
                                    <Polygon POINTS="1646 1872 1647 1962 1647 1962 1646 1872"/>
                                </Shape>
                            </Glyph>
                            <Glyph ID="char_318" CONTENT="r" HPOS="1679" VPOS="1875" WIDTH="1" HEIGHT="91" GC="0.9997">
                                <Shape>
                                    <Polygon POINTS="1679 1875 1680 1966 1680 1966 1679 1875"/>
                                </Shape>
                            </Glyph>
                            <Glyph ID="char_319" CONTENT="e" HPOS="1705" VPOS="1877" WIDTH="1" HEIGHT="88" GC="0.9996">
                                <Shape>
                                    <Polygon POINTS="1705 1877 1706 1965 1706 1965 1705 1877"/>
                                </Shape>
                            </Glyph>
                            <Glyph ID="char_320" CONTENT="s" HPOS="1730" VPOS="1880" WIDTH="1" HEIGHT="83" GC="1.0">
                                <Shape>
                                    <Polygon POINTS="1730 1880 1731 1963 1731 1963 1730 1880"/>
                                </Shape>
                            </Glyph>
                        </String>
                        <SP ID="segment_120" HPOS="1781"  VPOS="1858" WIDTH="9"  HEIGHT="102"/>
                        <String ID="segment_121" CONTENT="huit" HPOS="1806" VPOS="1860" WIDTH="94" HEIGHT="99" WC="0.9852">
                            <Shape>
                                <Polygon POINTS="1806 1860 1807 1959 1900 1954 1899 1871"/>
                            </Shape>
                            <Glyph ID="char_322" CONTENT="h" HPOS="1806" VPOS="1860" WIDTH="1" HEIGHT="99" GC="0.9824">
                                <Shape>
                                    <Polygon POINTS="1806 1860 1807 1959 1807 1959 1806 1860"/>
                                </Shape>
                            </Glyph>
                            <Glyph ID="char_323" CONTENT="u" HPOS="1848" VPOS="1865" WIDTH="1" HEIGHT="92" GC="1.0">
                                <Shape>
                                    <Polygon POINTS="1848 1865 1849 1957 1849 1957 1848 1865"/>
                                </Shape>
                            </Glyph>
                            <Glyph ID="char_324" CONTENT="i" HPOS="1873" VPOS="1868" WIDTH="1" HEIGHT="87" GC="0.9794">
                                <Shape>
                                    <Polygon POINTS="1873 1868 1874 1955 1874 1955 1873 1868"/>
                                </Shape>
                            </Glyph>
                            <Glyph ID="char_325" CONTENT="t" HPOS="1899" VPOS="1871" WIDTH="1" HEIGHT="83" GC="0.9792">
                                <Shape>
                                    <Polygon POINTS="1899 1871 1900 1954 1900 1954 1899 1871"/>
                                </Shape>
                            </Glyph>
                        </String>
                        <SP ID="segment_122" HPOS="1949"  VPOS="1878" WIDTH="10"  HEIGHT="86"/>
                        <String ID="segment_123" CONTENT="sols" HPOS="1975" VPOS="1859" WIDTH="203" HEIGHT="110" WC="0.8858">
                            <Shape>
                                <Polygon POINTS="1975 1881 1976 1965 2178 1960 2177 1885"/>
                            </Shape>
                            <Glyph ID="char_327" CONTENT="s" HPOS="1975" VPOS="1881" WIDTH="1" HEIGHT="84" GC="0.9998">
                                <Shape>
                                    <Polygon POINTS="1975 1881 1976 1965 1976 1965 1975 1881"/>
                                </Shape>
                            </Glyph>
                            <Glyph ID="char_328" CONTENT="o" HPOS="2017" VPOS="1859" WIDTH="1" HEIGHT="107" GC="0.76">
                                <Shape>
                                    <Polygon POINTS="2017 1859 2018 1966 2018 1966 2017 1859"/>
                                </Shape>
                            </Glyph>
                            <Glyph ID="char_329" CONTENT="l" HPOS="2059" VPOS="1868" WIDTH="1" HEIGHT="100" GC="0.9952">
                                <Shape>
                                    <Polygon POINTS="2059 1868 2060 1968 2060 1968 2059 1868"/>
                                </Shape>
                            </Glyph>
                            <Glyph ID="char_330" CONTENT="s" HPOS="2076" VPOS="1876" WIDTH="1" HEIGHT="93" GC="0.6737">
                                <Shape>
                                    <Polygon POINTS="2076 1876 2077 1969 2077 1969 2076 1876"/>
                                </Shape>
                            </Glyph>
                            <Glyph ID="char_331" CONTENT="" HPOS="2177" VPOS="1885" WIDTH="1" HEIGHT="75" GC="1.0">
                                <Shape>
                                    <Polygon POINTS="2177 1885 2178 1960 2178 1960 2177 1885"/>
                                </Shape>
                            </Glyph>
                        </String>
                    </TextLine>

                    <TextLine ID="bce4d44b-439a-4506-8714-c3d8bbde3998" HPOS="1169.0" VPOS="2048.0" WIDTH="33.0" HEIGHT="57.0" BASELINE="1169.0 2096.0 1202.0 2096.0" TAGREFS="LINE_TYPE_1">
                        <Shape>
                            <Polygon POINTS="1169.0 2096.0 1169.0 2105.0 1202.0 2105.0 1202.0 2096.0 1200.0 2048.0 1169.0 2048.0 1169.0 2096.0"/>
                        </Shape>
                        <String CONTENT=""/>
                    </TextLine>

                    <TextLine ID="b230fa15-8031-4c27-99cd-d23b06838222" HPOS="1212.0" VPOS="1973.0" WIDTH="1399.0" HEIGHT="147.0" BASELINE="1214.0 2096.0 1717.0 2074.0 2611.0 2072.0" TAGREFS="LINE_TYPE_1">
                        <Shape>
                            <Polygon POINTS="1214.0 2096.0 1214.0 2120.0 1523.0 2117.0 1526.0 2117.0 1614.0 2093.0 1820.0 2112.0 1823.0 2112.0 1825.0 2112.0 1885.0 2096.0 1921.0 2112.0 1923.0 2112.0 1926.0 2112.0 1928.0 2112.0 1931.0 2112.0 1931.0 2110.0 1955.0 2091.0 2077.0 2103.0 2079.0 2103.0 2081.0 2103.0 2134.0 2088.0 2161.0 2110.0 2163.0 2110.0 2165.0 2110.0 2168.0 2110.0 2170.0 2110.0 2223.0 2091.0 2374.0 2098.0 2376.0 2098.0 2474.0 2084.0 2520.0 2098.0 2522.0 2098.0 2525.0 2098.0 2611.0 2084.0 2611.0 2072.0 2604.0 2014.0 2558.0 2014.0 2518.0 1976.0 2518.0 1973.0 2515.0 1973.0 2513.0 1973.0 2510.0 1973.0 2441.0 1976.0 2438.0 1976.0 2436.0 1976.0 2391.0 2017.0 2182.0 2019.0 2089.0 1995.0 2086.0 1995.0 2084.0 1995.0 2081.0 1995.0 2024.0 2019.0 1902.0 2021.0 1861.0 1983.0 1861.0 1981.0 1859.0 1981.0 1856.0 1981.0 1854.0 1981.0 1777.0 1983.0 1775.0 1983.0 1720.0 2012.0 1684.0 1990.0 1681.0 1990.0 1679.0 1990.0 1677.0 1990.0 1598.0 2002.0 1538.0 1985.0 1535.0 1985.0 1533.0 1985.0 1435.0 1997.0 1411.0 1985.0 1408.0 1985.0 1406.0 1985.0 1274.0 1988.0 1272.0 1988.0 1269.0 1988.0 1212.0 2026.0 1214.0 2096.0"/>
                        </Shape>
                        <String ID="segment_124" CONTENT="De" HPOS="1239" VPOS="1985" WIDTH="159" HEIGHT="135" WC="1.0">
                            <Shape>
                                <Polygon POINTS="1239 2008 1244 2120 1398 2118 1392 1985"/>
                            </Shape>
                            <Glyph ID="char_332" CONTENT="D" HPOS="1239" VPOS="2008" WIDTH="5" HEIGHT="112" GC="1.0">
                                <Shape>
                                    <Polygon POINTS="1239 2008 1244 2120 1244 2120 1239 2008"/>
                                </Shape>
                            </Glyph>
                            <Glyph ID="char_333" CONTENT="e" HPOS="1392" VPOS="1985" WIDTH="6" HEIGHT="133" GC="1.0">
                                <Shape>
                                    <Polygon POINTS="1392 1985 1398 2118 1398 2118 1392 1985"/>
                                </Shape>
                            </Glyph>
                        </String>
                        <SP ID="segment_125" HPOS="1412"  VPOS="1986" WIDTH="6"  HEIGHT="132"/>
                        <String ID="segment_126" CONTENT="laquelle" HPOS="1422" VPOS="1987" WIDTH="236" HEIGHT="131" WC="0.9952">
                            <Shape>
                                <Polygon POINTS="1422 1990 1427 2118 1658 2097 1654 1994"/>
                            </Shape>
                            <Glyph ID="char_335" CONTENT="l" HPOS="1422" VPOS="1990" WIDTH="5" HEIGHT="128" GC="0.9998">
                                <Shape>
                                    <Polygon POINTS="1422 1990 1427 2118 1427 2118 1422 1990"/>
                                </Shape>
                            </Glyph>
                            <Glyph ID="char_336" CONTENT="a" HPOS="1461" VPOS="1994" WIDTH="5" HEIGHT="124" GC="1.0">
                                <Shape>
                                    <Polygon POINTS="1461 1994 1466 2118 1466 2118 1461 1994"/>
                                </Shape>
                            </Glyph>
                            <Glyph ID="char_337" CONTENT="q" HPOS="1519" VPOS="1987" WIDTH="5" HEIGHT="130" GC="0.9993">
                                <Shape>
                                    <Polygon POINTS="1519 1987 1524 2117 1524 2117 1519 1987"/>
                                </Shape>
                            </Glyph>
                            <Glyph ID="char_338" CONTENT="u" HPOS="1557" VPOS="1990" WIDTH="5" HEIGHT="117" GC="0.9663">
                                <Shape>
                                    <Polygon POINTS="1557 1990 1562 2107 1562 2107 1557 1990"/>
                                </Shape>
                            </Glyph>
                            <Glyph ID="char_339" CONTENT="e" HPOS="1586" VPOS="1999" WIDTH="5" HEIGHT="100" GC="0.9979">
                                <Shape>
                                    <Polygon POINTS="1586 1999 1591 2099 1591 2099 1586 1999"/>
                                </Shape>
                            </Glyph>
                            <Glyph ID="char_340" CONTENT="l" HPOS="1615" VPOS="1999" WIDTH="4" HEIGHT="94" GC="0.9993">
                                <Shape>
                                    <Polygon POINTS="1615 1999 1619 2093 1619 2093 1615 1999"/>
                                </Shape>
                            </Glyph>
                            <Glyph ID="char_341" CONTENT="l" HPOS="1635" VPOS="1996" WIDTH="4" HEIGHT="99" GC="1.0">
                                <Shape>
                                    <Polygon POINTS="1635 1996 1639 2095 1639 2095 1635 1996"/>
                                </Shape>
                            </Glyph>
                            <Glyph ID="char_342" CONTENT="e" HPOS="1654" VPOS="1994" WIDTH="4" HEIGHT="103" GC="0.9992">
                                <Shape>
                                    <Polygon POINTS="1654 1994 1658 2097 1658 2097 1654 1994"/>
                                </Shape>
                            </Glyph>
                        </String>
                        <SP ID="segment_127" HPOS="1724"  VPOS="2004" WIDTH="11"  HEIGHT="100"/>
                        <String ID="segment_128" CONTENT="Somme" HPOS="1753" VPOS="1982" WIDTH="175" HEIGHT="130" WC="0.9932">
                            <Shape>
                                <Polygon POINTS="1753 1994 1754 2106 1928 2112 1927 2021"/>
                            </Shape>
                            <Glyph ID="char_344" CONTENT="S" HPOS="1753" VPOS="1994" WIDTH="1" HEIGHT="112" GC="0.9825">
                                <Shape>
                                    <Polygon POINTS="1753 1994 1754 2106 1754 2106 1753 1994"/>
                                </Shape>
                            </Glyph>
                            <Glyph ID="char_345" CONTENT="o" HPOS="1792" VPOS="1983" WIDTH="1" HEIGHT="126" GC="0.9991">
                                <Shape>
                                    <Polygon POINTS="1792 1983 1793 2109 1793 2109 1792 1983"/>
                                </Shape>
                            </Glyph>
                            <Glyph ID="char_346" CONTENT="m" HPOS="1830" VPOS="1982" WIDTH="1" HEIGHT="129" GC="0.9879">
                                <Shape>
                                    <Polygon POINTS="1830 1982 1831 2111 1831 2111 1830 1982"/>
                                </Shape>
                            </Glyph>
                            <Glyph ID="char_347" CONTENT="m" HPOS="1888" VPOS="2008" WIDTH="1" HEIGHT="90" GC="0.9966">
                                <Shape>
                                    <Polygon POINTS="1888 2008 1889 2098 1889 2098 1888 2008"/>
                                </Shape>
                            </Glyph>
                            <Glyph ID="char_348" CONTENT="e" HPOS="1927" VPOS="2021" WIDTH="1" HEIGHT="91" GC="0.9998">
                                <Shape>
                                    <Polygon POINTS="1927 2021 1928 2112 1928 2112 1927 2021"/>
                                </Shape>
                            </Glyph>
                        </String>
                        <SP ID="segment_129" HPOS="1985"  VPOS="2020" WIDTH="1"  HEIGHT="74"/>
                        <String ID="segment_130" CONTENT="cette" HPOS="2004" VPOS="1998" WIDTH="98" HEIGHT="105" WC="0.9782">
                            <Shape>
                                <Polygon POINTS="2004 2019 2005 2096 2102 2097 2101 1998"/>
                            </Shape>
                            <Glyph ID="char_350" CONTENT="c" HPOS="2004" VPOS="2019" WIDTH="1" HEIGHT="77" GC="0.9999">
                                <Shape>
                                    <Polygon POINTS="2004 2019 2005 2096 2005 2096 2004 2019"/>
                                </Shape>
                            </Glyph>
                            <Glyph ID="char_351" CONTENT="e" HPOS="2033" VPOS="2015" WIDTH="1" HEIGHT="84" GC="0.9179">
                                <Shape>
                                    <Polygon POINTS="2033 2015 2034 2099 2034 2099 2033 2015"/>
                                </Shape>
                            </Glyph>
                            <Glyph ID="char_352" CONTENT="t" HPOS="2052" VPOS="2007" WIDTH="1" HEIGHT="94" GC="0.9733">
                                <Shape>
                                    <Polygon POINTS="2052 2007 2053 2101 2053 2101 2052 2007"/>
                                </Shape>
                            </Glyph>
                            <Glyph ID="char_353" CONTENT="t" HPOS="2072" VPOS="1999" WIDTH="1" HEIGHT="104" GC="1.0">
                                <Shape>
                                    <Polygon POINTS="2072 1999 2073 2103 2073 2103 2072 1999"/>
                                </Shape>
                            </Glyph>
                            <Glyph ID="char_354" CONTENT="e" HPOS="2101" VPOS="1998" WIDTH="1" HEIGHT="99" GC="1.0">
                                <Shape>
                                    <Polygon POINTS="2101 1998 2102 2097 2102 2097 2101 1998"/>
                                </Shape>
                            </Glyph>
                        </String>
                        <SP ID="segment_131" HPOS="2159"  VPOS="2013" WIDTH="10"  HEIGHT="97"/>
                        <String ID="segment_132" CONTENT="provenant" HPOS="2187" VPOS="1982" WIDTH="243" HEIGHT="122" WC="0.9866">
                            <Shape>
                                <Polygon POINTS="2187 2019 2188 2104 2430 2090 2429 1982"/>
                            </Shape>
                            <Glyph ID="char_356" CONTENT="p" HPOS="2187" VPOS="2019" WIDTH="1" HEIGHT="85" GC="0.9503">
                                <Shape>
                                    <Polygon POINTS="2187 2019 2188 2104 2188 2104 2187 2019"/>
                                </Shape>
                            </Glyph>
                            <Glyph ID="char_357" CONTENT="r" HPOS="2226" VPOS="2019" WIDTH="1" HEIGHT="72" GC="0.9993">
                                <Shape>
                                    <Polygon POINTS="2226 2019 2227 2091 2227 2091 2226 2019"/>
                                </Shape>
                            </Glyph>
                            <Glyph ID="char_358" CONTENT="o" HPOS="2255" VPOS="2018" WIDTH="1" HEIGHT="75" GC="0.9588">
                                <Shape>
                                    <Polygon POINTS="2255 2018 2256 2093 2256 2093 2255 2018"/>
                                </Shape>
                            </Glyph>
                            <Glyph ID="char_359" CONTENT="v" HPOS="2284" VPOS="2018" WIDTH="1" HEIGHT="76" GC="0.9986">
                                <Shape>
                                    <Polygon POINTS="2284 2018 2285 2094 2285 2094 2284 2018"/>
                                </Shape>
                            </Glyph>
                            <Glyph ID="char_360" CONTENT="e" HPOS="2313" VPOS="2018" WIDTH="1" HEIGHT="77" GC="0.9994">
                                <Shape>
                                    <Polygon POINTS="2313 2018 2314 2095 2314 2095 2313 2018"/>
                                </Shape>
                            </Glyph>
                            <Glyph ID="char_361" CONTENT="n" HPOS="2342" VPOS="2017" WIDTH="1" HEIGHT="80" GC="0.9995">
                                <Shape>
                                    <Polygon POINTS="2342 2017 2343 2097 2343 2097 2342 2017"/>
                                </Shape>
                            </Glyph>
                            <Glyph ID="char_362" CONTENT="a" HPOS="2361" VPOS="2017" WIDTH="1" HEIGHT="80" GC="0.9741">
                                <Shape>
                                    <Polygon POINTS="2361 2017 2362 2097 2362 2097 2361 2017"/>
                                </Shape>
                            </Glyph>
                            <Glyph ID="char_363" CONTENT="n" HPOS="2400" VPOS="2008" WIDTH="1" HEIGHT="86" GC="0.9999">
                                <Shape>
                                    <Polygon POINTS="2400 2008 2401 2094 2401 2094 2400 2008"/>
                                </Shape>
                            </Glyph>
                            <Glyph ID="char_364" CONTENT="t" HPOS="2429" VPOS="1982" WIDTH="1" HEIGHT="108" GC="0.9996">
                                <Shape>
                                    <Polygon POINTS="2429 1982 2430 2090 2430 2090 2429 1982"/>
                                </Shape>
                            </Glyph>
                        </String>
                        <SP ID="segment_133" HPOS="2477"  VPOS="1974" WIDTH="11"  HEIGHT="114"/>
                        <String ID="segment_134" CONTENT="des" HPOS="2506" VPOS="1973" WIDTH="59" HEIGHT="123" WC="0.9997">
                            <Shape>
                                <Polygon POINTS="2506 1973 2507 2094 2565 2092 2564 2014"/>
                            </Shape>
                            <Glyph ID="char_366" CONTENT="d" HPOS="2506" VPOS="1973" WIDTH="1" HEIGHT="121" GC="0.9994">
                                <Shape>
                                    <Polygon POINTS="2506 1973 2507 2094 2507 2094 2506 1973"/>
                                </Shape>
                            </Glyph>
                            <Glyph ID="char_367" CONTENT="e" HPOS="2535" VPOS="1992" WIDTH="1" HEIGHT="104" GC="0.9998">
                                <Shape>
                                    <Polygon POINTS="2535 1992 2536 2096 2536 2096 2535 1992"/>
                                </Shape>
                            </Glyph>
                            <Glyph ID="char_368" CONTENT="s" HPOS="2564" VPOS="2014" WIDTH="1" HEIGHT="78" GC="0.9999">
                                <Shape>
                                    <Polygon POINTS="2564 2014 2565 2092 2565 2092 2564 2014"/>
                                </Shape>
                            </Glyph>
                        </String>
                    </TextLine>

                    <TextLine ID="3f36830d-0dbf-4331-b4be-bfe5056ab813" HPOS="1068.0" VPOS="2079.0" WIDTH="1543.0" HEIGHT="168.0" BASELINE="1070.0 2206.0 2611.0 2158.0" TAGREFS="LINE_TYPE_1">
                        <Shape>
                            <Polygon POINTS="1070.0 2206.0 1070.0 2247.0 1190.0 2244.0 1193.0 2244.0 1243.0 2218.0 1375.0 2225.0 1377.0 2225.0 1559.0 2208.0 1578.0 2220.0 1581.0 2220.0 1583.0 2220.0 1586.0 2220.0 1588.0 2220.0 1629.0 2208.0 1662.0 2230.0 1665.0 2230.0 1667.0 2230.0 1669.0 2230.0 1672.0 2230.0 1674.0 2230.0 1701.0 2206.0 1844.0 2199.0 1885.0 2218.0 1887.0 2218.0 1890.0 2220.0 2072.0 2220.0 2072.0 2218.0 2074.0 2218.0 2129.0 2194.0 2220.0 2213.0 2223.0 2213.0 2225.0 2213.0 2319.0 2184.0 2352.0 2199.0 2355.0 2199.0 2357.0 2199.0 2611.0 2172.0 2611.0 2158.0 2606.0 2084.0 2522.0 2079.0 2520.0 2079.0 2518.0 2079.0 2515.0 2079.0 2515.0 2081.0 2479.0 2115.0 2438.0 2115.0 2400.0 2088.0 2398.0 2088.0 2395.0 2088.0 2393.0 2088.0 2391.0 2088.0 2388.0 2088.0 2388.0 2091.0 2359.0 2117.0 2268.0 2120.0 2125.0 2120.0 2058.0 2093.0 2055.0 2093.0 2053.0 2093.0 2002.0 2096.0 2000.0 2096.0 1998.0 2096.0 1957.0 2129.0 1851.0 2120.0 1849.0 2120.0 1732.0 2136.0 1581.0 2108.0 1578.0 2108.0 1576.0 2108.0 1502.0 2144.0 1437.0 2112.0 1435.0 2112.0 1432.0 2112.0 1368.0 2115.0 1365.0 2115.0 1363.0 2115.0 1332.0 2144.0 1284.0 2117.0 1281.0 2117.0 1279.0 2117.0 1193.0 2120.0 1157.0 2122.0 1154.0 2122.0 1152.0 2122.0 1152.0 2124.0 1123.0 2151.0 1068.0 2153.0 1070.0 2206.0"/>
                        </Shape>
                        <String ID="segment_135" CONTENT="Effets" HPOS="1094" VPOS="2118" WIDTH="158" HEIGHT="128" WC="0.9455">
                            <Shape>
                                <Polygon POINTS="1094 2152 1097 2246 1252 2219 1249 2118"/>
                            </Shape>
                            <Glyph ID="char_369" CONTENT="E" HPOS="1094" VPOS="2152" WIDTH="3" HEIGHT="94" GC="1.0">
                                <Shape>
                                    <Polygon POINTS="1094 2152 1097 2246 1097 2246 1094 2152"/>
                                </Shape>
                            </Glyph>
                            <Glyph ID="char_370" CONTENT="f" HPOS="1154" VPOS="2122" WIDTH="4" HEIGHT="123" GC="0.9997">
                                <Shape>
                                    <Polygon POINTS="1154 2122 1158 2245 1158 2245 1154 2122"/>
                                </Shape>
                            </Glyph>
                            <Glyph ID="char_371" CONTENT="f" HPOS="1180" VPOS="2121" WIDTH="4" HEIGHT="123" GC="0.9866">
                                <Shape>
                                    <Polygon POINTS="1180 2121 1184 2244 1184 2244 1180 2121"/>
                                </Shape>
                            </Glyph>
                            <Glyph ID="char_372" CONTENT="e" HPOS="1197" VPOS="2120" WIDTH="4" HEIGHT="120" GC="0.971">
                                <Shape>
                                    <Polygon POINTS="1197 2120 1201 2240 1201 2240 1197 2120"/>
                                </Shape>
                            </Glyph>
                            <Glyph ID="char_373" CONTENT="t" HPOS="1223" VPOS="2119" WIDTH="4" HEIGHT="107" GC="0.9999">
                                <Shape>
                                    <Polygon POINTS="1223 2119 1227 2226 1227 2226 1223 2119"/>
                                </Shape>
                            </Glyph>
                            <Glyph ID="char_374" CONTENT="s" HPOS="1249" VPOS="2118" WIDTH="3" HEIGHT="101" GC="0.716">
                                <Shape>
                                    <Polygon POINTS="1249 2118 1252 2219 1252 2219 1249 2118"/>
                                </Shape>
                            </Glyph>
                        </String>
                        <SP ID="segment_136" HPOS="1311"  VPOS="2132" WIDTH="3"  HEIGHT="90"/>
                        <String ID="segment_137" CONTENT="vendus" HPOS="1328" VPOS="2113" WIDTH="150" HEIGHT="112" WC="0.9544">
                            <Shape>
                                <Polygon POINTS="1328 2142 1331 2223 1478 2216 1476 2131"/>
                            </Shape>
                            <Glyph ID="char_376" CONTENT="v" HPOS="1328" VPOS="2142" WIDTH="3" HEIGHT="81" GC="0.9999">
                                <Shape>
                                    <Polygon POINTS="1328 2142 1331 2223 1331 2223 1328 2142"/>
                                </Shape>
                            </Glyph>
                            <Glyph ID="char_377" CONTENT="e" HPOS="1362" VPOS="2116" WIDTH="4" HEIGHT="109" GC="0.9773">
                                <Shape>
                                    <Polygon POINTS="1362 2116 1366 2225 1366 2225 1362 2116"/>
                                </Shape>
                            </Glyph>
                            <Glyph ID="char_378" CONTENT="n" HPOS="1388" VPOS="2114" WIDTH="4" HEIGHT="110" GC="0.9994">
                                <Shape>
                                    <Polygon POINTS="1388 2114 1392 2224 1392 2224 1388 2114"/>
                                </Shape>
                            </Glyph>
                            <Glyph ID="char_379" CONTENT="d" HPOS="1414" VPOS="2113" WIDTH="4" HEIGHT="108" GC="0.9005">
                                <Shape>
                                    <Polygon POINTS="1414 2113 1418 2221 1418 2221 1414 2113"/>
                                </Shape>
                            </Glyph>
                            <Glyph ID="char_380" CONTENT="u" HPOS="1449" VPOS="2118" WIDTH="4" HEIGHT="100" GC="0.8499">
                                <Shape>
                                    <Polygon POINTS="1449 2118 1453 2218 1453 2218 1449 2118"/>
                                </Shape>
                            </Glyph>
                            <Glyph ID="char_381" CONTENT="s" HPOS="1476" VPOS="2131" WIDTH="2" HEIGHT="85" GC="0.9996">
                                <Shape>
                                    <Polygon POINTS="1476 2131 1478 2216 1478 2216 1476 2131"/>
                                </Shape>
                            </Glyph>
                        </String>
                        <SP ID="segment_138" HPOS="1528"  VPOS="2127" WIDTH="11"  HEIGHT="84"/>
                        <String ID="segment_139" CONTENT="Gerapassee" HPOS="1554" VPOS="2111" WIDTH="271" HEIGHT="113" WC="0.954">
                            <Shape>
                                <Polygon POINTS="1554 2119 1556 2208 1825 2200 1823 2124"/>
                            </Shape>
                            <Glyph ID="char_383" CONTENT="G" HPOS="1554" VPOS="2119" WIDTH="2" HEIGHT="89" GC="0.9999">
                                <Shape>
                                    <Polygon POINTS="1554 2119 1556 2208 1556 2208 1554 2119"/>
                                </Shape>
                            </Glyph>
                            <Glyph ID="char_384" CONTENT="e" HPOS="1596" VPOS="2111" WIDTH="4" HEIGHT="106" GC="0.5041">
                                <Shape>
                                    <Polygon POINTS="1596 2111 1600 2217 1600 2217 1596 2111"/>
                                </Shape>
                            </Glyph>
                            <Glyph ID="char_385" CONTENT="r" HPOS="1623" VPOS="2116" WIDTH="3" HEIGHT="93" GC="0.9946">
                                <Shape>
                                    <Polygon POINTS="1623 2116 1626 2209 1626 2209 1623 2116"/>
                                </Shape>
                            </Glyph>
                            <Glyph ID="char_386" CONTENT="a" HPOS="1650" VPOS="2121" WIDTH="3" HEIGHT="103" GC="0.9999">
                                <Shape>
                                    <Polygon POINTS="1650 2121 1653 2224 1653 2224 1650 2121"/>
                                </Shape>
                            </Glyph>
                            <Glyph ID="char_387" CONTENT="p" HPOS="1684" VPOS="2127" WIDTH="3" HEIGHT="92" GC="1.0">
                                <Shape>
                                    <Polygon POINTS="1684 2127 1687 2219 1687 2219 1684 2127"/>
                                </Shape>
                            </Glyph>
                            <Glyph ID="char_388" CONTENT="a" HPOS="1728" VPOS="2135" WIDTH="2" HEIGHT="70" GC="1.0">
                                <Shape>
                                    <Polygon POINTS="1728 2135 1730 2205 1730 2205 1728 2135"/>
                                </Shape>
                            </Glyph>
                            <Glyph ID="char_389" CONTENT="s" HPOS="1762" VPOS="2132" WIDTH="2" HEIGHT="71" GC="0.9995">
                                <Shape>
                                    <Polygon POINTS="1762 2132 1764 2203 1764 2203 1762 2132"/>
                                </Shape>
                            </Glyph>
                            <Glyph ID="char_390" CONTENT="s" HPOS="1780" VPOS="2129" WIDTH="2" HEIGHT="73" GC="0.9982">
                                <Shape>
                                    <Polygon POINTS="1780 2129 1782 2202 1782 2202 1780 2129"/>
                                </Shape>
                            </Glyph>
                            <Glyph ID="char_391" CONTENT="e" HPOS="1797" VPOS="2127" WIDTH="2" HEIGHT="74" GC="0.9996">
                                <Shape>
                                    <Polygon POINTS="1797 2127 1799 2201 1799 2201 1797 2127"/>
                                </Shape>
                            </Glyph>
                            <Glyph ID="char_392" CONTENT="" HPOS="1806" VPOS="2126" WIDTH="2" HEIGHT="75" GC="0.9998">
                                <Shape>
                                    <Polygon POINTS="1806 2126 1808 2201 1808 2201 1806 2126"/>
                                </Shape>
                            </Glyph>
                            <Glyph ID="char_393" CONTENT="e" HPOS="1823" VPOS="2124" WIDTH="2" HEIGHT="76" GC="0.9984">
                                <Shape>
                                    <Polygon POINTS="1823 2124 1825 2200 1825 2200 1823 2124"/>
                                </Shape>
                            </Glyph>
                        </String>
                        <SP ID="segment_140" HPOS="1858"  VPOS="2121" WIDTH="12"  HEIGHT="90"/>
                        <String ID="segment_141" CONTENT="en" HPOS="1875" VPOS="2122" WIDTH="29" HEIGHT="98" WC="0.9984">
                            <Shape>
                                <Polygon POINTS="1875 2122 1878 2215 1904 2220 1901 2124"/>
                            </Shape>
                            <Glyph ID="char_395" CONTENT="e" HPOS="1875" VPOS="2122" WIDTH="3" HEIGHT="93" GC="0.9992">
                                <Shape>
                                    <Polygon POINTS="1875 2122 1878 2215 1878 2215 1875 2122"/>
                                </Shape>
                            </Glyph>
                            <Glyph ID="char_396" CONTENT="n" HPOS="1901" VPOS="2124" WIDTH="3" HEIGHT="96" GC="0.9977">
                                <Shape>
                                    <Polygon POINTS="1901 2124 1904 2220 1904 2220 1901 2124"/>
                                </Shape>
                            </Glyph>
                        </String>
                        <SP ID="segment_142" HPOS="1962"  VPOS="2125" WIDTH="3"  HEIGHT="95"/>
                        <String ID="segment_143" CONTENT="Compte" HPOS="1979" VPOS="2094" WIDTH="176" HEIGHT="126" WC="0.9032">
                            <Shape>
                                <Polygon POINTS="1979 2112 1982 2220 2155 2199 2153 2120"/>
                            </Shape>
                            <Glyph ID="char_398" CONTENT="C" HPOS="1979" VPOS="2112" WIDTH="3" HEIGHT="108" GC="0.8547">
                                <Shape>
                                    <Polygon POINTS="1979 2112 1982 2220 1982 2220 1979 2112"/>
                                </Shape>
                            </Glyph>
                            <Glyph ID="char_399" CONTENT="o" HPOS="2030" VPOS="2094" WIDTH="4" HEIGHT="126" GC="1.0">
                                <Shape>
                                    <Polygon POINTS="2030 2094 2034 2220 2034 2220 2030 2094"/>
                                </Shape>
                            </Glyph>
                            <Glyph ID="char_400" CONTENT="m" HPOS="2065" VPOS="2096" WIDTH="4" HEIGHT="124" GC="0.8941">
                                <Shape>
                                    <Polygon POINTS="2065 2096 2069 2220 2069 2220 2065 2096"/>
                                </Shape>
                            </Glyph>
                            <Glyph ID="char_401" CONTENT="p" HPOS="2101" VPOS="2110" WIDTH="2" HEIGHT="95" GC="0.9995">
                                <Shape>
                                    <Polygon POINTS="2101 2110 2103 2205 2103 2205 2101 2110"/>
                                </Shape>
                            </Glyph>
                            <Glyph ID="char_402" CONTENT="t" HPOS="2127" VPOS="2120" WIDTH="2" HEIGHT="74" GC="0.6712">
                                <Shape>
                                    <Polygon POINTS="2127 2120 2129 2194 2129 2194 2127 2120"/>
                                </Shape>
                            </Glyph>
                            <Glyph ID="char_403" CONTENT="e" HPOS="2153" VPOS="2120" WIDTH="2" HEIGHT="79" GC="0.9999">
                                <Shape>
                                    <Polygon POINTS="2153 2120 2155 2199 2155 2199 2153 2120"/>
                                </Shape>
                            </Glyph>
                        </String>
                        <SP ID="segment_144" HPOS="2188"  VPOS="2120" WIDTH="11"  HEIGHT="89"/>
                        <String ID="segment_145" CONTENT="aux" HPOS="2214" VPOS="2120" WIDTH="71" HEIGHT="92" WC="0.82">
                            <Shape>
                                <Polygon POINTS="2214 2120 2217 2212 2285 2194 2283 2120"/>
                            </Shape>
                            <Glyph ID="char_405" CONTENT="a" HPOS="2214" VPOS="2120" WIDTH="3" HEIGHT="92" GC="0.5251">
                                <Shape>
                                    <Polygon POINTS="2214 2120 2217 2212 2217 2212 2214 2120"/>
                                </Shape>
                            </Glyph>
                            <Glyph ID="char_406" CONTENT="u" HPOS="2248" VPOS="2120" WIDTH="3" HEIGHT="85" GC="0.9998">
                                <Shape>
                                    <Polygon POINTS="2248 2120 2251 2205 2251 2205 2248 2120"/>
                                </Shape>
                            </Glyph>
                            <Glyph ID="char_407" CONTENT="x" HPOS="2283" VPOS="2120" WIDTH="2" HEIGHT="74" GC="0.9351">
                                <Shape>
                                    <Polygon POINTS="2283 2120 2285 2194 2285 2194 2283 2120"/>
                                </Shape>
                            </Glyph>
                        </String>
                        <SP ID="segment_146" HPOS="2344"  VPOS="2117" WIDTH="2"  HEIGHT="79"/>
                        <String ID="segment_147" CONTENT="hommes" HPOS="2370" VPOS="2079" WIDTH="184" HEIGHT="118" WC="0.9978">
                            <Shape>
                                <Polygon POINTS="2370 2108 2372 2197 2554 2178 2551 2081"/>
                            </Shape>
                            <Glyph ID="char_409" CONTENT="h" HPOS="2370" VPOS="2108" WIDTH="2" HEIGHT="89" GC="0.9999">
                                <Shape>
                                    <Polygon POINTS="2370 2108 2372 2197 2372 2197 2370 2108"/>
                                </Shape>
                            </Glyph>
                            <Glyph ID="char_410" CONTENT="o" HPOS="2412" VPOS="2097" WIDTH="3" HEIGHT="96" GC="0.9964">
                                <Shape>
                                    <Polygon POINTS="2412 2097 2415 2193 2415 2193 2412 2097"/>
                                </Shape>
                            </Glyph>
                            <Glyph ID="char_411" CONTENT="m" HPOS="2439" VPOS="2115" WIDTH="2" HEIGHT="75" GC="0.9999">
                                <Shape>
                                    <Polygon POINTS="2439 2115 2441 2190 2441 2190 2439 2115"/>
                                </Shape>
                            </Glyph>
                            <Glyph ID="char_412" CONTENT="m" HPOS="2499" VPOS="2096" WIDTH="3" HEIGHT="88" GC="0.9998">
                                <Shape>
                                    <Polygon POINTS="2499 2096 2502 2184 2502 2184 2499 2096"/>
                                </Shape>
                            </Glyph>
                            <Glyph ID="char_413" CONTENT="e" HPOS="2525" VPOS="2079" WIDTH="3" HEIGHT="102" GC="0.9925">
                                <Shape>
                                    <Polygon POINTS="2525 2079 2528 2181 2528 2181 2525 2079"/>
                                </Shape>
                            </Glyph>
                            <Glyph ID="char_414" CONTENT="s" HPOS="2551" VPOS="2081" WIDTH="3" HEIGHT="97" GC="0.9984">
                                <Shape>
                                    <Polygon POINTS="2551 2081 2554 2178 2554 2178 2551 2081"/>
                                </Shape>
                            </Glyph>
                        </String>
                    </TextLine>

                    <TextLine ID="0a19bca8-1ad9-4fc9-b028-f9136cd86696" HPOS="1075.0" VPOS="2199.0" WIDTH="1570.0" HEIGHT="136.0" BASELINE="1078.0 2306.0 2645.0 2270.0" TAGREFS="LINE_TYPE_1">
                        <Shape>
                            <Polygon POINTS="1078.0 2306.0 1078.0 2318.0 1114.0 2335.0 1116.0 2335.0 1118.0 2335.0 1121.0 2335.0 1181.0 2321.0 1382.0 2326.0 1384.0 2326.0 1387.0 2326.0 1389.0 2326.0 1408.0 2314.0 1571.0 2326.0 1574.0 2326.0 1696.0 2309.0 1765.0 2321.0 1768.0 2321.0 1840.0 2304.0 1868.0 2318.0 1871.0 2318.0 1873.0 2321.0 2012.0 2321.0 2012.0 2318.0 2645.0 2285.0 2645.0 2270.0 2637.0 2225.0 2472.0 2227.0 2438.0 2199.0 2436.0 2199.0 2434.0 2199.0 2431.0 2199.0 2345.0 2213.0 2271.0 2201.0 2268.0 2201.0 2266.0 2201.0 2264.0 2201.0 2264.0 2203.0 2225.0 2237.0 2139.0 2237.0 2108.0 2225.0 2105.0 2225.0 2103.0 2225.0 2101.0 2225.0 2098.0 2225.0 2079.0 2237.0 1966.0 2237.0 1919.0 2211.0 1916.0 2211.0 1914.0 2211.0 1777.0 2237.0 1725.0 2213.0 1722.0 2213.0 1720.0 2213.0 1717.0 2213.0 1715.0 2213.0 1715.0 2215.0 1703.0 2225.0 1514.0 2218.0 1511.0 2218.0 1432.0 2220.0 1430.0 2220.0 1427.0 2220.0 1427.0 2223.0 1408.0 2242.0 1300.0 2256.0 1253.0 2232.0 1250.0 2232.0 1248.0 2232.0 1245.0 2232.0 1243.0 2232.0 1243.0 2235.0 1217.0 2259.0 1075.0 2261.0 1078.0 2306.0"/>
                        </Shape>
                        <String ID="segment_148" CONTENT="qui" HPOS="1124" VPOS="2260" WIDTH="56" HEIGHT="74" WC="1.0">
                            <Shape>
                                <Polygon POINTS="1124 2260 1126 2334 1180 2321 1179 2260"/>
                            </Shape>
                            <Glyph ID="char_415" CONTENT="q" HPOS="1124" VPOS="2260" WIDTH="2" HEIGHT="74" GC="1.0">
                                <Shape>
                                    <Polygon POINTS="1124 2260 1126 2334 1126 2334 1124 2260"/>
                                </Shape>
                            </Glyph>
                            <Glyph ID="char_416" CONTENT="u" HPOS="1155" VPOS="2260" WIDTH="1" HEIGHT="67" GC="1.0">
                                <Shape>
                                    <Polygon POINTS="1155 2260 1156 2327 1156 2327 1155 2260"/>
                                </Shape>
                            </Glyph>
                            <Glyph ID="char_417" CONTENT="i" HPOS="1171" VPOS="2260" WIDTH="9" HEIGHT="63" GC="0.9999">
                                <Shape>
                                    <Polygon POINTS="1171 2260 1172 2323 1180 2321 1179 2260"/>
                                </Shape>
                            </Glyph>
                        </String>
                        <SP ID="segment_149" HPOS="1210"  VPOS="2258" WIDTH="9"  HEIGHT="64"/>
                        <String ID="segment_150" CONTENT="les" HPOS="1233" VPOS="2234" WIDTH="40" HEIGHT="89" WC="0.9797">
                            <Shape>
                                <Polygon POINTS="1233 2245 1234 2322 1273 2323 1272 2241"/>
                            </Shape>
                            <Glyph ID="char_419" CONTENT="l" HPOS="1233" VPOS="2245" WIDTH="1" HEIGHT="77" GC="0.9392">
                                <Shape>
                                    <Polygon POINTS="1233 2245 1234 2322 1234 2322 1233 2245"/>
                                </Shape>
                            </Glyph>
                            <Glyph ID="char_420" CONTENT="e" HPOS="1256" VPOS="2234" WIDTH="2" HEIGHT="89" GC="0.9999">
                                <Shape>
                                    <Polygon POINTS="1256 2234 1258 2323 1258 2323 1256 2234"/>
                                </Shape>
                            </Glyph>
                            <Glyph ID="char_421" CONTENT="s" HPOS="1272" VPOS="2241" WIDTH="1" HEIGHT="82" GC="1.0">
                                <Shape>
                                    <Polygon POINTS="1272 2241 1273 2323 1273 2323 1272 2241"/>
                                </Shape>
                            </Glyph>
                        </String>
                        <SP ID="segment_151" HPOS="1311"  VPOS="2254" WIDTH="9"  HEIGHT="70"/>
                        <String ID="segment_152" CONTENT="ont" HPOS="1335" VPOS="2243" WIDTH="63" HEIGHT="83" WC="0.9984">
                            <Shape>
                                <Polygon POINTS="1335 2251 1337 2325 1398 2320 1397 2243"/>
                            </Shape>
                            <Glyph ID="char_423" CONTENT="o" HPOS="1335" VPOS="2251" WIDTH="2" HEIGHT="74" GC="0.996">
                                <Shape>
                                    <Polygon POINTS="1335 2251 1337 2325 1337 2325 1335 2251"/>
                                </Shape>
                            </Glyph>
                            <Glyph ID="char_424" CONTENT="n" HPOS="1366" VPOS="2247" WIDTH="2" HEIGHT="79" GC="0.9996">
                                <Shape>
                                    <Polygon POINTS="1366 2247 1368 2326 1368 2326 1366 2247"/>
                                </Shape>
                            </Glyph>
                            <Glyph ID="char_425" CONTENT="t" HPOS="1397" VPOS="2243" WIDTH="1" HEIGHT="77" GC="0.9995">
                                <Shape>
                                    <Polygon POINTS="1397 2243 1398 2320 1398 2320 1397 2243"/>
                                </Shape>
                            </Glyph>
                        </String>
                        <SP ID="segment_153" HPOS="1435"  VPOS="2220" WIDTH="10"  HEIGHT="97"/>
                        <String ID="segment_154" CONTENT="achretes," HPOS="1459" VPOS="2218" WIDTH="236" HEIGHT="108" WC="0.9831">
                            <Shape>
                                <Polygon POINTS="1459 2219 1461 2318 1695 2309 1693 2225"/>
                            </Shape>
                            <Glyph ID="char_427" CONTENT="a" HPOS="1459" VPOS="2219" WIDTH="2" HEIGHT="99" GC="1.0">
                                <Shape>
                                    <Polygon POINTS="1459 2219 1461 2318 1461 2318 1459 2219"/>
                                </Shape>
                            </Glyph>
                            <Glyph ID="char_428" CONTENT="c" HPOS="1482" VPOS="2219" WIDTH="2" HEIGHT="101" GC="0.9758">
                                <Shape>
                                    <Polygon POINTS="1482 2219 1484 2320 1484 2320 1482 2219"/>
                                </Shape>
                            </Glyph>
                            <Glyph ID="char_429" CONTENT="h" HPOS="1513" VPOS="2218" WIDTH="2" HEIGHT="104" GC="1.0">
                                <Shape>
                                    <Polygon POINTS="1513 2218 1515 2322 1515 2322 1513 2218"/>
                                </Shape>
                            </Glyph>
                            <Glyph ID="char_430" CONTENT="r" HPOS="1537" VPOS="2219" WIDTH="3" HEIGHT="105" GC="0.9966">
                                <Shape>
                                    <Polygon POINTS="1537 2219 1540 2324 1540 2324 1537 2219"/>
                                </Shape>
                            </Glyph>
                            <Glyph ID="char_431" CONTENT="e" HPOS="1560" VPOS="2220" WIDTH="3" HEIGHT="105" GC="0.9993">
                                <Shape>
                                    <Polygon POINTS="1560 2220 1563 2325 1563 2325 1560 2220"/>
                                </Shape>
                            </Glyph>
                            <Glyph ID="char_432" CONTENT="" HPOS="1568" VPOS="2220" WIDTH="3" HEIGHT="106" GC="0.9989">
                                <Shape>
                                    <Polygon POINTS="1568 2220 1571 2326 1571 2326 1568 2220"/>
                                </Shape>
                            </Glyph>
                            <Glyph ID="char_433" CONTENT="t" HPOS="1584" VPOS="2221" WIDTH="3" HEIGHT="103" GC="1.0">
                                <Shape>
                                    <Polygon POINTS="1584 2221 1587 2324 1587 2324 1584 2221"/>
                                </Shape>
                            </Glyph>
                            <Glyph ID="char_434" CONTENT="e" HPOS="1615" VPOS="2222" WIDTH="2" HEIGHT="98" GC="0.8436">
                                <Shape>
                                    <Polygon POINTS="1615 2222 1617 2320 1617 2320 1615 2222"/>
                                </Shape>
                            </Glyph>
                            <Glyph ID="char_435" CONTENT="" HPOS="1623" VPOS="2222" WIDTH="2" HEIGHT="97" GC="0.9997">
                                <Shape>
                                    <Polygon POINTS="1623 2222 1625 2319 1625 2319 1623 2222"/>
                                </Shape>
                            </Glyph>
                            <Glyph ID="char_436" CONTENT="s" HPOS="1638" VPOS="2223" WIDTH="2" HEIGHT="94" GC="1.0">
                                <Shape>
                                    <Polygon POINTS="1638 2223 1640 2317 1640 2317 1638 2223"/>
                                </Shape>
                            </Glyph>
                            <Glyph ID="char_437" CONTENT="," HPOS="1693" VPOS="2225" WIDTH="2" HEIGHT="84" GC="1.0">
                                <Shape>
                                    <Polygon POINTS="1693 2225 1695 2309 1695 2309 1693 2225"/>
                                </Shape>
                            </Glyph>
                        </String>
                        <SP ID="segment_155" HPOS="1701"  VPOS="2220" WIDTH="10"  HEIGHT="92"/>
                        <String ID="segment_156" CONTENT="celle" HPOS="1724" VPOS="2213" WIDTH="80" HEIGHT="107" WC="0.9999">
                            <Shape>
                                <Polygon POINTS="1724 2213 1726 2314 1804 2312 1802 2232"/>
                            </Shape>
                            <Glyph ID="char_439" CONTENT="c" HPOS="1724" VPOS="2213" WIDTH="2" HEIGHT="101" GC="0.9998">
                                <Shape>
                                    <Polygon POINTS="1724 2213 1726 2314 1726 2314 1724 2213"/>
                                </Shape>
                            </Glyph>
                            <Glyph ID="char_440" CONTENT="e" HPOS="1740" VPOS="2220" WIDTH="2" HEIGHT="97" GC="0.9996">
                                <Shape>
                                    <Polygon POINTS="1740 2220 1742 2317 1742 2317 1740 2220"/>
                                </Shape>
                            </Glyph>
                            <Glyph ID="char_441" CONTENT="l" HPOS="1772" VPOS="2234" WIDTH="1" HEIGHT="86" GC="1.0">
                                <Shape>
                                    <Polygon POINTS="1772 2234 1773 2320 1773 2320 1772 2234"/>
                                </Shape>
                            </Glyph>
                            <Glyph ID="char_442" CONTENT="l" HPOS="1788" VPOS="2235" WIDTH="1" HEIGHT="81" GC="1.0">
                                <Shape>
                                    <Polygon POINTS="1788 2235 1789 2316 1789 2316 1788 2235"/>
                                </Shape>
                            </Glyph>
                            <Glyph ID="char_443" CONTENT="e" HPOS="1802" VPOS="2232" WIDTH="2" HEIGHT="80" GC="1.0">
                                <Shape>
                                    <Polygon POINTS="1802 2232 1804 2312 1804 2312 1802 2232"/>
                                </Shape>
                            </Glyph>
                        </String>
                        <SP ID="segment_157" HPOS="1841"  VPOS="2223" WIDTH="10"  HEIGHT="87"/>
                        <String ID="segment_158" CONTENT="trouvee" HPOS="1873" VPOS="2211" WIDTH="181" HEIGHT="110" WC="0.9102">
                            <Shape>
                                <Polygon POINTS="1873 2219 1876 2321 2054 2316 2053 2237"/>
                            </Shape>
                            <Glyph ID="char_445" CONTENT="t" HPOS="1873" VPOS="2219" WIDTH="3" HEIGHT="102" GC="1.0">
                                <Shape>
                                    <Polygon POINTS="1873 2219 1876 2321 1876 2321 1873 2219"/>
                                </Shape>
                            </Glyph>
                            <Glyph ID="char_446" CONTENT="r" HPOS="1912" VPOS="2211" WIDTH="3" HEIGHT="110" GC="0.7985">
                                <Shape>
                                    <Polygon POINTS="1912 2211 1915 2321 1915 2321 1912 2211"/>
                                </Shape>
                            </Glyph>
                            <Glyph ID="char_447" CONTENT="o" HPOS="1935" VPOS="2220" WIDTH="3" HEIGHT="101" GC="0.8822">
                                <Shape>
                                    <Polygon POINTS="1935 2220 1938 2321 1938 2321 1935 2220"/>
                                </Shape>
                            </Glyph>
                            <Glyph ID="char_448" CONTENT="u" HPOS="1967" VPOS="2237" WIDTH="2" HEIGHT="84" GC="1.0">
                                <Shape>
                                    <Polygon POINTS="1967 2237 1969 2321 1969 2321 1967 2237"/>
                                </Shape>
                            </Glyph>
                            <Glyph ID="char_449" CONTENT="v" HPOS="1999" VPOS="2237" WIDTH="2" HEIGHT="84" GC="0.6111">
                                <Shape>
                                    <Polygon POINTS="1999 2237 2001 2321 2001 2321 1999 2237"/>
                                </Shape>
                            </Glyph>
                            <Glyph ID="char_450" CONTENT="e" HPOS="2030" VPOS="2237" WIDTH="2" HEIGHT="80" GC="0.9898">
                                <Shape>
                                    <Polygon POINTS="2030 2237 2032 2317 2032 2317 2030 2237"/>
                                </Shape>
                            </Glyph>
                            <Glyph ID="char_451" CONTENT="" HPOS="2038" VPOS="2237" WIDTH="9" HEIGHT="80" GC="1.0">
                                <Shape>
                                    <Polygon POINTS="2038 2237 2039 2317 2047 2316 2046 2237"/>
                                </Shape>
                            </Glyph>
                            <Glyph ID="char_452" CONTENT="e" HPOS="2053" VPOS="2237" WIDTH="1" HEIGHT="79" GC="0.9996">
                                <Shape>
                                    <Polygon POINTS="2053 2237 2054 2316 2054 2316 2053 2237"/>
                                </Shape>
                            </Glyph>
                        </String>
                        <SP ID="segment_159" HPOS="2107"  VPOS="2225" WIDTH="10"  HEIGHT="88"/>
                        <String ID="segment_160" CONTENT="en" HPOS="2124" VPOS="2231" WIDTH="32" HEIGHT="81" WC="0.8964">
                            <Shape>
                                <Polygon POINTS="2124 2231 2125 2312 2156 2310 2155 2237"/>
                            </Shape>
                            <Glyph ID="char_454" CONTENT="e" HPOS="2124" VPOS="2231" WIDTH="1" HEIGHT="81" GC="0.9989">
                                <Shape>
                                    <Polygon POINTS="2124 2231 2125 2312 2125 2312 2124 2231"/>
                                </Shape>
                            </Glyph>
                            <Glyph ID="char_455" CONTENT="n" HPOS="2155" VPOS="2237" WIDTH="1" HEIGHT="73" GC="0.794">
                                <Shape>
                                    <Polygon POINTS="2155 2237 2156 2310 2156 2310 2155 2237"/>
                                </Shape>
                            </Glyph>
                        </String>
                        <SP ID="segment_161" HPOS="2210"  VPOS="2237" WIDTH="1"  HEIGHT="71"/>
                        <String ID="segment_162" CONTENT="Especes" HPOS="2225" VPOS="2203" WIDTH="181" HEIGHT="104" WC="0.9691">
                            <Shape>
                                <Polygon POINTS="2225 2237 2226 2307 2406 2297 2404 2203"/>
                            </Shape>
                            <Glyph ID="char_457" CONTENT="E" HPOS="2225" VPOS="2237" WIDTH="1" HEIGHT="70" GC="0.9435">
                                <Shape>
                                    <Polygon POINTS="2225 2237 2226 2307 2226 2307 2225 2237"/>
                                </Shape>
                            </Glyph>
                            <Glyph ID="char_458" CONTENT="s" HPOS="2263" VPOS="2204" WIDTH="2" HEIGHT="101" GC="0.9973">
                                <Shape>
                                    <Polygon POINTS="2263 2204 2265 2305 2265 2305 2263 2204"/>
                                </Shape>
                            </Glyph>
                            <Glyph ID="char_459" CONTENT="p" HPOS="2287" VPOS="2204" WIDTH="2" HEIGHT="100" GC="0.9997">
                                <Shape>
                                    <Polygon POINTS="2287 2204 2289 2304 2289 2304 2287 2204"/>
                                </Shape>
                            </Glyph>
                            <Glyph ID="char_460" CONTENT="e" HPOS="2326" VPOS="2210" WIDTH="10" HEIGHT="92" GC="0.9988">
                                <Shape>
                                    <Polygon POINTS="2326 2210 2328 2302 2336 2301 2334 2211"/>
                                </Shape>
                            </Glyph>
                            <Glyph ID="char_461" CONTENT="c" HPOS="2349" VPOS="2212" WIDTH="2" HEIGHT="88" GC="0.8591">
                                <Shape>
                                    <Polygon POINTS="2349 2212 2351 2300 2351 2300 2349 2212"/>
                                </Shape>
                            </Glyph>
                            <Glyph ID="char_462" CONTENT="e" HPOS="2373" VPOS="2208" WIDTH="2" HEIGHT="91" GC="0.9876">
                                <Shape>
                                    <Polygon POINTS="2373 2208 2375 2299 2375 2299 2373 2208"/>
                                </Shape>
                            </Glyph>
                            <Glyph ID="char_463" CONTENT="s" HPOS="2404" VPOS="2203" WIDTH="2" HEIGHT="94" GC="0.9978">
                                <Shape>
                                    <Polygon POINTS="2404 2203 2406 2297 2406 2297 2404 2203"/>
                                </Shape>
                            </Glyph>
                        </String>
                        <SP ID="segment_163" HPOS="2459"  VPOS="2217" WIDTH="2"  HEIGHT="78"/>
                        <String ID="segment_164" CONTENT="a" HPOS="2475" VPOS="2227" WIDTH="25" HEIGHT="67" WC="0.9993">
                            <Shape>
                                <Polygon POINTS="2475 2227 2476 2294 2500 2293 2499 2227"/>
                            </Shape>
                            <Glyph ID="char_465" CONTENT="a" HPOS="2475" VPOS="2227" WIDTH="1" HEIGHT="67" GC="0.9986">
                                <Shape>
                                    <Polygon POINTS="2475 2227 2476 2294 2476 2294 2475 2227"/>
                                </Shape>
                            </Glyph>
                            <Glyph ID="char_466" CONTENT="" HPOS="2491" VPOS="2227" WIDTH="9" HEIGHT="66" GC="1.0">
                                <Shape>
                                    <Polygon POINTS="2491 2227 2492 2293 2500 2293 2499 2227"/>
                                </Shape>
                            </Glyph>
                        </String>
                        <SP ID="segment_165" HPOS="2514"  VPOS="2226" WIDTH="9"  HEIGHT="66"/>
                        <String ID="segment_166" CONTENT="ete" HPOS="2530" VPOS="2225" WIDTH="71" HEIGHT="66" WC="0.9422">
                            <Shape>
                                <Polygon POINTS="2530 2226 2531 2291 2601 2287 2600 2225"/>
                            </Shape>
                            <Glyph ID="char_468" CONTENT="e" HPOS="2530" VPOS="2226" WIDTH="1" HEIGHT="65" GC="0.9999">
                                <Shape>
                                    <Polygon POINTS="2530 2226 2531 2291 2531 2291 2530 2226"/>
                                </Shape>
                            </Glyph>
                            <Glyph ID="char_469" CONTENT="" HPOS="2538" VPOS="2226" WIDTH="8" HEIGHT="65" GC="0.8055">
                                <Shape>
                                    <Polygon POINTS="2538 2226 2539 2291 2546 2290 2545 2226"/>
                                </Shape>
                            </Glyph>
                            <Glyph ID="char_470" CONTENT="t" HPOS="2561" VPOS="2226" WIDTH="1" HEIGHT="63" GC="1.0">
                                <Shape>
                                    <Polygon POINTS="2561 2226 2562 2289 2562 2289 2561 2226"/>
                                </Shape>
                            </Glyph>
                            <Glyph ID="char_471" CONTENT="e" HPOS="2584" VPOS="2226" WIDTH="1" HEIGHT="62" GC="0.9224">
                                <Shape>
                                    <Polygon POINTS="2584 2226 2585 2288 2585 2288 2584 2226"/>
                                </Shape>
                            </Glyph>
                            <Glyph ID="char_472" CONTENT="" HPOS="2592" VPOS="2225" WIDTH="9" HEIGHT="63" GC="0.9832">
                                <Shape>
                                    <Polygon POINTS="2592 2226 2593 2288 2601 2287 2600 2225"/>
                                </Shape>
                            </Glyph>
                        </String>
                    </TextLine>

                    <TextLine ID="b04ec116-e85a-4043-a4b5-c3225875fb9f" HPOS="1056.0" VPOS="2304.0" WIDTH="1589.0" HEIGHT="144.0" BASELINE="1058.0 2405.0 2645.0 2376.0" TAGREFS="LINE_TYPE_1">
                        <Shape>
                            <Polygon POINTS="1058.0 2405.0 1058.0 2445.0 1171.0 2448.0 1173.0 2448.0 1176.0 2448.0 1178.0 2448.0 1178.0 2445.0 1202.0 2421.0 1320.0 2414.0 1411.0 2431.0 1413.0 2431.0 1415.0 2431.0 1492.0 2412.0 1710.0 2438.0 1713.0 2438.0 1715.0 2438.0 1717.0 2438.0 1717.0 2436.0 1734.0 2419.0 1818.0 2409.0 2113.0 2431.0 2115.0 2431.0 2117.0 2431.0 2120.0 2431.0 2158.0 2409.0 2482.0 2412.0 2484.0 2412.0 2642.0 2390.0 2645.0 2376.0 2642.0 2318.0 2618.0 2304.0 2616.0 2304.0 2613.0 2304.0 2491.0 2304.0 2489.0 2304.0 2486.0 2304.0 2429.0 2333.0 2367.0 2311.0 2364.0 2311.0 2362.0 2311.0 2359.0 2311.0 2357.0 2311.0 2319.0 2338.0 2216.0 2323.0 2213.0 2323.0 2211.0 2323.0 2208.0 2323.0 2180.0 2342.0 2048.0 2342.0 2014.0 2314.0 2012.0 2314.0 2010.0 2314.0 1962.0 2314.0 1959.0 2314.0 1768.0 2347.0 1698.0 2326.0 1696.0 2326.0 1693.0 2326.0 1691.0 2326.0 1689.0 2326.0 1657.0 2345.0 1569.0 2321.0 1566.0 2321.0 1564.0 2321.0 1432.0 2326.0 1430.0 2326.0 1427.0 2326.0 1384.0 2354.0 1329.0 2342.0 1327.0 2342.0 1197.0 2357.0 1126.0 2342.0 1123.0 2342.0 1121.0 2342.0 1118.0 2342.0 1097.0 2362.0 1056.0 2362.0 1058.0 2405.0"/>
                        </Shape>
                        <String ID="segment_167" CONTENT="deposee" HPOS="1114" VPOS="2346" WIDTH="180" HEIGHT="102" WC="0.9609">
                            <Shape>
                                <Polygon POINTS="1114 2346 1116 2447 1294 2416 1293 2346"/>
                            </Shape>
                            <Glyph ID="char_473" CONTENT="d" HPOS="1114" VPOS="2346" WIDTH="2" HEIGHT="101" GC="1.0">
                                <Shape>
                                    <Polygon POINTS="1114 2346 1116 2447 1116 2447 1114 2346"/>
                                </Shape>
                            </Glyph>
                            <Glyph ID="char_474" CONTENT="e" HPOS="1147" VPOS="2346" WIDTH="2" HEIGHT="101" GC="1.0">
                                <Shape>
                                    <Polygon POINTS="1147 2346 1149 2447 1149 2447 1147 2346"/>
                                </Shape>
                            </Glyph>
                            <Glyph ID="char_475" CONTENT="" HPOS="1155" VPOS="2348" WIDTH="2" HEIGHT="100" GC="1.0">
                                <Shape>
                                    <Polygon POINTS="1155 2348 1157 2448 1157 2448 1155 2348"/>
                                </Shape>
                            </Glyph>
                            <Glyph ID="char_476" CONTENT="p" HPOS="1179" VPOS="2353" WIDTH="2" HEIGHT="89" GC="0.9999">
                                <Shape>
                                    <Polygon POINTS="1179 2353 1181 2442 1181 2442 1179 2353"/>
                                </Shape>
                            </Glyph>
                            <Glyph ID="char_477" CONTENT="o" HPOS="1212" VPOS="2355" WIDTH="1" HEIGHT="65" GC="0.649">
                                <Shape>
                                    <Polygon POINTS="1212 2355 1213 2420 1213 2420 1212 2355"/>
                                </Shape>
                            </Glyph>
                            <Glyph ID="char_478" CONTENT="s" HPOS="1236" VPOS="2352" WIDTH="1" HEIGHT="67" GC="1.0">
                                <Shape>
                                    <Polygon POINTS="1236 2352 1237 2419 1237 2419 1236 2352"/>
                                </Shape>
                            </Glyph>
                            <Glyph ID="char_479" CONTENT="e" HPOS="1269" VPOS="2349" WIDTH="1" HEIGHT="68" GC="0.9993">
                                <Shape>
                                    <Polygon POINTS="1269 2349 1270 2417 1270 2417 1269 2349"/>
                                </Shape>
                            </Glyph>
                            <Glyph ID="char_480" CONTENT="" HPOS="1277" VPOS="2348" WIDTH="1" HEIGHT="68" GC="0.9998">
                                <Shape>
                                    <Polygon POINTS="1277 2348 1278 2416 1278 2416 1277 2348"/>
                                </Shape>
                            </Glyph>
                            <Glyph ID="char_481" CONTENT="e" HPOS="1293" VPOS="2346" WIDTH="1" HEIGHT="70" GC="0.9999">
                                <Shape>
                                    <Polygon POINTS="1293 2346 1294 2416 1294 2416 1293 2346"/>
                                </Shape>
                            </Glyph>
                        </String>
                        <SP ID="segment_168" HPOS="1334"  VPOS="2343" WIDTH="9"  HEIGHT="75"/>
                        <String ID="segment_169" CONTENT="a" HPOS="1359" VPOS="2349" WIDTH="9" HEIGHT="74" WC="1.0">
                            <Shape>
                                <Polygon POINTS="1359 2349 1360 2422 1368 2423 1367 2350"/>
                            </Shape>
                            <Glyph ID="char_483" CONTENT="a" HPOS="1359" VPOS="2349" WIDTH="1" HEIGHT="73" GC="1.0">
                                <Shape>
                                    <Polygon POINTS="1359 2349 1360 2422 1360 2422 1359 2349"/>
                                </Shape>
                            </Glyph>
                            <Glyph ID="char_484" CONTENT="" HPOS="1367" VPOS="2350" WIDTH="1" HEIGHT="73" GC="1.0">
                                <Shape>
                                    <Polygon POINTS="1367 2350 1368 2423 1368 2423 1367 2350"/>
                                </Shape>
                            </Glyph>
                        </String>
                        <SP ID="segment_170" HPOS="1375"  VPOS="2352" WIDTH="9"  HEIGHT="74"/>
                        <String ID="segment_171" CONTENT="la" HPOS="1391" VPOS="2333" WIDTH="27" HEIGHT="97" WC="0.9999">
                            <Shape>
                                <Polygon POINTS="1391 2349 1392 2428 1418 2430 1416 2333"/>
                            </Shape>
                            <Glyph ID="char_486" CONTENT="l" HPOS="1391" VPOS="2349" WIDTH="1" HEIGHT="79" GC="0.9999">
                                <Shape>
                                    <Polygon POINTS="1391 2349 1392 2428 1392 2428 1391 2349"/>
                                </Shape>
                            </Glyph>
                            <Glyph ID="char_487" CONTENT="a" HPOS="1416" VPOS="2333" WIDTH="2" HEIGHT="97" GC="1.0">
                                <Shape>
                                    <Polygon POINTS="1416 2333 1418 2430 1418 2430 1416 2333"/>
                                </Shape>
                            </Glyph>
                        </String>
                        <SP ID="segment_172" HPOS="1481"  VPOS="2324" WIDTH="9"  HEIGHT="90"/>
                        <String ID="segment_173" CONTENT="Caisse" HPOS="1505" VPOS="2321" WIDTH="149" HEIGHT="110" WC="0.9465">
                            <Shape>
                                <Polygon POINTS="1505 2323 1506 2414 1654 2431 1652 2344"/>
                            </Shape>
                            <Glyph ID="char_489" CONTENT="C" HPOS="1505" VPOS="2323" WIDTH="1" HEIGHT="91" GC="1.0">
                                <Shape>
                                    <Polygon POINTS="1505 2323 1506 2414 1506 2414 1505 2323"/>
                                </Shape>
                            </Glyph>
                            <Glyph ID="char_490" CONTENT="a" HPOS="1554" VPOS="2321" WIDTH="1" HEIGHT="99" GC="1.0">
                                <Shape>
                                    <Polygon POINTS="1554 2321 1555 2420 1555 2420 1554 2321"/>
                                </Shape>
                            </Glyph>
                            <Glyph ID="char_491" CONTENT="i" HPOS="1579" VPOS="2324" WIDTH="1" HEIGHT="99" GC="0.9998">
                                <Shape>
                                    <Polygon POINTS="1579 2324 1580 2423 1580 2423 1579 2324"/>
                                </Shape>
                            </Glyph>
                            <Glyph ID="char_492" CONTENT="s" HPOS="1603" VPOS="2330" WIDTH="1" HEIGHT="95" GC="0.9913">
                                <Shape>
                                    <Polygon POINTS="1603 2330 1604 2425 1604 2425 1603 2330"/>
                                </Shape>
                            </Glyph>
                            <Glyph ID="char_493" CONTENT="s" HPOS="1628" VPOS="2337" WIDTH="2" HEIGHT="91" GC="0.6879">
                                <Shape>
                                    <Polygon POINTS="1628 2337 1630 2428 1630 2428 1628 2337"/>
                                </Shape>
                            </Glyph>
                            <Glyph ID="char_494" CONTENT="e" HPOS="1652" VPOS="2344" WIDTH="2" HEIGHT="87" GC="1.0">
                                <Shape>
                                    <Polygon POINTS="1652 2344 1654 2431 1654 2431 1652 2344"/>
                                </Shape>
                            </Glyph>
                        </String>
                        <SP ID="segment_174" HPOS="1701"  VPOS="2327" WIDTH="10"  HEIGHT="111"/>
                        <String ID="segment_175" CONTENT="pour" HPOS="1726" VPOS="2334" WIDTH="90" HEIGHT="92" WC="0.9975">
                            <Shape>
                                <Polygon POINTS="1726 2334 1727 2426 1816 2409 1815 2339"/>
                            </Shape>
                            <Glyph ID="char_496" CONTENT="p" HPOS="1726" VPOS="2334" WIDTH="1" HEIGHT="92" GC="0.9906">
                                <Shape>
                                    <Polygon POINTS="1726 2334 1727 2426 1727 2426 1726 2334"/>
                                </Shape>
                            </Glyph>
                            <Glyph ID="char_497" CONTENT="o" HPOS="1758" VPOS="2344" WIDTH="1" HEIGHT="72" GC="1.0">
                                <Shape>
                                    <Polygon POINTS="1758 2344 1759 2416 1759 2416 1758 2344"/>
                                </Shape>
                            </Glyph>
                            <Glyph ID="char_498" CONTENT="u" HPOS="1783" VPOS="2344" WIDTH="1" HEIGHT="69" GC="0.9995">
                                <Shape>
                                    <Polygon POINTS="1783 2344 1784 2413 1784 2413 1783 2344"/>
                                </Shape>
                            </Glyph>
                            <Glyph ID="char_499" CONTENT="r" HPOS="1815" VPOS="2339" WIDTH="1" HEIGHT="70" GC="0.9999">
                                <Shape>
                                    <Polygon POINTS="1815 2339 1816 2409 1816 2409 1815 2339"/>
                                </Shape>
                            </Glyph>
                        </String>
                        <SP ID="segment_176" HPOS="1840"  VPOS="2333" WIDTH="9"  HEIGHT="78"/>
                        <String ID="segment_177" CONTENT="etre" HPOS="1856" VPOS="2316" WIDTH="91" HEIGHT="103" WC="0.9332">
                            <Shape>
                                <Polygon POINTS="1856 2332 1857 2412 1947 2419 1946 2316"/>
                            </Shape>
                            <Glyph ID="char_501" CONTENT="e" HPOS="1856" VPOS="2332" WIDTH="1" HEIGHT="80" GC="0.9982">
                                <Shape>
                                    <Polygon POINTS="1856 2332 1857 2412 1857 2412 1856 2332"/>
                                </Shape>
                            </Glyph>
                            <Glyph ID="char_502" CONTENT="" HPOS="1872" VPOS="2329" WIDTH="1" HEIGHT="84" GC="0.6679">
                                <Shape>
                                    <Polygon POINTS="1872 2329 1873 2413 1873 2413 1872 2329"/>
                                </Shape>
                            </Glyph>
                            <Glyph ID="char_503" CONTENT="t" HPOS="1889" VPOS="2326" WIDTH="1" HEIGHT="88" GC="1.0">
                                <Shape>
                                    <Polygon POINTS="1889 2326 1890 2414 1890 2414 1889 2326"/>
                                </Shape>
                            </Glyph>
                            <Glyph ID="char_504" CONTENT="r" HPOS="1921" VPOS="2321" WIDTH="1" HEIGHT="96" GC="1.0">
                                <Shape>
                                    <Polygon POINTS="1921 2321 1922 2417 1922 2417 1921 2321"/>
                                </Shape>
                            </Glyph>
                            <Glyph ID="char_505" CONTENT="e" HPOS="1946" VPOS="2316" WIDTH="1" HEIGHT="103" GC="1.0">
                                <Shape>
                                    <Polygon POINTS="1946 2316 1947 2419 1947 2419 1946 2316"/>
                                </Shape>
                            </Glyph>
                        </String>
                        <SP ID="segment_178" HPOS="2002"  VPOS="2314" WIDTH="2"  HEIGHT="109"/>
                        <String ID="segment_179" CONTENT="envoyee" HPOS="2019" VPOS="2318" WIDTH="164" HEIGHT="112" WC="0.9502">
                            <Shape>
                                <Polygon POINTS="2019 2318 2021 2424 2183 2409 2182 2341"/>
                            </Shape>
                            <Glyph ID="char_507" CONTENT="e" HPOS="2019" VPOS="2318" WIDTH="2" HEIGHT="106" GC="0.9996">
                                <Shape>
                                    <Polygon POINTS="2019 2318 2021 2424 2021 2424 2019 2318"/>
                                </Shape>
                            </Glyph>
                            <Glyph ID="char_508" CONTENT="n" HPOS="2044" VPOS="2339" WIDTH="2" HEIGHT="87" GC="0.9991">
                                <Shape>
                                    <Polygon POINTS="2044 2339 2046 2426 2046 2426 2044 2339"/>
                                </Shape>
                            </Glyph>
                            <Glyph ID="char_509" CONTENT="v" HPOS="2076" VPOS="2342" WIDTH="2" HEIGHT="86" GC="0.9997">
                                <Shape>
                                    <Polygon POINTS="2076 2342 2078 2428 2078 2428 2076 2342"/>
                                </Shape>
                            </Glyph>
                            <Glyph ID="char_510" CONTENT="o" HPOS="2101" VPOS="2342" WIDTH="2" HEIGHT="88" GC="0.9988">
                                <Shape>
                                    <Polygon POINTS="2101 2342 2103 2430 2103 2430 2101 2342"/>
                                </Shape>
                            </Glyph>
                            <Glyph ID="char_511" CONTENT="y" HPOS="2133" VPOS="2342" WIDTH="2" HEIGHT="81" GC="0.9969">
                                <Shape>
                                    <Polygon POINTS="2133 2342 2135 2423 2135 2423 2133 2342"/>
                                </Shape>
                            </Glyph>
                            <Glyph ID="char_512" CONTENT="e" HPOS="2158" VPOS="2342" WIDTH="1" HEIGHT="67" GC="0.6234">
                                <Shape>
                                    <Polygon POINTS="2158 2342 2159 2409 2159 2409 2158 2342"/>
                                </Shape>
                            </Glyph>
                            <Glyph ID="char_513" CONTENT="" HPOS="2166" VPOS="2342" WIDTH="9" HEIGHT="67" GC="0.9873">
                                <Shape>
                                    <Polygon POINTS="2166 2342 2167 2409 2175 2409 2174 2342"/>
                                </Shape>
                            </Glyph>
                            <Glyph ID="char_514" CONTENT="e" HPOS="2182" VPOS="2341" WIDTH="1" HEIGHT="68" GC="0.9971">
                                <Shape>
                                    <Polygon POINTS="2182 2341 2183 2409 2183 2409 2182 2341"/>
                                </Shape>
                            </Glyph>
                        </String>
                        <SP ID="segment_180" HPOS="2223"  VPOS="2324" WIDTH="9"  HEIGHT="86"/>
                        <String ID="segment_181" CONTENT="au" HPOS="2247" VPOS="2327" WIDTH="34" HEIGHT="83" WC="0.9755">
                            <Shape>
                                <Polygon POINTS="2247 2327 2248 2410 2281 2410 2280 2332"/>
                            </Shape>
                            <Glyph ID="char_516" CONTENT="a" HPOS="2247" VPOS="2327" WIDTH="1" HEIGHT="83" GC="0.9511">
                                <Shape>
                                    <Polygon POINTS="2247 2327 2248 2410 2248 2410 2247 2327"/>
                                </Shape>
                            </Glyph>
                            <Glyph ID="char_517" CONTENT="u" HPOS="2280" VPOS="2332" WIDTH="1" HEIGHT="78" GC="0.9999">
                                <Shape>
                                    <Polygon POINTS="2280 2332 2281 2410 2281 2410 2280 2332"/>
                                </Shape>
                            </Glyph>
                        </String>
                        <SP ID="segment_182" HPOS="2296"  VPOS="2335" WIDTH="10"  HEIGHT="75"/>
                        <String ID="segment_183" CONTENT="Ministre" HPOS="2321" VPOS="2304" WIDTH="245" HEIGHT="108" WC="0.9984">
                            <Shape>
                                <Polygon POINTS="2321 2337 2322 2411 2566 2401 2564 2304"/>
                            </Shape>
                            <Glyph ID="char_519" CONTENT="M" HPOS="2321" VPOS="2337" WIDTH="1" HEIGHT="74" GC="0.9994">
                                <Shape>
                                    <Polygon POINTS="2321 2337 2322 2411 2322 2411 2321 2337"/>
                                </Shape>
                            </Glyph>
                            <Glyph ID="char_520" CONTENT="i" HPOS="2427" VPOS="2330" WIDTH="9" HEIGHT="82" GC="0.9916">
                                <Shape>
                                    <Polygon POINTS="2427 2332 2428 2412 2436 2412 2435 2330"/>
                                </Shape>
                            </Glyph>
                            <Glyph ID="char_521" CONTENT="n" HPOS="2443" VPOS="2326" WIDTH="1" HEIGHT="86" GC="0.9993">
                                <Shape>
                                    <Polygon POINTS="2443 2326 2444 2412 2444 2412 2443 2326"/>
                                </Shape>
                            </Glyph>
                            <Glyph ID="char_522" CONTENT="i" HPOS="2468" VPOS="2309" WIDTH="9" HEIGHT="103" GC="1.0">
                                <Shape>
                                    <Polygon POINTS="2468 2313 2469 2412 2477 2412 2475 2309"/>
                                </Shape>
                            </Glyph>
                            <Glyph ID="char_523" CONTENT="s" HPOS="2499" VPOS="2304" WIDTH="2" HEIGHT="106" GC="0.9997">
                                <Shape>
                                    <Polygon POINTS="2499 2304 2501 2410 2501 2410 2499 2304"/>
                                </Shape>
                            </Glyph>
                            <Glyph ID="char_524" CONTENT="t" HPOS="2516" VPOS="2304" WIDTH="2" HEIGHT="103" GC="0.9998">
                                <Shape>
                                    <Polygon POINTS="2516 2304 2518 2407 2518 2407 2516 2304"/>
                                </Shape>
                            </Glyph>
                            <Glyph ID="char_525" CONTENT="r" HPOS="2540" VPOS="2304" WIDTH="2" HEIGHT="100" GC="0.9974">
                                <Shape>
                                    <Polygon POINTS="2540 2304 2542 2404 2542 2404 2540 2304"/>
                                </Shape>
                            </Glyph>
                            <Glyph ID="char_526" CONTENT="e" HPOS="2564" VPOS="2304" WIDTH="2" HEIGHT="97" GC="0.9999">
                                <Shape>
                                    <Polygon POINTS="2564 2304 2566 2401 2566 2401 2564 2304"/>
                                </Shape>
                            </Glyph>
                        </String>
                    </TextLine>

                    <TextLine ID="b558045a-71c8-43c1-a81a-135f34e2bff0" HPOS="1080.0" VPOS="2414.0" WIDTH="1078.0" HEIGHT="122.0" BASELINE="1082.0 2496.0 2158.0 2477.0" TAGREFS="LINE_TYPE_1">
                        <Shape>
                            <Polygon POINTS="1082.0 2496.0 1082.0 2529.0 1207.0 2536.0 1209.0 2536.0 1212.0 2536.0 1214.0 2536.0 1214.0 2534.0 1238.0 2510.0 1329.0 2520.0 1332.0 2520.0 1456.0 2503.0 1552.0 2520.0 1554.0 2520.0 1696.0 2498.0 1837.0 2520.0 1840.0 2520.0 1947.0 2496.0 2029.0 2496.0 2050.0 2512.0 2050.0 2515.0 2053.0 2515.0 2055.0 2515.0 2058.0 2515.0 2060.0 2515.0 2062.0 2515.0 2101.0 2491.0 2156.0 2503.0 2158.0 2477.0 2153.0 2436.0 1957.0 2417.0 1955.0 2417.0 1868.0 2433.0 1753.0 2414.0 1751.0 2414.0 1748.0 2414.0 1686.0 2441.0 1483.0 2419.0 1480.0 2419.0 1423.0 2421.0 1420.0 2421.0 1377.0 2445.0 1353.0 2424.0 1353.0 2421.0 1351.0 2421.0 1348.0 2421.0 1346.0 2421.0 1344.0 2421.0 1341.0 2421.0 1341.0 2424.0 1312.0 2448.0 1207.0 2448.0 1181.0 2431.0 1178.0 2431.0 1176.0 2431.0 1173.0 2431.0 1171.0 2431.0 1169.0 2431.0 1138.0 2453.0 1080.0 2453.0 1082.0 2496.0"/>
                        </Shape>
                        <String ID="segment_184" CONTENT="a" HPOS="1119" VPOS="2453" WIDTH="10" HEIGHT="79" WC="0.9995">
                            <Shape>
                                <Polygon POINTS="1119 2453 1121 2531 1129 2532 1127 2453"/>
                            </Shape>
                            <Glyph ID="char_527" CONTENT="a" HPOS="1119" VPOS="2453" WIDTH="2" HEIGHT="78" GC="0.9993">
                                <Shape>
                                    <Polygon POINTS="1119 2453 1121 2531 1121 2531 1119 2453"/>
                                </Shape>
                            </Glyph>
                            <Glyph ID="char_528" CONTENT="" HPOS="1127" VPOS="2453" WIDTH="2" HEIGHT="79" GC="0.9997">
                                <Shape>
                                    <Polygon POINTS="1127 2453 1129 2532 1129 2532 1127 2453"/>
                                </Shape>
                            </Glyph>
                        </String>
                        <SP ID="segment_185" HPOS="1135"  VPOS="2450" WIDTH="9"  HEIGHT="82"/>
                        <String ID="segment_186" CONTENT="la" HPOS="1150" VPOS="2431" WIDTH="33" HEIGHT="104" WC="0.9945">
                            <Shape>
                                <Polygon POINTS="1150 2444 1152 2533 1183 2535 1181 2431"/>
                            </Shape>
                            <Glyph ID="char_530" CONTENT="l" HPOS="1150" VPOS="2444" WIDTH="2" HEIGHT="89" GC="0.9997">
                                <Shape>
                                    <Polygon POINTS="1150 2444 1152 2533 1152 2533 1150 2444"/>
                                </Shape>
                            </Glyph>
                            <Glyph ID="char_531" CONTENT="a" HPOS="1181" VPOS="2431" WIDTH="2" HEIGHT="104" GC="0.9894">
                                <Shape>
                                    <Polygon POINTS="1181 2431 1183 2535 1183 2535 1181 2431"/>
                                </Shape>
                            </Glyph>
                        </String>
                        <SP ID="segment_187" HPOS="1196"  VPOS="2441" WIDTH="10"  HEIGHT="95"/>
                        <String ID="segment_188" CONTENT="prochaine" HPOS="1211" VPOS="2421" WIDTH="223" HEIGHT="115" WC="0.9979">
                            <Shape>
                                <Polygon POINTS="1211 2448 1213 2536 1434 2506 1433 2421"/>
                            </Shape>
                            <Glyph ID="char_533" CONTENT="p" HPOS="1211" VPOS="2448" WIDTH="2" HEIGHT="88" GC="0.9985">
                                <Shape>
                                    <Polygon POINTS="1211 2448 1213 2536 1213 2536 1211 2448"/>
                                </Shape>
                            </Glyph>
                            <Glyph ID="char_534" CONTENT="r" HPOS="1249" VPOS="2448" WIDTH="1" HEIGHT="63" GC="1.0">
                                <Shape>
                                    <Polygon POINTS="1249 2448 1250 2511 1250 2511 1249 2448"/>
                                </Shape>
                            </Glyph>
                            <Glyph ID="char_535" CONTENT="o" HPOS="1272" VPOS="2448" WIDTH="1" HEIGHT="66" GC="0.9845">
                                <Shape>
                                    <Polygon POINTS="1272 2448 1273 2514 1273 2514 1272 2448"/>
                                </Shape>
                            </Glyph>
                            <Glyph ID="char_536" CONTENT="c" HPOS="1295" VPOS="2448" WIDTH="1" HEIGHT="68" GC="0.9999">
                                <Shape>
                                    <Polygon POINTS="1295 2448 1296 2516 1296 2516 1295 2448"/>
                                </Shape>
                            </Glyph>
                            <Glyph ID="char_537" CONTENT="h" HPOS="1318" VPOS="2443" WIDTH="1" HEIGHT="76" GC="1.0">
                                <Shape>
                                    <Polygon POINTS="1318 2443 1319 2519 1319 2519 1318 2443"/>
                                </Shape>
                            </Glyph>
                            <Glyph ID="char_538" CONTENT="a" HPOS="1364" VPOS="2434" WIDTH="1" HEIGHT="81" GC="1.0">
                                <Shape>
                                    <Polygon POINTS="1364 2434 1365 2515 1365 2515 1364 2434"/>
                                </Shape>
                            </Glyph>
                            <Glyph ID="char_539" CONTENT="i" HPOS="1379" VPOS="2439" WIDTH="9" HEIGHT="74" GC="1.0">
                                <Shape>
                                    <Polygon POINTS="1379 2444 1380 2513 1388 2512 1387 2439"/>
                                </Shape>
                            </Glyph>
                            <Glyph ID="char_540" CONTENT="n" HPOS="1410" VPOS="2427" WIDTH="1" HEIGHT="82" GC="0.9998">
                                <Shape>
                                    <Polygon POINTS="1410 2427 1411 2509 1411 2509 1410 2427"/>
                                </Shape>
                            </Glyph>
                            <Glyph ID="char_541" CONTENT="e" HPOS="1433" VPOS="2421" WIDTH="1" HEIGHT="85" GC="0.9988">
                                <Shape>
                                    <Polygon POINTS="1433 2421 1434 2506 1434 2506 1433 2421"/>
                                </Shape>
                            </Glyph>
                        </String>
                        <SP ID="segment_189" HPOS="1479"  VPOS="2419" WIDTH="9"  HEIGHT="90"/>
                        <String ID="segment_190" CONTENT="Revece" HPOS="1502" VPOS="2421" WIDTH="154" HEIGHT="97" WC="0.9636">
                            <Shape>
                                <Polygon POINTS="1502 2421 1503 2511 1656 2504 1655 2438"/>
                            </Shape>
                            <Glyph ID="char_543" CONTENT="R" HPOS="1502" VPOS="2421" WIDTH="1" HEIGHT="90" GC="0.9988">
                                <Shape>
                                    <Polygon POINTS="1502 2421 1503 2511 1503 2511 1502 2421"/>
                                </Shape>
                            </Glyph>
                            <Glyph ID="char_544" CONTENT="e" HPOS="1563" VPOS="2428" WIDTH="1" HEIGHT="90" GC="0.9933">
                                <Shape>
                                    <Polygon POINTS="1563 2428 1564 2518 1564 2518 1563 2428"/>
                                </Shape>
                            </Glyph>
                            <Glyph ID="char_545" CONTENT="v" HPOS="1594" VPOS="2431" WIDTH="1" HEIGHT="83" GC="0.9936">
                                <Shape>
                                    <Polygon POINTS="1594 2431 1595 2514 1595 2514 1594 2431"/>
                                </Shape>
                            </Glyph>
                            <Glyph ID="char_546" CONTENT="e" HPOS="1617" VPOS="2434" WIDTH="1" HEIGHT="76" GC="0.8085">
                                <Shape>
                                    <Polygon POINTS="1617 2434 1618 2510 1618 2510 1617 2434"/>
                                </Shape>
                            </Glyph>
                            <Glyph ID="char_547" CONTENT="c" HPOS="1632" VPOS="2435" WIDTH="1" HEIGHT="73" GC="0.9999">
                                <Shape>
                                    <Polygon POINTS="1632 2435 1633 2508 1633 2508 1632 2435"/>
                                </Shape>
                            </Glyph>
                            <Glyph ID="char_548" CONTENT="e" HPOS="1655" VPOS="2438" WIDTH="1" HEIGHT="66" GC="0.9874">
                                <Shape>
                                    <Polygon POINTS="1655 2438 1656 2504 1656 2504 1655 2438"/>
                                </Shape>
                            </Glyph>
                        </String>
                        <SP ID="segment_191" HPOS="1731"  VPOS="2418" WIDTH="9"  HEIGHT="87"/>
                        <String ID="segment_192" CONTENT="d&#39;inspection" HPOS="1754" VPOS="2414" WIDTH="392" HEIGHT="104" WC="0.9393">
                            <Shape>
                                <Polygon POINTS="1754 2414 1755 2507 2146 2501 2145 2435"/>
                            </Shape>
                            <Glyph ID="char_550" CONTENT="d" HPOS="1754" VPOS="2414" WIDTH="1" HEIGHT="93" GC="0.9942">
                                <Shape>
                                    <Polygon POINTS="1754 2414 1755 2507 1755 2507 1754 2414"/>
                                </Shape>
                            </Glyph>
                            <Glyph ID="char_551" CONTENT="&#39;" HPOS="1777" VPOS="2418" WIDTH="9" HEIGHT="94" GC="0.9966">
                                <Shape>
                                    <Polygon POINTS="1777 2418 1778 2511 1786 2512 1785 2419"/>
                                </Shape>
                            </Glyph>
                            <Glyph ID="char_552" CONTENT="i" HPOS="1793" VPOS="2421" WIDTH="8" HEIGHT="93" GC="0.9564">
                                <Shape>
                                    <Polygon POINTS="1793 2421 1794 2513 1801 2514 1800 2422"/>
                                </Shape>
                            </Glyph>
                            <Glyph ID="char_553" CONTENT="n" HPOS="1823" VPOS="2426" WIDTH="2" HEIGHT="92" GC="0.9984">
                                <Shape>
                                    <Polygon POINTS="1823 2426 1825 2518 1825 2518 1823 2426"/>
                                </Shape>
                            </Glyph>
                            <Glyph ID="char_554" CONTENT="s" HPOS="1846" VPOS="2429" WIDTH="2" HEIGHT="89" GC="0.5486">
                                <Shape>
                                    <Polygon POINTS="1846 2429 1848 2518 1848 2518 1846 2429"/>
                                </Shape>
                            </Glyph>
                            <Glyph ID="char_555" CONTENT="p" HPOS="1869" VPOS="2433" WIDTH="1" HEIGHT="80" GC="0.7874">
                                <Shape>
                                    <Polygon POINTS="1869 2433 1870 2513 1870 2513 1869 2433"/>
                                </Shape>
                            </Glyph>
                            <Glyph ID="char_556" CONTENT="e" HPOS="1892" VPOS="2427" WIDTH="9" HEIGHT="81" GC="0.9993">
                                <Shape>
                                    <Polygon POINTS="1892 2429 1893 2508 1901 2506 1900 2427"/>
                                </Shape>
                            </Glyph>
                            <Glyph ID="char_557" CONTENT="c" HPOS="1915" VPOS="2424" WIDTH="1" HEIGHT="79" GC="0.9387">
                                <Shape>
                                    <Polygon POINTS="1915 2424 1916 2503 1916 2503 1915 2424"/>
                                </Shape>
                            </Glyph>
                            <Glyph ID="char_558" CONTENT="t" HPOS="1946" VPOS="2419" WIDTH="1" HEIGHT="77" GC="0.9997">
                                <Shape>
                                    <Polygon POINTS="1946 2419 1947 2496 1947 2496 1946 2419"/>
                                </Shape>
                            </Glyph>
                            <Glyph ID="char_559" CONTENT="i" HPOS="1969" VPOS="2418" WIDTH="1" HEIGHT="78" GC="0.9979">
                                <Shape>
                                    <Polygon POINTS="1969 2418 1970 2496 1970 2496 1969 2418"/>
                                </Shape>
                            </Glyph>
                            <Glyph ID="char_560" CONTENT="o" HPOS="1992" VPOS="2420" WIDTH="1" HEIGHT="76" GC="0.9933">
                                <Shape>
                                    <Polygon POINTS="1992 2420 1993 2496 1993 2496 1992 2420"/>
                                </Shape>
                            </Glyph>
                            <Glyph ID="char_561" CONTENT="n" HPOS="2022" VPOS="2423" WIDTH="1" HEIGHT="73" GC="1.0">
                                <Shape>
                                    <Polygon POINTS="2022 2423 2023 2496 2023 2496 2022 2423"/>
                                </Shape>
                            </Glyph>
                            <Glyph ID="char_562" CONTENT="" HPOS="2145" VPOS="2435" WIDTH="1" HEIGHT="66" GC="0.9998">
                                <Shape>
                                    <Polygon POINTS="2145 2435 2146 2501 2146 2501 2145 2435"/>
                                </Shape>
                            </Glyph>
                        </String>
                    </TextLine>

                    <TextLine ID="183892f9-1594-4f33-aa8d-b3bcae7ca237" HPOS="1202.0" VPOS="2512.0" WIDTH="1399.0" HEIGHT="144.0" BASELINE="1205.0 2623.0 1938.0 2596.0 2601.0 2591.0" TAGREFS="LINE_TYPE_1">
                        <Shape>
                            <Polygon POINTS="1205.0 2623.0 1205.0 2635.0 1257.0 2656.0 1260.0 2656.0 1262.0 2656.0 1363.0 2654.0 1365.0 2654.0 1406.0 2635.0 1514.0 2651.0 1516.0 2651.0 1518.0 2651.0 1521.0 2651.0 1554.0 2630.0 1614.0 2637.0 1617.0 2637.0 1619.0 2637.0 1669.0 2625.0 1720.0 2647.0 1722.0 2647.0 1725.0 2647.0 1727.0 2647.0 1770.0 2623.0 1789.0 2632.0 1792.0 2632.0 1794.0 2632.0 1904.0 2620.0 1947.0 2635.0 1950.0 2635.0 1952.0 2635.0 1955.0 2635.0 1998.0 2623.0 2077.0 2637.0 2079.0 2637.0 2081.0 2637.0 2141.0 2613.0 2240.0 2635.0 2242.0 2635.0 2244.0 2635.0 2314.0 2613.0 2326.0 2625.0 2328.0 2625.0 2331.0 2625.0 2333.0 2625.0 2335.0 2625.0 2338.0 2625.0 2338.0 2623.0 2352.0 2611.0 2558.0 2623.0 2561.0 2623.0 2563.0 2623.0 2601.0 2601.0 2601.0 2591.0 2594.0 2544.0 2522.0 2544.0 2489.0 2517.0 2486.0 2517.0 2484.0 2517.0 2482.0 2517.0 2479.0 2517.0 2424.0 2541.0 2398.0 2515.0 2398.0 2512.0 2395.0 2512.0 2393.0 2512.0 2347.0 2512.0 2345.0 2512.0 2302.0 2515.0 2300.0 2515.0 2297.0 2515.0 2237.0 2551.0 2141.0 2517.0 2139.0 2517.0 2137.0 2517.0 2134.0 2517.0 2012.0 2556.0 1986.0 2546.0 1983.0 2546.0 1981.0 2546.0 1842.0 2558.0 1768.0 2551.0 1732.0 2527.0 1729.0 2527.0 1727.0 2527.0 1725.0 2527.0 1722.0 2527.0 1720.0 2527.0 1720.0 2529.0 1705.0 2541.0 1669.0 2529.0 1667.0 2529.0 1665.0 2529.0 1662.0 2529.0 1660.0 2529.0 1633.0 2551.0 1607.0 2541.0 1605.0 2541.0 1602.0 2541.0 1600.0 2541.0 1538.0 2563.0 1411.0 2534.0 1408.0 2534.0 1368.0 2539.0 1365.0 2539.0 1363.0 2539.0 1363.0 2541.0 1332.0 2572.0 1305.0 2572.0 1286.0 2558.0 1286.0 2556.0 1284.0 2556.0 1281.0 2556.0 1279.0 2556.0 1276.0 2556.0 1231.0 2572.0 1202.0 2568.0 1205.0 2623.0"/>
                        </Shape>
                        <String ID="segment_193" CONTENT="a" HPOS="1253" VPOS="2564" WIDTH="3" HEIGHT="92" WC="1.0">
                            <Shape>
                                <Polygon POINTS="1253 2564 1256 2656 1256 2656 1253 2564"/>
                            </Shape>
                            <Glyph ID="char_563" CONTENT="a" HPOS="1253" VPOS="2564" WIDTH="3" HEIGHT="92" GC="1.0">
                                <Shape>
                                    <Polygon POINTS="1253 2564 1256 2656 1256 2656 1253 2564"/>
                                </Shape>
                            </Glyph>
                        </String>
                        <SP ID="segment_194" HPOS="1337"  VPOS="2559" WIDTH="11"  HEIGHT="95"/>
                        <String ID="segment_195" CONTENT="Cayenne" HPOS="1361" VPOS="2542" WIDTH="255" HEIGHT="112" WC="0.9994">
                            <Shape>
                                <Polygon POINTS="1361 2543 1365 2654 1616 2637 1612 2543"/>
                            </Shape>
                            <Glyph ID="char_565" CONTENT="C" HPOS="1361" VPOS="2543" WIDTH="4" HEIGHT="111" GC="1.0">
                                <Shape>
                                    <Polygon POINTS="1361 2543 1365 2654 1365 2654 1361 2543"/>
                                </Shape>
                            </Glyph>
                            <Glyph ID="char_566" CONTENT="a" HPOS="1445" VPOS="2542" WIDTH="4" HEIGHT="99" GC="0.9999">
                                <Shape>
                                    <Polygon POINTS="1445 2542 1449 2641 1449 2641 1445 2542"/>
                                </Shape>
                            </Glyph>
                            <Glyph ID="char_567" CONTENT="y" HPOS="1496" VPOS="2553" WIDTH="3" HEIGHT="96" GC="0.9993">
                                <Shape>
                                    <Polygon POINTS="1496 2553 1499 2649 1499 2649 1496 2553"/>
                                </Shape>
                            </Glyph>
                            <Glyph ID="char_568" CONTENT="e" HPOS="1521" VPOS="2559" WIDTH="3" HEIGHT="90" GC="1.0">
                                <Shape>
                                    <Polygon POINTS="1521 2559 1524 2649 1524 2649 1521 2559"/>
                                </Shape>
                            </Glyph>
                            <Glyph ID="char_569" CONTENT="n" HPOS="1555" VPOS="2557" WIDTH="3" HEIGHT="73" GC="0.9992">
                                <Shape>
                                    <Polygon POINTS="1555 2557 1558 2630 1558 2630 1555 2557"/>
                                </Shape>
                            </Glyph>
                            <Glyph ID="char_570" CONTENT="n" HPOS="1587" VPOS="2545" WIDTH="4" HEIGHT="89" GC="1.0">
                                <Shape>
                                    <Polygon POINTS="1587 2545 1591 2634 1591 2634 1587 2545"/>
                                </Shape>
                            </Glyph>
                            <Glyph ID="char_571" CONTENT="e" HPOS="1612" VPOS="2543" WIDTH="4" HEIGHT="94" GC="0.9977">
                                <Shape>
                                    <Polygon POINTS="1612 2543 1616 2637 1616 2637 1612 2543"/>
                                </Shape>
                            </Glyph>
                        </String>
                        <SP ID="segment_196" HPOS="1671"  VPOS="2530" WIDTH="12"  HEIGHT="101"/>
                        <String ID="segment_197" CONTENT="les" HPOS="1688" VPOS="2531" WIDTH="54" HEIGHT="115" WC="0.999">
                            <Shape>
                                <Polygon POINTS="1688 2535 1692 2635 1742 2639 1738 2531"/>
                            </Shape>
                            <Glyph ID="char_573" CONTENT="l" HPOS="1688" VPOS="2535" WIDTH="4" HEIGHT="100" GC="0.9978">
                                <Shape>
                                    <Polygon POINTS="1688 2535 1692 2635 1692 2635 1688 2535"/>
                                </Shape>
                            </Glyph>
                            <Glyph ID="char_574" CONTENT="e" HPOS="1713" VPOS="2535" WIDTH="4" HEIGHT="111" GC="0.9999">
                                <Shape>
                                    <Polygon POINTS="1713 2535 1717 2646 1717 2646 1713 2535"/>
                                </Shape>
                            </Glyph>
                            <Glyph ID="char_575" CONTENT="s" HPOS="1738" VPOS="2531" WIDTH="4" HEIGHT="108" GC="0.9993">
                                <Shape>
                                    <Polygon POINTS="1738 2531 1742 2639 1742 2639 1738 2531"/>
                                </Shape>
                            </Glyph>
                        </String>
                        <SP ID="segment_198" HPOS="1755"  VPOS="2543" WIDTH="4"  HEIGHT="86"/>
                        <String ID="segment_199" CONTENT="jour," HPOS="1772" VPOS="2551" WIDTH="136" HEIGHT="79" WC="0.998">
                            <Shape>
                                <Polygon POINTS="1772 2551 1774 2625 1908 2622 1906 2552"/>
                            </Shape>
                            <Glyph ID="char_577" CONTENT="j" HPOS="1772" VPOS="2551" WIDTH="2" HEIGHT="74" GC="0.9916">
                                <Shape>
                                    <Polygon POINTS="1772 2551 1774 2625 1774 2625 1772 2551"/>
                                </Shape>
                            </Glyph>
                            <Glyph ID="char_578" CONTENT="o" HPOS="1806" VPOS="2555" WIDTH="3" HEIGHT="75" GC="0.9999">
                                <Shape>
                                    <Polygon POINTS="1806 2555 1809 2630 1809 2630 1806 2555"/>
                                </Shape>
                            </Glyph>
                            <Glyph ID="char_579" CONTENT="u" HPOS="1839" VPOS="2558" WIDTH="3" HEIGHT="69" GC="0.9998">
                                <Shape>
                                    <Polygon POINTS="1839 2558 1842 2627 1842 2627 1839 2558"/>
                                </Shape>
                            </Glyph>
                            <Glyph ID="char_580" CONTENT="r" HPOS="1864" VPOS="2556" WIDTH="2" HEIGHT="68" GC="0.9993">
                                <Shape>
                                    <Polygon POINTS="1864 2556 1866 2624 1866 2624 1864 2556"/>
                                </Shape>
                            </Glyph>
                            <Glyph ID="char_581" CONTENT="," HPOS="1898" VPOS="2552" WIDTH="10" HEIGHT="70" GC="0.9998">
                                <Shape>
                                    <Polygon POINTS="1898 2553 1900 2620 1908 2622 1906 2552"/>
                                </Shape>
                            </Glyph>
                        </String>
                        <SP ID="segment_200" HPOS="1915"  VPOS="2551" WIDTH="11"  HEIGHT="77"/>
                        <String ID="segment_201" CONTENT="mois" HPOS="1949" VPOS="2547" WIDTH="93" HEIGHT="88" WC="0.9978">
                            <Shape>
                                <Polygon POINTS="1949 2549 1950 2635 2042 2631 2041 2547"/>
                            </Shape>
                            <Glyph ID="char_583" CONTENT="m" HPOS="1949" VPOS="2549" WIDTH="1" HEIGHT="86" GC="0.999">
                                <Shape>
                                    <Polygon POINTS="1949 2549 1950 2635 1950 2635 1949 2549"/>
                                </Shape>
                            </Glyph>
                            <Glyph ID="char_584" CONTENT="o" HPOS="1991" VPOS="2548" WIDTH="1" HEIGHT="77" GC="1.0">
                                <Shape>
                                    <Polygon POINTS="1991 2548 1992 2625 1992 2625 1991 2548"/>
                                </Shape>
                            </Glyph>
                            <Glyph ID="char_585" CONTENT="i" HPOS="2016" VPOS="2555" WIDTH="1" HEIGHT="71" GC="1.0">
                                <Shape>
                                    <Polygon POINTS="2016 2555 2017 2626 2017 2626 2016 2555"/>
                                </Shape>
                            </Glyph>
                            <Glyph ID="char_586" CONTENT="s" HPOS="2041" VPOS="2547" WIDTH="1" HEIGHT="84" GC="0.9922">
                                <Shape>
                                    <Polygon POINTS="2041 2547 2042 2631 2042 2631 2041 2547"/>
                                </Shape>
                            </Glyph>
                        </String>
                        <SP ID="segment_202" HPOS="2091"  VPOS="2528" WIDTH="10"  HEIGHT="105"/>
                        <String ID="segment_203" CONTENT="&amp;" HPOS="2108" VPOS="2525" WIDTH="1" HEIGHT="101" WC="0.9747">
                            <Shape>
                                <Polygon POINTS="2108 2525 2109 2626 2109 2626 2108 2525"/>
                            </Shape>
                            <Glyph ID="char_588" CONTENT="&amp;" HPOS="2108" VPOS="2525" WIDTH="1" HEIGHT="101" GC="0.9747">
                                <Shape>
                                    <Polygon POINTS="2108 2525 2109 2626 2109 2626 2108 2525"/>
                                </Shape>
                            </Glyph>
                        </String>
                        <SP ID="segment_204" HPOS="2158"  VPOS="2523" WIDTH="1"  HEIGHT="94"/>
                        <String ID="segment_205" CONTENT="an" HPOS="2175" VPOS="2529" WIDTH="43" HEIGHT="101" WC="0.998">
                            <Shape>
                                <Polygon POINTS="2175 2529 2176 2621 2218 2630 2217 2544"/>
                            </Shape>
                            <Glyph ID="char_590" CONTENT="a" HPOS="2175" VPOS="2529" WIDTH="1" HEIGHT="92" GC="0.9995">
                                <Shape>
                                    <Polygon POINTS="2175 2529 2176 2621 2176 2621 2175 2529"/>
                                </Shape>
                            </Glyph>
                            <Glyph ID="char_591" CONTENT="n" HPOS="2217" VPOS="2544" WIDTH="1" HEIGHT="86" GC="0.9965">
                                <Shape>
                                    <Polygon POINTS="2217 2544 2218 2630 2218 2630 2217 2544"/>
                                </Shape>
                            </Glyph>
                        </String>
                        <SP ID="segment_206" HPOS="2250"  VPOS="2543" WIDTH="1"  HEIGHT="90"/>
                        <String ID="segment_207" CONTENT="que" HPOS="2275" VPOS="2512" WIDTH="68" HEIGHT="113" WC="0.8725">
                            <Shape>
                                <Polygon POINTS="2275 2528 2276 2625 2343 2619 2342 2512"/>
                            </Shape>
                            <Glyph ID="char_593" CONTENT="q" HPOS="2275" VPOS="2528" WIDTH="1" HEIGHT="97" GC="0.9179">
                                <Shape>
                                    <Polygon POINTS="2275 2528 2276 2625 2276 2625 2275 2528"/>
                                </Shape>
                            </Glyph>
                            <Glyph ID="char_594" CONTENT="u" HPOS="2309" VPOS="2515" WIDTH="1" HEIGHT="99" GC="0.7215">
                                <Shape>
                                    <Polygon POINTS="2309 2515 2310 2614 2310 2614 2309 2515"/>
                                </Shape>
                            </Glyph>
                            <Glyph ID="char_595" CONTENT="e" HPOS="2342" VPOS="2512" WIDTH="1" HEIGHT="107" GC="0.9782">
                                <Shape>
                                    <Polygon POINTS="2342 2512 2343 2619 2343 2619 2342 2512"/>
                                </Shape>
                            </Glyph>
                        </String>
                        <SP ID="segment_208" HPOS="2359"  VPOS="2512" WIDTH="1"  HEIGHT="99"/>
                        <String ID="segment_209" CONTENT="dessus" HPOS="2376" VPOS="2512" WIDTH="152" HEIGHT="109" WC="0.9756">
                            <Shape>
                                <Polygon POINTS="2376 2512 2377 2612 2528 2621 2527 2544"/>
                            </Shape>
                            <Glyph ID="char_597" CONTENT="d" HPOS="2376" VPOS="2512" WIDTH="1" HEIGHT="100" GC="0.8932">
                                <Shape>
                                    <Polygon POINTS="2376 2512 2377 2612 2377 2612 2376 2512"/>
                                </Shape>
                            </Glyph>
                            <Glyph ID="char_598" CONTENT="e" HPOS="2409" VPOS="2526" WIDTH="1" HEIGHT="88" GC="0.9996">
                                <Shape>
                                    <Polygon POINTS="2409 2526 2410 2614 2410 2614 2409 2526"/>
                                </Shape>
                            </Glyph>
                            <Glyph ID="char_599" CONTENT="s" HPOS="2443" VPOS="2533" WIDTH="1" HEIGHT="83" GC="0.9804">
                                <Shape>
                                    <Polygon POINTS="2443 2533 2444 2616 2444 2616 2443 2533"/>
                                </Shape>
                            </Glyph>
                            <Glyph ID="char_600" CONTENT="s" HPOS="2468" VPOS="2522" WIDTH="1" HEIGHT="96" GC="0.9855">
                                <Shape>
                                    <Polygon POINTS="2468 2522 2469 2618 2469 2618 2468 2522"/>
                                </Shape>
                            </Glyph>
                            <Glyph ID="char_601" CONTENT="u" HPOS="2493" VPOS="2520" WIDTH="1" HEIGHT="99" GC="0.9997">
                                <Shape>
                                    <Polygon POINTS="2493 2520 2494 2619 2494 2619 2493 2520"/>
                                </Shape>
                            </Glyph>
                            <Glyph ID="char_602" CONTENT="s" HPOS="2527" VPOS="2544" WIDTH="1" HEIGHT="77" GC="0.9948">
                                <Shape>
                                    <Polygon POINTS="2527 2544 2528 2621 2528 2621 2527 2544"/>
                                </Shape>
                            </Glyph>
                        </String>
                    </TextLine>

                    <TextLine ID="9fdc1f4e-dec4-462a-bea6-01b60b6f4a1c" HPOS="1121.0" VPOS="2620.0" WIDTH="1485.0" HEIGHT="180.0" BASELINE="1126.0 2752.0 1799.0 2723.0 2606.0 2709.0" TAGREFS="LINE_TYPE_1">
                        <Shape>
                            <Polygon POINTS="1126.0 2752.0 1126.0 2800.0 1233.0 2798.0 1236.0 2798.0 1238.0 2798.0 1279.0 2769.0 1339.0 2778.0 1341.0 2778.0 1344.0 2778.0 1375.0 2766.0 1437.0 2790.0 1439.0 2790.0 1442.0 2790.0 1614.0 2788.0 1617.0 2788.0 1619.0 2788.0 1619.0 2786.0 1643.0 2764.0 1820.0 2740.0 1909.0 2754.0 1911.0 2754.0 1981.0 2742.0 2019.0 2774.0 2019.0 2776.0 2022.0 2776.0 2024.0 2776.0 2026.0 2778.0 2065.0 2778.0 2065.0 2776.0 2110.0 2774.0 2113.0 2774.0 2115.0 2774.0 2163.0 2730.0 2280.0 2728.0 2297.0 2742.0 2300.0 2742.0 2302.0 2742.0 2304.0 2742.0 2307.0 2742.0 2309.0 2742.0 2328.0 2728.0 2422.0 2740.0 2424.0 2740.0 2534.0 2726.0 2546.0 2735.0 2546.0 2738.0 2549.0 2738.0 2551.0 2738.0 2553.0 2738.0 2556.0 2738.0 2558.0 2738.0 2582.0 2718.0 2604.0 2721.0 2606.0 2709.0 2604.0 2651.0 2518.0 2620.0 2515.0 2620.0 2513.0 2620.0 2510.0 2620.0 2431.0 2654.0 2319.0 2625.0 2316.0 2625.0 2314.0 2625.0 2311.0 2625.0 2225.0 2661.0 1969.0 2656.0 1890.0 2637.0 1887.0 2637.0 1885.0 2637.0 1796.0 2659.0 1725.0 2651.0 1722.0 2651.0 1720.0 2651.0 1717.0 2651.0 1693.0 2671.0 1660.0 2644.0 1657.0 2644.0 1655.0 2644.0 1653.0 2644.0 1578.0 2647.0 1576.0 2647.0 1574.0 2647.0 1574.0 2649.0 1542.0 2680.0 1526.0 2671.0 1523.0 2671.0 1521.0 2671.0 1315.0 2685.0 1281.0 2656.0 1279.0 2656.0 1276.0 2656.0 1274.0 2656.0 1121.0 2675.0 1126.0 2752.0"/>
                        </Shape>
                        <String ID="segment_210" CONTENT="signe" HPOS="1162" VPOS="2657" WIDTH="155" HEIGHT="142" WC="0.9936">
                            <Shape>
                                <Polygon POINTS="1162 2670 1168 2799 1317 2775 1313 2683"/>
                            </Shape>
                            <Glyph ID="char_603" CONTENT="s" HPOS="1162" VPOS="2670" WIDTH="6" HEIGHT="129" GC="0.9999">
                                <Shape>
                                    <Polygon POINTS="1162 2670 1168 2799 1168 2799 1162 2670"/>
                                </Shape>
                            </Glyph>
                            <Glyph ID="char_604" CONTENT="i" HPOS="1192" VPOS="2666" WIDTH="6" HEIGHT="133" GC="0.9661">
                                <Shape>
                                    <Polygon POINTS="1192 2666 1198 2799 1198 2799 1192 2666"/>
                                </Shape>
                            </Glyph>
                            <Glyph ID="char_605" CONTENT="g" HPOS="1222" VPOS="2662" WIDTH="6" HEIGHT="136" GC="1.0">
                                <Shape>
                                    <Polygon POINTS="1222 2662 1228 2798 1228 2798 1222 2662"/>
                                </Shape>
                            </Glyph>
                            <Glyph ID="char_606" CONTENT="n" HPOS="1262" VPOS="2657" WIDTH="5" HEIGHT="120" GC="0.9986">
                                <Shape>
                                    <Polygon POINTS="1262 2657 1267 2777 1267 2777 1262 2657"/>
                                </Shape>
                            </Glyph>
                            <Glyph ID="char_607" CONTENT="e" HPOS="1292" VPOS="2666" WIDTH="5" HEIGHT="106" GC="1.0">
                                <Shape>
                                    <Polygon POINTS="1292 2666 1297 2772 1297 2772 1292 2666"/>
                                </Shape>
                            </Glyph>
                            <Glyph ID="char_608" CONTENT="" HPOS="1303" VPOS="2675" WIDTH="14" HEIGHT="100" GC="0.9967">
                                <Shape>
                                    <Polygon POINTS="1303 2675 1307 2773 1317 2775 1313 2683"/>
                                </Shape>
                            </Glyph>
                        </String>
                        <SP ID="segment_211" HPOS="1343"  VPOS="2682" WIDTH="14"  HEIGHT="95"/>
                        <String ID="segment_212" CONTENT="sur" HPOS="1373" VPOS="2677" WIDTH="65" HEIGHT="113" WC="0.876">
                            <Shape>
                                <Polygon POINTS="1373 2681 1377 2767 1438 2790 1433 2677"/>
                            </Shape>
                            <Glyph ID="char_610" CONTENT="s" HPOS="1373" VPOS="2681" WIDTH="4" HEIGHT="86" GC="0.9999">
                                <Shape>
                                    <Polygon POINTS="1373 2681 1377 2767 1377 2767 1373 2681"/>
                                </Shape>
                            </Glyph>
                            <Glyph ID="char_611" CONTENT="u" HPOS="1413" VPOS="2678" WIDTH="5" HEIGHT="104" GC="0.9995">
                                <Shape>
                                    <Polygon POINTS="1413 2678 1418 2782 1418 2782 1413 2678"/>
                                </Shape>
                            </Glyph>
                            <Glyph ID="char_612" CONTENT="r" HPOS="1433" VPOS="2677" WIDTH="5" HEIGHT="113" GC="0.6287">
                                <Shape>
                                    <Polygon POINTS="1433 2677 1438 2790 1438 2790 1433 2677"/>
                                </Shape>
                            </Glyph>
                        </String>
                        <SP ID="segment_213" HPOS="1463"  VPOS="2674" WIDTH="15"  HEIGHT="116"/>
                        <String ID="segment_214" CONTENT="le" HPOS="1483" VPOS="2672" WIDTH="26" HEIGHT="117" WC="0.9972">
                            <Shape>
                                <Polygon POINTS="1483 2674 1488 2789 1509 2789 1504 2672"/>
                            </Shape>
                            <Glyph ID="char_614" CONTENT="l" HPOS="1483" VPOS="2674" WIDTH="5" HEIGHT="115" GC="0.9952">
                                <Shape>
                                    <Polygon POINTS="1483 2674 1488 2789 1488 2789 1483 2674"/>
                                </Shape>
                            </Glyph>
                            <Glyph ID="char_615" CONTENT="e" HPOS="1504" VPOS="2672" WIDTH="5" HEIGHT="117" GC="0.9993">
                                <Shape>
                                    <Polygon POINTS="1504 2672 1509 2789 1509 2789 1504 2672"/>
                                </Shape>
                            </Glyph>
                        </String>
                        <SP ID="segment_215" HPOS="1514"  VPOS="2671" WIDTH="15"  HEIGHT="118"/>
                        <String ID="segment_216" CONTENT="Registre" HPOS="1534" VPOS="2644" WIDTH="213" HEIGHT="145" WC="0.99">
                            <Shape>
                                <Polygon POINTS="1534 2676 1539 2789 1747 2750 1743 2653"/>
                            </Shape>
                            <Glyph ID="char_617" CONTENT="R" HPOS="1534" VPOS="2676" WIDTH="5" HEIGHT="113" GC="0.9964">
                                <Shape>
                                    <Polygon POINTS="1534 2676 1539 2789 1539 2789 1534 2676"/>
                                </Shape>
                            </Glyph>
                            <Glyph ID="char_618" CONTENT="e" HPOS="1593" VPOS="2646" WIDTH="6" HEIGHT="142" GC="1.0">
                                <Shape>
                                    <Polygon POINTS="1593 2646 1599 2788 1599 2788 1593 2646"/>
                                </Shape>
                            </Glyph>
                            <Glyph ID="char_619" CONTENT="g" HPOS="1623" VPOS="2645" WIDTH="6" HEIGHT="132" GC="0.9999">
                                <Shape>
                                    <Polygon POINTS="1623 2645 1629 2777 1629 2777 1623 2645"/>
                                </Shape>
                            </Glyph>
                            <Glyph ID="char_620" CONTENT="i" HPOS="1643" VPOS="2644" WIDTH="15" HEIGHT="119" GC="0.9957">
                                <Shape>
                                    <Polygon POINTS="1643 2644 1648 2763 1658 2762 1653 2644"/>
                                </Shape>
                            </Glyph>
                            <Glyph ID="char_621" CONTENT="s" HPOS="1673" VPOS="2655" WIDTH="5" HEIGHT="104" GC="0.9999">
                                <Shape>
                                    <Polygon POINTS="1673 2655 1678 2759 1678 2759 1673 2655"/>
                                </Shape>
                            </Glyph>
                            <Glyph ID="char_622" CONTENT="t" HPOS="1694" VPOS="2670" WIDTH="4" HEIGHT="87" GC="0.931">
                                <Shape>
                                    <Polygon POINTS="1694 2670 1698 2757 1698 2757 1694 2670"/>
                                </Shape>
                            </Glyph>
                            <Glyph ID="char_623" CONTENT="r" HPOS="1723" VPOS="2651" WIDTH="5" HEIGHT="102" GC="0.9998">
                                <Shape>
                                    <Polygon POINTS="1723 2651 1728 2753 1728 2753 1723 2651"/>
                                </Shape>
                            </Glyph>
                            <Glyph ID="char_624" CONTENT="e" HPOS="1743" VPOS="2653" WIDTH="4" HEIGHT="97" GC="0.9976">
                                <Shape>
                                    <Polygon POINTS="1743 2653 1747 2750 1747 2750 1743 2653"/>
                                </Shape>
                            </Glyph>
                        </String>
                        <SP ID="segment_217" HPOS="1835"  VPOS="2647" WIDTH="12"  HEIGHT="97"/>
                        <String ID="segment_218" CONTENT="Dutraque," HPOS="1865" VPOS="2642" WIDTH="383" HEIGHT="136" WC="0.9526">
                            <Shape>
                                <Polygon POINTS="1865 2642 1867 2747 2248 2729 2246 2652"/>
                            </Shape>
                            <Glyph ID="char_626" CONTENT="D" HPOS="1865" VPOS="2642" WIDTH="2" HEIGHT="105" GC="0.9936">
                                <Shape>
                                    <Polygon POINTS="1865 2642 1867 2747 1867 2747 1865 2642"/>
                                </Shape>
                            </Glyph>
                            <Glyph ID="char_627" CONTENT="u" HPOS="1945" VPOS="2650" WIDTH="2" HEIGHT="98" GC="1.0">
                                <Shape>
                                    <Polygon POINTS="1945 2650 1947 2748 1947 2748 1945 2650"/>
                                </Shape>
                            </Glyph>
                            <Glyph ID="char_628" CONTENT="t" HPOS="1985" VPOS="2656" WIDTH="2" HEIGHT="91" GC="0.9606">
                                <Shape>
                                    <Polygon POINTS="1985 2656 1987 2747 1987 2747 1985 2656"/>
                                </Shape>
                            </Glyph>
                            <Glyph ID="char_629" CONTENT="r" HPOS="2015" VPOS="2657" WIDTH="2" HEIGHT="116" GC="0.9999">
                                <Shape>
                                    <Polygon POINTS="2015 2657 2017 2773 2017 2773 2015 2657"/>
                                </Shape>
                            </Glyph>
                            <Glyph ID="char_630" CONTENT="a" HPOS="2055" VPOS="2658" WIDTH="2" HEIGHT="120" GC="0.998">
                                <Shape>
                                    <Polygon POINTS="2055 2658 2057 2778 2057 2778 2055 2658"/>
                                </Shape>
                            </Glyph>
                            <Glyph ID="char_631" CONTENT="q" HPOS="2105" VPOS="2659" WIDTH="2" HEIGHT="115" GC="0.9713">
                                <Shape>
                                    <Polygon POINTS="2105 2659 2107 2774 2107 2774 2105 2659"/>
                                </Shape>
                            </Glyph>
                            <Glyph ID="char_632" CONTENT="u" HPOS="2155" VPOS="2660" WIDTH="2" HEIGHT="76" GC="0.9991">
                                <Shape>
                                    <Polygon POINTS="2155 2660 2157 2736 2157 2736 2155 2660"/>
                                </Shape>
                            </Glyph>
                            <Glyph ID="char_633" CONTENT="e" HPOS="2195" VPOS="2660" WIDTH="2" HEIGHT="69" GC="0.9778">
                                <Shape>
                                    <Polygon POINTS="2195 2660 2197 2729 2197 2729 2195 2660"/>
                                </Shape>
                            </Glyph>
                            <Glyph ID="char_634" CONTENT="," HPOS="2246" VPOS="2652" WIDTH="2" HEIGHT="77" GC="0.6735">
                                <Shape>
                                    <Polygon POINTS="2246 2652 2248 2729 2248 2729 2246 2652"/>
                                </Shape>
                            </Glyph>
                        </String>
                        <SP ID="segment_219" HPOS="2276"  VPOS="2631" WIDTH="22"  HEIGHT="111"/>
                        <String ID="segment_220" CONTENT="Detitty" HPOS="2316" VPOS="2620" WIDTH="252" HEIGHT="118" WC="0.992">
                            <Shape>
                                <Polygon POINTS="2316 2625 2318 2736 2568 2730 2566 2637"/>
                            </Shape>
                            <Glyph ID="char_636" CONTENT="D" HPOS="2316" VPOS="2625" WIDTH="2" HEIGHT="111" GC="0.9975">
                                <Shape>
                                    <Polygon POINTS="2316 2625 2318 2736 2318 2736 2316 2625"/>
                                </Shape>
                            </Glyph>
                            <Glyph ID="char_637" CONTENT="e" HPOS="2396" VPOS="2645" WIDTH="2" HEIGHT="92" GC="0.9934">
                                <Shape>
                                    <Polygon POINTS="2396 2645 2398 2737 2398 2737 2396 2645"/>
                                </Shape>
                            </Glyph>
                            <Glyph ID="char_638" CONTENT="t" HPOS="2436" VPOS="2652" WIDTH="2" HEIGHT="86" GC="0.9992">
                                <Shape>
                                    <Polygon POINTS="2436 2652 2438 2738 2438 2738 2436 2652"/>
                                </Shape>
                            </Glyph>
                            <Glyph ID="char_639" CONTENT="i" HPOS="2476" VPOS="2635" WIDTH="2" HEIGHT="98" GC="0.9998">
                                <Shape>
                                    <Polygon POINTS="2476 2635 2478 2733 2478 2733 2476 2635"/>
                                </Shape>
                            </Glyph>
                            <Glyph ID="char_640" CONTENT="t" HPOS="2496" VPOS="2626" WIDTH="2" HEIGHT="105" GC="0.9618">
                                <Shape>
                                    <Polygon POINTS="2496 2626 2498 2731 2498 2731 2496 2626"/>
                                </Shape>
                            </Glyph>
                            <Glyph ID="char_641" CONTENT="t" HPOS="2516" VPOS="2620" WIDTH="2" HEIGHT="108" GC="0.9926">
                                <Shape>
                                    <Polygon POINTS="2516 2620 2518 2728 2518 2728 2516 2620"/>
                                </Shape>
                            </Glyph>
                            <Glyph ID="char_642" CONTENT="y" HPOS="2566" VPOS="2637" WIDTH="2" HEIGHT="93" GC="1.0">
                                <Shape>
                                    <Polygon POINTS="2566 2637 2568 2730 2568 2730 2566 2637"/>
                                </Shape>
                            </Glyph>
                        </String>
                    </TextLine>

                    <TextLine ID="05294438-43a9-4059-925a-a250361f322c" HPOS="1073.0" VPOS="2752.0" WIDTH="951.0" HEIGHT="187.0" BASELINE="1075.0 2850.0 1293.0 2855.0 1777.0 2833.0 2024.0 2838.0" TAGREFS="LINE_TYPE_1">
                        <Shape>
                            <Polygon POINTS="1075.0 2850.0 1075.0 2896.0 1106.0 2896.0 1166.0 2939.0 1169.0 2939.0 1171.0 2939.0 1173.0 2939.0 1257.0 2936.0 1260.0 2936.0 1262.0 2936.0 1262.0 2934.0 1265.0 2934.0 1284.0 2910.0 1336.0 2893.0 1387.0 2932.0 1389.0 2932.0 1391.0 2932.0 1394.0 2932.0 1396.0 2932.0 1499.0 2881.0 1633.0 2903.0 1636.0 2903.0 1638.0 2903.0 1641.0 2903.0 1681.0 2867.0 1837.0 2867.0 1895.0 2917.0 1895.0 2920.0 1897.0 2920.0 1899.0 2920.0 1902.0 2920.0 2024.0 2917.0 2024.0 2838.0 2019.0 2752.0 1962.0 2764.0 1768.0 2757.0 1765.0 2757.0 1763.0 2757.0 1760.0 2757.0 1760.0 2759.0 1736.0 2783.0 1705.0 2766.0 1703.0 2766.0 1701.0 2766.0 1698.0 2766.0 1696.0 2766.0 1660.0 2795.0 1566.0 2783.0 1564.0 2783.0 1562.0 2783.0 1559.0 2783.0 1559.0 2786.0 1545.0 2800.0 1375.0 2800.0 1351.0 2781.0 1351.0 2778.0 1348.0 2778.0 1346.0 2778.0 1344.0 2778.0 1341.0 2778.0 1315.0 2790.0 1269.0 2769.0 1267.0 2769.0 1265.0 2769.0 1262.0 2769.0 1260.0 2769.0 1202.0 2805.0 1073.0 2798.0 1075.0 2850.0"/>
                        </Shape>
                        <String ID="segment_221" CONTENT="a" HPOS="1120" VPOS="2801" WIDTH="2" HEIGHT="105" WC="0.9763">
                            <Shape>
                                <Polygon POINTS="1122 2801 1120 2906 1120 2906 1122 2801"/>
                            </Shape>
                            <Glyph ID="char_643" CONTENT="a" HPOS="1120" VPOS="2801" WIDTH="2" HEIGHT="105" GC="0.9763">
                                <Shape>
                                    <Polygon POINTS="1122 2801 1120 2906 1120 2906 1122 2801"/>
                                </Shape>
                            </Glyph>
                        </String>
                        <SP ID="segment_222" HPOS="1176"  VPOS="2804" WIDTH="15"  HEIGHT="135"/>
                        <String ID="segment_223" CONTENT="Geslin" HPOS="1199" VPOS="2769" WIDTH="166" HEIGHT="169" WC="0.995">
                            <Shape>
                                <Polygon POINTS="1202 2805 1199 2938 1365 2915 1359 2787"/>
                            </Shape>
                            <Glyph ID="char_645" CONTENT="G" HPOS="1199" VPOS="2805" WIDTH="3" HEIGHT="133" GC="0.9981">
                                <Shape>
                                    <Polygon POINTS="1202 2805 1199 2938 1199 2938 1202 2805"/>
                                </Shape>
                            </Glyph>
                            <Glyph ID="char_646" CONTENT="e" HPOS="1257" VPOS="2769" WIDTH="4" HEIGHT="167" GC="0.9838">
                                <Shape>
                                    <Polygon POINTS="1261 2769 1257 2936 1257 2936 1261 2769"/>
                                </Shape>
                            </Glyph>
                            <Glyph ID="char_647" CONTENT="s" HPOS="1281" VPOS="2776" WIDTH="3" HEIGHT="138" GC="0.9887">
                                <Shape>
                                    <Polygon POINTS="1284 2776 1281 2914 1281 2914 1284 2776"/>
                                </Shape>
                            </Glyph>
                            <Glyph ID="char_648" CONTENT="l" HPOS="1313" VPOS="2789" WIDTH="5" HEIGHT="110" GC="1.0">
                                <Shape>
                                    <Polygon POINTS="1313 2789 1318 2899 1318 2899 1313 2789"/>
                                </Shape>
                            </Glyph>
                            <Glyph ID="char_649" CONTENT="i" HPOS="1336" VPOS="2780" WIDTH="5" HEIGHT="117" GC="0.9999">
                                <Shape>
                                    <Polygon POINTS="1336 2780 1341 2897 1341 2897 1336 2780"/>
                                </Shape>
                            </Glyph>
                            <Glyph ID="char_650" CONTENT="n" HPOS="1359" VPOS="2787" WIDTH="6" HEIGHT="128" GC="0.9998">
                                <Shape>
                                    <Polygon POINTS="1359 2787 1365 2915 1365 2915 1359 2787"/>
                                </Shape>
                            </Glyph>
                        </String>
                        <SP ID="segment_224" HPOS="1406"  VPOS="2800" WIDTH="5"  HEIGHT="124"/>
                        <String ID="segment_225" CONTENT="quartier" HPOS="1429" VPOS="2783" WIDTH="188" HEIGHT="130" WC="0.8231">
                            <Shape>
                                <Polygon POINTS="1429 2800 1434 2913 1617 2900 1612 2789"/>
                            </Shape>
                            <Glyph ID="char_652" CONTENT="q" HPOS="1429" VPOS="2800" WIDTH="5" HEIGHT="113" GC="0.9996">
                                <Shape>
                                    <Polygon POINTS="1429 2800 1434 2913 1434 2913 1429 2800"/>
                                </Shape>
                            </Glyph>
                            <Glyph ID="char_653" CONTENT="u" HPOS="1463" VPOS="2800" WIDTH="4" HEIGHT="97" GC="1.0">
                                <Shape>
                                    <Polygon POINTS="1463 2800 1467 2897 1467 2897 1463 2800"/>
                                </Shape>
                            </Glyph>
                            <Glyph ID="char_654" CONTENT="a" HPOS="1498" VPOS="2800" WIDTH="3" HEIGHT="81" GC="0.7058">
                                <Shape>
                                    <Polygon POINTS="1498 2800 1501 2881 1501 2881 1498 2800"/>
                                </Shape>
                            </Glyph>
                            <Glyph ID="char_655" CONTENT="r" HPOS="1521" VPOS="2800" WIDTH="4" HEIGHT="85" GC="0.7045">
                                <Shape>
                                    <Polygon POINTS="1521 2800 1525 2885 1525 2885 1521 2800"/>
                                </Shape>
                            </Glyph>
                            <Glyph ID="char_656" CONTENT="t" HPOS="1544" VPOS="2800" WIDTH="4" HEIGHT="89" GC="0.3827">
                                <Shape>
                                    <Polygon POINTS="1544 2800 1548 2889 1548 2889 1544 2800"/>
                                </Shape>
                            </Glyph>
                            <Glyph ID="char_657" CONTENT="i" HPOS="1566" VPOS="2783" WIDTH="16" HEIGHT="112" GC="0.9742">
                                <Shape>
                                    <Polygon POINTS="1566 2783 1571 2893 1582 2895 1577 2784"/>
                                </Shape>
                            </Glyph>
                            <Glyph ID="char_658" CONTENT="e" HPOS="1589" VPOS="2786" WIDTH="5" HEIGHT="111" GC="0.9428">
                                <Shape>
                                    <Polygon POINTS="1589 2786 1594 2897 1594 2897 1589 2786"/>
                                </Shape>
                            </Glyph>
                            <Glyph ID="char_659" CONTENT="r" HPOS="1612" VPOS="2789" WIDTH="5" HEIGHT="111" GC="0.8753">
                                <Shape>
                                    <Polygon POINTS="1612 2789 1617 2900 1617 2900 1612 2789"/>
                                </Shape>
                            </Glyph>
                        </String>
                        <SP ID="segment_226" HPOS="1659"  VPOS="2788" WIDTH="14"  HEIGHT="96"/>
                        <String ID="segment_227" CONTENT="M^tre" HPOS="1702" VPOS="2757" WIDTH="120" HEIGHT="110" WC="0.8948">
                            <Shape>
                                <Polygon POINTS="1702 2766 1707 2867 1820 2867 1822 2759"/>
                            </Shape>
                            <Glyph ID="char_661" CONTENT="M" HPOS="1702" VPOS="2766" WIDTH="5" HEIGHT="101" GC="0.9985">
                                <Shape>
                                    <Polygon POINTS="1702 2766 1707 2867 1707 2867 1702 2766"/>
                                </Shape>
                            </Glyph>
                            <Glyph ID="char_662" CONTENT="^" HPOS="1749" VPOS="2758" WIDTH="16" HEIGHT="109" GC="0.9934">
                                <Shape>
                                    <Polygon POINTS="1749 2770 1753 2867 1765 2867 1760 2758"/>
                                </Shape>
                            </Glyph>
                            <Glyph ID="char_663" CONTENT="t" HPOS="1771" VPOS="2757" WIDTH="5" HEIGHT="110" GC="0.5197">
                                <Shape>
                                    <Polygon POINTS="1771 2757 1776 2867 1776 2867 1771 2757"/>
                                </Shape>
                            </Glyph>
                            <Glyph ID="char_664" CONTENT="r" HPOS="1797" VPOS="2758" WIDTH="2" HEIGHT="109" GC="0.9945">
                                <Shape>
                                    <Polygon POINTS="1799 2758 1797 2867 1797 2867 1799 2758"/>
                                </Shape>
                            </Glyph>
                            <Glyph ID="char_665" CONTENT="e" HPOS="1809" VPOS="2759" WIDTH="13" HEIGHT="108" GC="0.9678">
                                <Shape>
                                    <Polygon POINTS="1811 2759 1809 2867 1820 2867 1822 2759"/>
                                </Shape>
                            </Glyph>
                        </String>
                        <SP ID="segment_228" HPOS="1832"  VPOS="2759" WIDTH="13"  HEIGHT="113"/>
                        <String ID="segment_229" CONTENT="V^e" HPOS="1854" VPOS="2760" WIDTH="60" HEIGHT="160" WC="0.9215">
                            <Shape>
                                <Polygon POINTS="1857 2760 1854 2882 1911 2920 1914 2762"/>
                            </Shape>
                            <Glyph ID="char_667" CONTENT="V" HPOS="1854" VPOS="2760" WIDTH="3" HEIGHT="122" GC="0.9877">
                                <Shape>
                                    <Polygon POINTS="1857 2760 1854 2882 1854 2882 1857 2760"/>
                                </Shape>
                            </Glyph>
                            <Glyph ID="char_668" CONTENT="^" HPOS="1888" VPOS="2761" WIDTH="3" HEIGHT="150" GC="0.7782">
                                <Shape>
                                    <Polygon POINTS="1891 2761 1888 2911 1888 2911 1891 2761"/>
                                </Shape>
                            </Glyph>
                            <Glyph ID="char_669" CONTENT="e" HPOS="1911" VPOS="2762" WIDTH="3" HEIGHT="158" GC="0.9986">
                                <Shape>
                                    <Polygon POINTS="1914 2762 1911 2920 1911 2920 1914 2762"/>
                                </Shape>
                            </Glyph>
                        </String>
                        <SP ID="segment_230" HPOS="1934"  VPOS="2763" WIDTH="3"  HEIGHT="156"/>
                    </TextLine>

                    <TextLine ID="3128e675-ee1b-4a5d-b231-056feb4305cb" HPOS="1916.0" VPOS="2889.0" WIDTH="705.0" HEIGHT="100.0" BASELINE="1919.0 2953.0 2621.0 2960.0" TAGREFS="LINE_TYPE_1">
                        <Shape>
                            <Polygon POINTS="1919.0 2953.0 1916.0 2972.0 2062.0 2987.0 2065.0 2987.0 2120.0 2977.0 2149.0 2989.0 2151.0 2989.0 2153.0 2989.0 2618.0 2984.0 2621.0 2960.0 2618.0 2889.0 2587.0 2889.0 2585.0 2889.0 2582.0 2889.0 2580.0 2889.0 2537.0 2920.0 2496.0 2917.0 2470.0 2891.0 2470.0 2889.0 2467.0 2889.0 2465.0 2889.0 2462.0 2889.0 2237.0 2917.0 2151.0 2891.0 2149.0 2891.0 2146.0 2891.0 2144.0 2891.0 2103.0 2910.0 2070.0 2893.0 2067.0 2893.0 2065.0 2893.0 2062.0 2893.0 1993.0 2915.0 1919.0 2915.0 1919.0 2953.0"/>
                        </Shape>
                        <String ID="segment_231" CONTENT="Pour" HPOS="1926" VPOS="2893" WIDTH="144" HEIGHT="93" WC="0.9973">
                            <Shape>
                                <Polygon POINTS="1926 2915 1926 2973 2069 2986 2070 2893"/>
                            </Shape>
                            <Glyph ID="char_671" CONTENT="P" HPOS="1926" VPOS="2915" WIDTH="0" HEIGHT="58" GC="1.0">
                                <Shape>
                                    <Polygon POINTS="1926 2915 1926 2973 1926 2973 1926 2915"/>
                                </Shape>
                            </Glyph>
                            <Glyph ID="char_672" CONTENT="o" HPOS="2005" VPOS="2911" WIDTH="0" HEIGHT="70" GC="1.0">
                                <Shape>
                                    <Polygon POINTS="2005 2911 2005 2981 2005 2981 2005 2911"/>
                                </Shape>
                            </Glyph>
                            <Glyph ID="char_673" CONTENT="u" HPOS="2040" VPOS="2900" WIDTH="1" HEIGHT="85" GC="0.9909">
                                <Shape>
                                    <Polygon POINTS="2041 2900 2040 2985 2040 2985 2041 2900"/>
                                </Shape>
                            </Glyph>
                            <Glyph ID="char_674" CONTENT="r" HPOS="2069" VPOS="2893" WIDTH="1" HEIGHT="93" GC="0.9981">
                                <Shape>
                                    <Polygon POINTS="2070 2893 2069 2986 2069 2986 2070 2893"/>
                                </Shape>
                            </Glyph>
                        </String>
                        <SP ID="segment_232" HPOS="2097"  VPOS="2907" WIDTH="7"  HEIGHT="74"/>
                        <String ID="segment_233" CONTENT="copre" HPOS="2119" VPOS="2891" WIDTH="107" HEIGHT="98" WC="0.9996">
                            <Shape>
                                <Polygon POINTS="2120 2902 2119 2977 2226 2988 2226 2914"/>
                            </Shape>
                            <Glyph ID="char_676" CONTENT="c" HPOS="2119" VPOS="2902" WIDTH="1" HEIGHT="75" GC="0.9999">
                                <Shape>
                                    <Polygon POINTS="2120 2902 2119 2977 2119 2977 2120 2902"/>
                                </Shape>
                            </Glyph>
                            <Glyph ID="char_677" CONTENT="o" HPOS="2147" VPOS="2891" WIDTH="1" HEIGHT="97" GC="0.9999">
                                <Shape>
                                    <Polygon POINTS="2148 2891 2147 2988 2147 2988 2148 2891"/>
                                </Shape>
                            </Glyph>
                            <Glyph ID="char_678" CONTENT="p" HPOS="2176" VPOS="2899" WIDTH="1" HEIGHT="90" GC="0.9979">
                                <Shape>
                                    <Polygon POINTS="2177 2899 2176 2989 2176 2989 2177 2899"/>
                                </Shape>
                            </Glyph>
                            <Glyph ID="char_679" CONTENT="r" HPOS="2204" VPOS="2907" WIDTH="0" HEIGHT="81" GC="1.0">
                                <Shape>
                                    <Polygon POINTS="2204 2907 2204 2988 2204 2988 2204 2907"/>
                                </Shape>
                            </Glyph>
                            <Glyph ID="char_680" CONTENT="e" HPOS="2226" VPOS="2914" WIDTH="0" HEIGHT="74" GC="1.0">
                                <Shape>
                                    <Polygon POINTS="2226 2914 2226 2988 2226 2988 2226 2914"/>
                                </Shape>
                            </Glyph>
                        </String>
                        <SP ID="segment_234" HPOS="2268"  VPOS="2912" WIDTH="8"  HEIGHT="76"/>
                        <String ID="segment_235" CONTENT="conforme" HPOS="2290" VPOS="2892" WIDTH="221" HEIGHT="96" WC="0.9907">
                            <Shape>
                                <Polygon POINTS="2290 2910 2290 2988 2511 2985 2511 2918"/>
                            </Shape>
                            <Glyph ID="char_682" CONTENT="c" HPOS="2290" VPOS="2910" WIDTH="0" HEIGHT="78" GC="1.0">
                                <Shape>
                                    <Polygon POINTS="2290 2910 2290 2988 2290 2988 2290 2910"/>
                                </Shape>
                            </Glyph>
                            <Glyph ID="char_683" CONTENT="o" HPOS="2311" VPOS="2908" WIDTH="0" HEIGHT="79" GC="0.9997">
                                <Shape>
                                    <Polygon POINTS="2311 2908 2311 2987 2311 2987 2311 2908"/>
                                </Shape>
                            </Glyph>
                            <Glyph ID="char_684" CONTENT="n" HPOS="2347" VPOS="2903" WIDTH="1" HEIGHT="84" GC="0.9999">
                                <Shape>
                                    <Polygon POINTS="2348 2903 2347 2987 2347 2987 2348 2903"/>
                                </Shape>
                            </Glyph>
                            <Glyph ID="char_685" CONTENT="f" HPOS="2382" VPOS="2899" WIDTH="1" HEIGHT="88" GC="0.999">
                                <Shape>
                                    <Polygon POINTS="2383 2899 2382 2987 2382 2987 2383 2899"/>
                                </Shape>
                            </Glyph>
                            <Glyph ID="char_686" CONTENT="o" HPOS="2411" VPOS="2894" WIDTH="8" HEIGHT="92" GC="0.9994">
                                <Shape>
                                    <Polygon POINTS="2412 2895 2411 2986 2418 2986 2419 2894"/>
                                </Shape>
                            </Glyph>
                            <Glyph ID="char_687" CONTENT="r" HPOS="2432" VPOS="2892" WIDTH="9" HEIGHT="94" GC="0.9997">
                                <Shape>
                                    <Polygon POINTS="2433 2893 2432 2986 2440 2986 2441 2892"/>
                                </Shape>
                            </Glyph>
                            <Glyph ID="char_688" CONTENT="m" HPOS="2475" VPOS="2897" WIDTH="1" HEIGHT="89" GC="0.9284">
                                <Shape>
                                    <Polygon POINTS="2476 2897 2475 2986 2475 2986 2476 2897"/>
                                </Shape>
                            </Glyph>
                            <Glyph ID="char_689" CONTENT="e" HPOS="2511" VPOS="2918" WIDTH="0" HEIGHT="67" GC="0.9991">
                                <Shape>
                                    <Polygon POINTS="2511 2918 2511 2985 2511 2985 2511 2918"/>
                                </Shape>
                            </Glyph>
                        </String>
                    </TextLine>

                    <TextLine ID="0c8ad87b-c9d3-439f-9205-1579910f5065" HPOS="1899.0" VPOS="2970.0" WIDTH="580.0" HEIGHT="89.0" BASELINE="1902.0 3027.0 2479.0 3032.0" TAGREFS="LINE_TYPE_1">
                        <Shape>
                            <Polygon POINTS="1902.0 3027.0 1899.0 3059.0 2477.0 3059.0 2479.0 3032.0 2479.0 2992.0 2443.0 2972.0 2441.0 2972.0 2438.0 2972.0 2381.0 2972.0 2379.0 2972.0 2376.0 2972.0 2374.0 2972.0 2374.0 2975.0 2355.0 2994.0 2314.0 2977.0 2311.0 2977.0 2309.0 2977.0 2307.0 2977.0 2261.0 2994.0 2158.0 2994.0 2134.0 2972.0 2132.0 2972.0 2129.0 2972.0 2127.0 2972.0 2125.0 2972.0 2091.0 2987.0 2060.0 2970.0 2058.0 2970.0 2010.0 2970.0 2007.0 2970.0 2005.0 2970.0 2002.0 2970.0 2002.0 2972.0 1981.0 2992.0 1902.0 2992.0 1902.0 3027.0"/>
                        </Shape>
                        <String ID="segment_236" CONTENT="a" HPOS="1940" VPOS="2992" WIDTH="0" HEIGHT="67" WC="1.0">
                            <Shape>
                                <Polygon POINTS="1940 2992 1940 3059 1940 3059 1940 2992"/>
                            </Shape>
                            <Glyph ID="char_690" CONTENT="a" HPOS="1940" VPOS="2992" WIDTH="0" HEIGHT="67" GC="1.0">
                                <Shape>
                                    <Polygon POINTS="1940 2992 1940 3059 1940 3059 1940 2992"/>
                                </Shape>
                            </Glyph>
                        </String>
                        <SP ID="segment_237" HPOS="1983"  VPOS="2983" WIDTH="7"  HEIGHT="76"/>
                        <String ID="segment_238" CONTENT="l&#39;original." HPOS="2002" VPOS="2970" WIDTH="475" HEIGHT="89" WC="0.9966">
                            <Shape>
                                <Polygon POINTS="2002 2970 2002 3059 2477 3059 2477 2991"/>
                            </Shape>
                            <Glyph ID="char_692" CONTENT="l" HPOS="2002" VPOS="2970" WIDTH="0" HEIGHT="89" GC="0.9998">
                                <Shape>
                                    <Polygon POINTS="2002 2970 2002 3059 2002 3059 2002 2970"/>
                                </Shape>
                            </Glyph>
                            <Glyph ID="char_693" CONTENT="&#39;" HPOS="2058" VPOS="2970" WIDTH="6" HEIGHT="89" GC="0.9991">
                                <Shape>
                                    <Polygon POINTS="2058 2970 2058 3059 2064 3059 2064 2972"/>
                                </Shape>
                            </Glyph>
                            <Glyph ID="char_694" CONTENT="o" HPOS="2077" VPOS="2980" WIDTH="0" HEIGHT="79" GC="0.9996">
                                <Shape>
                                    <Polygon POINTS="2077 2980 2077 3059 2077 3059 2077 2980"/>
                                </Shape>
                            </Glyph>
                            <Glyph ID="char_695" CONTENT="r" HPOS="2108" VPOS="2979" WIDTH="0" HEIGHT="80" GC="0.9999">
                                <Shape>
                                    <Polygon POINTS="2108 2979 2108 3059 2108 3059 2108 2979"/>
                                </Shape>
                            </Glyph>
                            <Glyph ID="char_696" CONTENT="i" HPOS="2139" VPOS="2977" WIDTH="0" HEIGHT="82" GC="0.9986">
                                <Shape>
                                    <Polygon POINTS="2139 2977 2139 3059 2139 3059 2139 2977"/>
                                </Shape>
                            </Glyph>
                            <Glyph ID="char_697" CONTENT="g" HPOS="2177" VPOS="2994" WIDTH="0" HEIGHT="65" GC="0.9964">
                                <Shape>
                                    <Polygon POINTS="2177 2994 2177 3059 2177 3059 2177 2994"/>
                                </Shape>
                            </Glyph>
                            <Glyph ID="char_698" CONTENT="i" HPOS="2208" VPOS="2994" WIDTH="0" HEIGHT="65" GC="0.9995">
                                <Shape>
                                    <Polygon POINTS="2208 2994 2208 3059 2208 3059 2208 2994"/>
                                </Shape>
                            </Glyph>
                            <Glyph ID="char_699" CONTENT="n" HPOS="2233" VPOS="2994" WIDTH="0" HEIGHT="65" GC="0.9997">
                                <Shape>
                                    <Polygon POINTS="2233 2994 2233 3059 2233 3059 2233 2994"/>
                                </Shape>
                            </Glyph>
                            <Glyph ID="char_700" CONTENT="a" HPOS="2277" VPOS="2988" WIDTH="0" HEIGHT="71" GC="0.9991">
                                <Shape>
                                    <Polygon POINTS="2277 2988 2277 3059 2277 3059 2277 2988"/>
                                </Shape>
                            </Glyph>
                            <Glyph ID="char_701" CONTENT="l" HPOS="2314" VPOS="2977" WIDTH="0" HEIGHT="82" GC="0.9992">
                                <Shape>
                                    <Polygon POINTS="2314 2977 2314 3059 2314 3059 2314 2977"/>
                                </Shape>
                            </Glyph>
                            <Glyph ID="char_702" CONTENT="." HPOS="2477" VPOS="2991" WIDTH="0" HEIGHT="68" GC="0.9714">
                                <Shape>
                                    <Polygon POINTS="2477 2991 2477 3059 2477 3059 2477 2991"/>
                                </Shape>
                            </Glyph>
                        </String>
                    </TextLine>

                    <TextLine ID="4ddab46f-077e-45ba-afce-552ce591f8db" HPOS="2110.0" VPOS="3042.0" WIDTH="300.0" HEIGHT="168.0" BASELINE="2113.0 3133.0 2410.0 3135.0" TAGREFS="LINE_TYPE_1">
                        <Shape>
                            <Polygon POINTS="2113.0 3133.0 2110.0 3195.0 2405.0 3210.0 2410.0 3135.0 2410.0 3087.0 2391.0 3071.0 2391.0 3068.0 2388.0 3068.0 2386.0 3068.0 2383.0 3068.0 2359.0 3073.0 2326.0 3044.0 2326.0 3042.0 2323.0 3042.0 2321.0 3042.0 2244.0 3042.0 2242.0 3042.0 2240.0 3042.0 2237.0 3042.0 2175.0 3085.0 2113.0 3085.0 2113.0 3133.0"/>
                        </Shape>
                        <String ID="segment_239" CONTENT="Bouies" HPOS="2137" VPOS="3060" WIDTH="273" HEIGHT="150" WC="0.6364">
                            <Shape>
                                <Polygon POINTS="2137 3085 2137 3196 2410 3135 2410 3135"/>
                            </Shape>
                            <Glyph ID="char_703" CONTENT="B" HPOS="2137" VPOS="3085" WIDTH="0" HEIGHT="111" GC="1.0">
                                <Shape>
                                    <Polygon POINTS="2137 3085 2137 3196 2137 3196 2137 3085"/>
                                </Shape>
                            </Glyph>
                            <Glyph ID="char_704" CONTENT="o" HPOS="2344" VPOS="3060" WIDTH="0" HEIGHT="147" GC="0.6401">
                                <Shape>
                                    <Polygon POINTS="2344 3060 2344 3207 2344 3207 2344 3060"/>
                                </Shape>
                            </Glyph>
                            <Glyph ID="char_705" CONTENT="u" HPOS="2367" VPOS="3071" WIDTH="0" HEIGHT="137" GC="0.4826">
                                <Shape>
                                    <Polygon POINTS="2367 3071 2367 3208 2367 3208 2367 3071"/>
                                </Shape>
                            </Glyph>
                            <Glyph ID="char_706" CONTENT="i" HPOS="2378" VPOS="3069" WIDTH="1" HEIGHT="140" GC="0.5059">
                                <Shape>
                                    <Polygon POINTS="2379 3069 2378 3209 2378 3209 2379 3069"/>
                                </Shape>
                            </Glyph>
                            <Glyph ID="char_707" CONTENT="" HPOS="2389" VPOS="3068" WIDTH="1" HEIGHT="141" GC="0.9876">
                                <Shape>
                                    <Polygon POINTS="2390 3068 2389 3209 2389 3209 2390 3068"/>
                                </Shape>
                            </Glyph>
                            <Glyph ID="char_708" CONTENT="e" HPOS="2401" VPOS="3081" WIDTH="1" HEIGHT="129" GC="0.4108">
                                <Shape>
                                    <Polygon POINTS="2402 3081 2401 3210 2401 3210 2402 3081"/>
                                </Shape>
                            </Glyph>
                            <Glyph ID="char_709" CONTENT="s" HPOS="2410" VPOS="3135" WIDTH="0" HEIGHT="0" GC="0.4275">
                                <Shape>
                                    <Polygon POINTS="2410 3135 2410 3135 2410 3135 2410 3135"/>
                                </Shape>
                            </Glyph>
                        </String>
                    </TextLine>
</TextBlock>
            </PrintSpace>
        </Page>
    </Layout>
</alto>