3232 3960
915 352 146 74 droité
1098 352 30 77 de
1159 352 30 68 la
1244 352 182 80 Bande
1475 352 43 73 du
1554 352 158 84 Nord,
1749 352 67 84 que
1852 352 104 77 pour
1998 352 86 70 lors
2119 352 87 88 luy
2247 359 216 83 déposant

919 454 28 114 se
994 435 130 134 serait
1190 470 177 106 arrêté,
1395 454 103 122 pour
1563 459 215 121 attendré
1815 444 57 134 son
1927 447 339 138 Camarade,
2299 454 69 129 qui
2412 482 105 84 était

918 581 193 94 environ
1170 592 0 77 a
1215 578 141 108 trente
1430 597 74 91 pas
1548 580 193 105 derriere
1793 584 126 108 luy;
1957 587 222 106 qu'étant
2246 596 37 76 en
2342 594 97 94 cette

901 690 266 124 situation
1235 699 214 121 appuyé
1484 711 85 92 sur
1629 716 43 86 un
1723 702 190 99 Baton
1997 729 70 85 qui
2108 704 79 114 luy
2245 709 199 120 servait
2493 733 45 83 de

905 821 215 107 Canne,
1141 822 32 98 le
1225 820 261 103 dostourne
1553 823 1 97 a
1599 827 32 96 la
1675 832 169 103 Mer,
1874 829 24 98 il
1942 837 40 94 se
2018 838 147 102 serait
2231 833 117 108 sente
2407 852 109 84 tout

914 947 24 82 à
982 940 107 99 coup
1156 930 152 103 enlevé
1337 953 92 82 par
1496 948 69 91 une
1609 935 228 114 Lamine,
1873 951 70 99 qui
1971 951 213 100 l'aurait
2259 943 280 110 Entraine.

910 1056 247 92 qu'avant
1224 1056 94 117 qu'il
1384 1062 69 119 put
1520 1061 27 115 se
1605 1065 314 114 reconnaitre
1985 1078 27 103 et
2070 1067 214 123 nager,
2316 1091 103 97 pour

910 1177 215 103 regagner
1168 1168 17 94 le
1245 1169 250 126 Rivagé,
1520 1174 26 122 il
1581 1174 146 126 s'était
1812 1188 62 103 vû
1924 1194 10 75 à
1958 1181 148 124 trente
2172 1192 81 117 pas
2294 1210 53 68 au
2405 1211 131 72 moins

904 1302 36 99 de
972 1293 223 115 l'endroit
1261 1295 78 122 d'ou
1396 1302 28 109 il
1473 1304 137 118 avait
1676 1305 70 119 été
1795 1308 214 123 enlevé;
2049 1329 248 105 qu'ayant
2346 1314 95 93 fait

915 1406 235 129 plusieurs
1208 1413 165 125 efforts
1423 1421 105 121 pour
1595 1437 165 110 revenir
1818 1441 20 109 à
1861 1431 149 122 terre,
2034 1439 19 92 il
2103 1439 131 90 avait
2309 1445 45 85 eû

892 1531 242 121 beaucoux
1185 1539 47 123 de
1265 1543 127 117 pene
1461 1552 56 117 ay
1560 1551 287 121 parvenir,
1870 1550 39 125 la
1969 1554 127 101 Mer
2138 1557 29 98 le
2210 1563 180 95 jettant

895 1652 236 125 toujours
1171 1660 145 117 contre
1389 1669 44 110 un
1489 1663 228 122 Rocher,
1740 1689 53 93 où
1832 1669 27 104 il
1899 1671 111 120 s'est
2058 1685 94 110 fait
2184 1683 270 91 plusieures

888 1769 217 129 blessures,
1129 1790 29 104 et
1219 1785 422 124 meurerissures;
1675 1805 29 100 et
1755 1796 74 118 qui
1889 1801 2 117 a
1961 1797 324 103 entièrement
2336 1797 190 102 dechire

890 1901 36 107 sa
983 1898 272 126 Chemise;
1321 1905 196 124 ulotte,
1541 1910 145 120 bas,
1718 1938 27 84 et
1794 1919 27 118 le
1895 1923 103 118 reste
2039 1924 52 110 de
2123 1946 53 86 ses
2208 1930 229 101 hardes.

900 2028 245 112 qu'ayant
1216 2028 123 117 enfin
1410 2034 67 95 été
1532 2042 123 104 asses
1693 2052 302 115 heureux,
2032 2063 109 104 pour
2203 2055 252 91 ratraper

887 2128 48 114 Le
978 2125 259 134 Rivage,
1271 2134 86 133 son
1389 2136 214 137 premier
1655 2146 86 133 soin
1811 2162 39 115 en
1903 2169 250 87 revenant
2232 2182 3 81 a
2269 2172 76 91 luy
2398 2178 121 84 avait

892 2244 73 110 été
1007 2245 38 104 de
1096 2248 224 123 regarder
1379 2259 75 118 s'il
1504 2256 181 131 verrait
1744 2267 65 116 son
1860 2269 331 136 Camarade,
2231 2303 102 100 qu'il
2374 2294 154 87 l'avait

900 2366 174 115 appelle
1145 2383 19 70 à
1194 2372 279 122 plusieures
1527 2392 281 105 reprises,
1863 2399 108 76 mais
2049 2404 68 95 que
2172 2417 35 78 ne
2245 2402 313 117 l'apercevant

901 2488 125 83 pas,
1049 2487 29 79 il
1120 2486 215 95 n'aurait
1404 2502 86 86 pas
1534 2500 138 88 douté
1734 2510 48 80 un
1838 2511 254 100 instant,
2108 2533 223 78 comm'il
2400 2543 35 71 ne

898 2597 114 89 doute
1074 2604 74 79 pas
1179 2604 212 92 encore,
1420 2612 95 85 qu'il
1577 2615 100 83 n'eüt
1741 2629 54 70 été
1826 2630 165 89 enlevé
2028 2635 67 86 par
2139 2630 28 93 la
2218 2644 126 84 même
2400 2639 153 95 Lamme

889 2706 42 91 ou
985 2712 57 91 que
1080 2702 194 93 voulant
1335 2705 27 86 le
1407 2730 241 94 sécourir,
1670 2712 27 114 il
1733 2711 28 116 se
1797 2713 98 103 soit
1957 2736 177 101 noyé.
2180 2732 217 99 qu'enfin

896 2798 174 105 voyant
1143 2814 70 94 que
1262 2806 55 99 ses
1367 2808 257 113 recherches
1688 2816 175 106 étaient
1934 2836 264 98 inutiles,
2218 2845 24 92 il
2285 2859 25 77 se
2352 2833 159 103 serait

875 2913 160 105 Traine
1090 2923 217 103 toujours
1347 2930 25 99 le
1405 2926 94 103 long
1540 2941 38 88 de
1605 2934 31 95 la
1683 2936 138 100 mer,
1848 2953 30 88 en
1926 2964 188 81 passant
2191 2956 159 94 devant
2413 2958 37 94 la

891 3020 233 109 premiere
1189 3023 28 106 et
1257 3029 181 98 seconde
1495 3040 248 123 Baterie,
1774 3053 207 109 Jusqu'à
2039 3049 333 118 l'habitation
2412 3084 45 89 de

866 3132 118 105 M.
1007 3133 196 133 Raby,
1243 3162 66 106 qui
1367 3160 92 98 n'est
1499 3172 82 99 pus
1614 3163 214 121 etoignée
1877 3181 47 103 de
1966 3177 100 99 cette
2106 3173 285 138 derniere;
2422 3214 75 86 que

880 3262 11 103 y
941 3260 124 108 étant
1124 3261 167 115 entré,
1315 3256 107 120 pour
1470 3258 273 132 demander
1801 3286 237 114 quelques
2115 3283 262 122 Secours,
2400 3321 47 69 on

870 3362 77 136 luy
1003 3374 134 111 avait
1203 3371 144 121 donné
1391 3386 307 123 entièrement
1741 3391 194 144 dequoy
1969 3420 23 112 se
2035 3409 281 131 changer,
2340 3416 136 106 toutes

3067 1088 7 104 A

3063 1425 0 69 A

3052 1661 39 81 et

3057 1774 0 100 e

3068 2026 0 138 1

3044 2734 0 82 M

3046 2886 51 81 qu

3040 2995 47 106 du

3035 3168 72 114 Qui

3020 3252 70 161 Gu

3018 3366 89 176 feu
