4117 2641
278 698 1810 97 pour vivre eloigné d'elle, qu'ils etoient, de faire faire

287 804 1781 91 ma criée juridique de l'habitation, ou que si elle

292 905 1765 104 voulait eviter de mettre nos differends sous les yeux

289 1009 1771 101 du public que je prendrois la ferme à l'amiable.

280 1123 1764 90 elle accepté ce dernier parti. j'ai eu la ferme

295 1225 1780 99 a soixante et dix mille livres. je me tirerai bien

295 1332 1784 95 d'affaire car je ferois bien près de cent mille livres

297 1439 1768 89 cette année de sucre superbe, et dans deux ans –

306 1550 1773 85 mes moulins ne cesseront pas de tourner que je n'ai

308 1647 1787 101 fait quatre cent milliers de sucre. Aussitot

299 1760 1738 101 les affaires terminées ma dem^lle de Maisouseule

292 1870 1762 88 nous a quitté pour se rendre ou Trou chordet ou

290 1982 1736 80 elle va desormais vivre ou du moins jusqu'a –

284 2096 1745 76 son mariage dont elle vous a surement fait part

290 2203 1786 84 Madame la Marechale. elle vous l'aura peint sous

296 2322 1738 82 des couleurs avantageuses, mais je crois pouvoir

1866 2398 137 62 vous

2195 692 1828 87 assurer ⎀ dans ce guere là c'est la plus grande sottise qu'elle

2364 658 103 66 ⎀ que

2206 774 1808 112 puisse faïre le che^r de Dillon n'a pour toute –

2207 874 1808 98 fortune que cinq cent francs de pension de la famille,

2219 991 1793 81 et une petit concession a S^t Domingue, qu'on lui –

2217 1084 1803 80 dispute. Mais il a dit-il ⎀ la promesse d'etre fait –

3177 1034 115 59 ⎀avoir

2220 1185 1759 84 colonel et celle d'une place chez la Reine pour sa –

2226 1294 1788 82 femme. ma belle sœur veut apparement aller –

2228 1385 1820 85 representer chez la Raine, vraisemblablement chez elle

2228 1498 1795 77 il se mêle de l'ambition a l'amour. c'est M^r et –

2222 1591 1804 91 M^de Volant qui eberge le malheureux ch^r de Dillon

2217 1715 1810 79 qui sans eux seroit fort embarassé de trouver a diner et

2211 1826 1837 71 a souper qui ont arrangés cette affaire la. si ma sœur

2220 1924 1828 83 la termine comme il y a mille contre un a parier, elle se

2220 2035 1761 83 vrime. au moyen de l'arrangement qu'elle a fait

2228 2146 1795 92 avec moi elle ne payera pas des dettes comme demoiselle

2217 2246 1731 104 d'ici a bien des années; mariée avec un homme qui

3838 2357 179 56 n'a
