4276 2678
251 745 1802 76 rellement pas une portugaise il faudra qu'elle fasse

260 833 1803 76 soit ici n'ayant point d'habitation, soit a Paris ou

285 925 1783 83 elle n'a point d'etablissement de nouvelles dettes pour

287 977 1776 128 soutenir le Nom de M^de La V^sse de Dillon. –

267 1129 1796 93 Malgré tout le mal qu'elle m'a fait je suis faché de

285 1231 1122 93 lui voir faire une parielle folie

367 1336 1708 80 Quant a moi, Madame la Marechale, je deviens

270 1447 1789 97 habitant et Susette menagere. j'espere que nous –

270 1535 1774 89 ferons bien nos affaires, moi celles du dehors et elle

258 1633 1796 91 celles de l'interieur. Notre Jardin ⎀, j'ai un fort bon –

1371 1596 258 62 ⎀ est superbe

252 1745 1827 79 econôme, un homme bie⟦n⟧ né qui reunit a la connoissance

260 1835 1819 97 de la culture du Sucre et de la fabrique De⟦a⟧l'intelligence

258 1946 1798 102 Les beaucoup d'autres objets. je vais reparer des –

248 2053 1800 98 batimens et en construire d'autres ce a quoi je suis –

293 2158 1720 76 autorisé par l'acte de ferme. mon Troupeau se

276 2273 1780 86 monte, mon colombier, mon Poulailler, se meublent

1819 2383 131 70 tous

2961 279 1077 198 14e Piece cottée M.

2399 662 1705 68 les jours, je vais etablir un chapier, j'aurai de quoi

2413 755 1784 75 faire bonne chere et meme envoyer vendre au marché

2407 855 1788 74 car vous saves que c'est l'usage ici, Madame la marechale,

2404 970 1769 75 d'envoyer vendre son superflu a la ville. Je vais –

2414 1068 1774 88 faire present a Sulette de six vaches outre celles –

2408 1187 1769 74 que nous avons deja ce petit commerce l'amusera et

2402 1280 1769 87 tout en badinant rapporte jusqu'a deux gourdes par

2347 1417 248 62 jour.

2492 1484 1687 88 Mon séjour ici sera plus long que je ne le comptois, –

2420 1591 1763 78 mais y etant venu je veux mettre l'habitation dans –

2401 1684 1781 95 sa plus haute valeur payer les dettes et me donner

2396 1794 1772 82 une belle Caffeyre avant de partir ce qui me sera –

2395 1895 1790 92 facile si je n'epprouve pas des desastres. Il est bien

2399 1986 1740 114 facheux que S^t Domingue soit aussi eloigné des côtes

2396 2133 1749 77 de france, car le pays cy a ses agrements; dans ce –

2410 2233 1745 93 moment la chaleur y est très supportable il n'y –

2398 2350 1733 92 manque que de la societé pour en faire un Pays –
