4239 2675
448 708 1723 93 charmant; on assure que la coquinerie des gerents et

460 811 1741 77 Procureurs nous ramenera bien des habitans qui viend^t

462 906 1685 80 tirer de leur solitude ceux qui ont pris les avances –

459 1016 728 77 pour ne pas etre ruinés.

555 1116 1616 122 J'ecris a mes parens par ce meme Navire, je ne

466 1214 1724 96 leur dis pas encore que mon Sejour ici est prolongé

441 1331 1730 74 je veux les preparer a cela. cette idée m'affecte

420 1428 1745 87 souvent moi meme, mais il faut etre homme et–

416 1536 1737 94 savoir s'expatrier quelques années pour s'assurer

432 1636 1633 138 un bien etre agreable le reste de ses jours. –

533 1743 1556 96 Ma confiance en vos bontés, Madame la –

416 1829 1757 119 Marechale, m'a fait entrer dans tous les details que

367 1948 1791 109 je vous ai donné, ils etoient necessaires pour vous

431 2052 1716 102 eclairer sur ma conduite avec ma belle sœur –

428 2178 1722 89 ⟦mais⟧ je voudrois que tout ce que je vous ai dit par

439 2284 1762 153 vous etre confirmé P. Fr. les temoins de S^t Domingue

1950 2434 227 43 comme

2370 720 1727 82 vous pouvés etre informée a Paris, que j'ai toujours –

2370 824 1696 84 été ennemi de tracasseries et etrangers aux mauvais

2379 910 1755 91 Procedés. mon amitié, ma tendresse pour mes sœurs –

2390 1013 1771 83 et mes amis, l'intimité avec la quelle j'ai vecu avec

2388 1114 1696 83 mes camarades pendant quatorze ⎀ doivent je crois

3520 1070 105 82 ⎀ ans

2358 1211 1741 87 plaider en ma faveur, et detruire ce que ma belle–

2364 1318 1741 96 sœur vous ecrira sans doute ainsi qu'a beaucoup

2370 1428 1338 80 d'autres pour noircir mon caractere.

2468 1558 1680 85 Agrées mes excuses, Madame la Marechale, sur –

2355 1671 1800 84 ma lettre aussi longue, et daignés recevoir favorablem^t

2351 1771 1740 74 les temoignages de ma reconnoissance et ceux des –

2349 1875 1757 83 Sentiments respectueux avec lesquels j'ai l'honneur

2343 1975 1564 86 d'etre votre tres humble et tres obeiss^t Ser^r

3021 2068 832 147 Le ch^on de Montullé

2318 2266 1217 125 Le 6 mars 1788. A Leogane
