1933 2509
736 294 960 199 13^e Piece cottée M.

333 832 1519 157 Pourquoi ajouter, Madame la Marechale, a un present ⎯

258 977 1603 93 dont chaque jour me fera mieux connoitre la valeur et que je

256 1059 1605 83 sais deja apprecier. heureux par celle que je dois a vos bontés

263 1126 1584 104 que me falloit-il de plus pour sentir vivement tout ce que la

260 1214 1611 99 reconnoissance, l'estime, et j'oserai dire l'affection peuvent inspirer.

259 1299 1614 93 ces sentimens gravés dans mon cœur peuvent vous etre garants que

252 1382 1609 91 vous n'avés pas fait un ingrat, Madame la Marechale, et ses⎯

258 1467 1595 88 tendres soins, ses procedés delicats pour celle sur le bonheur de la⎯

255 1555 1638 84 quelle vous vous etes fiée a lui ne vous permettront pas un instant de

263 1629 1597 103 vous repentir de vous etre interessée a son sort. Permettés moi

264 1715 1579 105 de vous assurer, Madame la Marechale, ainsi que de vous offrir

273 1798 1586 103 l'hommage respectueux avec lequel j'ai l'honneur d'etre, votre

386 1883 983 99 trés humble et trés obeiss^t Serviteur.

1094 1948 461 114 Montullé

205 2082 213 119 le 26.
