1929 2515
987 324 788 132 11^e Pièce cottée M.

198 734 646 132 Madame la Marechale,

131 1100 1715 151 d'après la lettre que j'ai reçue de Madame la Comtesse de bonne¬

83 1238 1789 149 ¬guise, j'ose prendre la liberté ainsi que M^de du chilleau ma soeur

96 1387 1803 113 de vous demander la permission de vous aller chercher. Nous desirons

90 1485 1721 149 sçavoir, l'heure et le jour qui vous gêneroit le Moins, nous

69 1588 1734 147 serons a vos ordres Madame la Marechale, et bien flattée de la ⎯

86 1733 1757 95 permission que vous voudrez bien nous donner, ayant une occasion de

107 1828 1722 126 vous assurer du respect avec lequel je suis Madame la Marechale

114 1943 1248 123 vottre tres humble et tres obeissante servante

113 2350 632 92 rue neuve des Mathurins.

893 2206 773 143 Montullé M^ise de Turpin
