3730 2413
2770 130 857 141 8^eme Piece cottée M.

2078 311 1110 149 Madame La Marechalle

2154 504 1567 135 Nous avons l'honneur de vous adresser les propositions

2062 640 1537 118 que nous croyons devoir vous plaire, elles sont sur deux

2056 774 1582 102 feuilles separées, La seconde contient celles que nous –

2066 903 1556 105 pensons ne devoir se faire que de votre aveu, et de

2052 1026 1586 98 ceux de Mademoiselle de Maisonceul, et de Monsieur

2059 1155 1578 115 Le Marquis et Madame la marquise de Bonneguise.

2168 1268 1473 102 Permettez, Madame La Marechalle, que nous –

2039 1390 1578 85 assurions icy du desir que nous avons de vous etre –

2031 1509 307 101 agreables.

2107 1583 1526 119 Nous avons l'honneur d'etre avec Respect, Madame la

1999 1698 1535 109 Marechalle, vos tres humbles et tres obeissans serviteurs

2124 1783 1469 193 a paris le 14 fev.^r 1787 Montullé

2488 2000 815 123 haudry de montullé
