2101 2748
129 129 1831 121 d'aprés tous ces arrangements ou N'a pas Besoin de lever

128 251 1873 113 un ménage a paris ils trouverons a se loger et nourir

140 370 1869 121 chés Leurs parents jusqu'a Leur départ qui seroit

151 488 1739 128 pour le mois doctobre. joubliois de vous dire

151 596 1856 164 Madame, que M^de de turpin desire que M^r son

171 722 1818 169 frere vous aille trouver j'ai Répondue que

178 836 1744 162 je ne Le prenois pas sur moi qu'il falloit

149 975 1863 179 dabord scavoir si cela vous Convenoit et si, avec

148 1100 1736 183 tout Lesq Nouveaux détails que je vous ferois

126 1222 1876 218 si vous donniés definitivement votre Consentement

140 1377 1877 178 a ce mariage que je Crois en mon âme et Concience

134 1486 1878 175 trés bon sous tous les Raports pour M^lle de Maisonseule

126 1630 1862 169 si ils vous est agréable je pense bien que vous ferés le

142 1758 1871 151 Voyage de Paris vous le devés a votre enfant puisque vous

155 1857 1849 178 avés eu jusqu'ici tant de bontés, et d'amitiés pour elle

161 2007 1730 142 je serais garante de sa Reconnaissantes, et des

151 2111 1432 169 sentiments avec Les quels jai Le d.

348 2273 783 115 7^e Pièce cottée M.

619 2367 155 112 B
