2118 2768
825 253 899 85 à Brest ce 14 may 1756

943 320 702 148 71^e Piece cottée O.

406 604 1617 161 ma santé, Chere M., va de mieux en mieux, à la promenade

396 736 1562 140 pres, le tems ne me l'ayant pas permis, j'espere que cela

390 822 1631 157 changera à la fin, j'ai eû la dent inferieure sur la qu'elle

389 911 1616 153 vous savés que je mange, qui a pris vent et est percée ce qui

389 994 1633 167 m'a fait mal, et deviendroit un grand desagrement pour moy

392 1093 1638 155 si elle venoit à ne me pouvoir plus servir, je l'ai fais plombe

394 1174 1587 184 ce matin, peut etre que cela y apportera quelque remede pour

380 1264 1620 177 un tems; je crois que je n'aurai qu'une Escadre de douze –

379 1354 1625 163 vaisseaux et trois frégattes dans la suitte, à moins qu'on ne

393 1439 1623 163 soit forcé à une augmentation, tout cela va assez mal; on

393 1537 1557 159 me mande de ne plus donner d'ordre pour les gardes côtes,

392 1633 1636 153 qu'on laisse M^r Duguay et l'intendant maitre des dispositions

401 1694 1590 157 pour les usages du port, par consequent je ne me meslerai

395 1785 1619 161 que de mon Escadre, on me marque qu'il faut toujours que

364 1865 1627 137 L'Escadre ait trois mois de vivres et d'eau, ainsi que M^r

372 1943 1638 143 les capitaines pour leur table au cas de destination, et que

369 2028 1610 143 s'il en falloit d'avantage, on m'avertiroit. quand cecy sera

373 2117 1591 120 fini, je vous promest de ne vous plus quitter, il est tems

378 2209 761 86 que je songe à mon repos.

372 2278 1649 104 M^r le Duc Daiguillon et la marine sont brouillés ensemble

362 2362 1668 103 à outrance, M^r Duguay en en faisant beaucoup trop, a desobligé

359 2435 1637 119 l'un et l'autre, pour moi je ne me mesle point dans tout cela,

366 2534 1585 101 comme je reste chez moy à terre pour reprendre mes forces
