2091 2737
869 196 909 125 à Brest ce 9 juin 1756

1371 303 571 137 80^e Piece cottée O.

377 477 1625 93 J'ai écris, Ma Chere M. à M^r le garde des Sceaux

345 571 1660 81 pour lui demender la place de Vice amiral, et lui ai

377 653 1642 87 représentés que j'etois plus ancien que M^r de Mainemara

366 734 1648 94 de plus de deux ans et que je L'avois commendés au moins

354 807 1592 103 pendant 20 ans, j'ai été bien aise de lui faire cette

390 894 1634 115 observation, quoyque je sois tres persuadé qu'il L'emportera,

395 983 1624 127 mais il est cependant vrai que nos services sont differents

390 1064 1618 109 et qu'il ne devoit pas passer devant moy par des ricochets

383 1143 1603 105 inatendus, au surplus la mort de M^r de Cresnay me

392 1219 1626 106 m'est en bonne Esperance, et j'espere que vous vous voirés

381 1281 1627 125 M^de la Vice Amiral; s'il ne m'arrive point de malheur,

392 1363 1527 125 M^e D'armentieres scaura ce qu'en pense le Ministre

378 1446 1586 130 Les choses sont toujours dans le même État pour mon

383 1525 1586 138 Escadre, et je pense qu'on ne fera rien que L'affaire du

394 1596 1594 135 port mahon ne soit terminée. je me porte au mieux

384 1683 1626 127 et ai bon appetit, je me ménagerai (comme vous me la

383 1771 1619 119 reccommendés, car il faut vivre Longtems pour parvenir

387 1839 1609 124 sans doute il n'a eté rien fait à la pentecoste, il seroit

384 1920 1611 114 pourtant bien juste que je pû me sentir des bontés du Roy,

381 1993 1617 103 sans attendre des Evenements critiques, je suis bien aise

395 2072 1560 93 que vous aprouviés ma conduite avec M^r Le Duc–

384 2153 1589 97 D'aiguillon, j'ai crû avoir rempli ce que la politesse –

381 2230 1579 90 exigoit de moy, mais il est toujours désagréable quand

383 2306 1603 97 les choses ne se passent pas honestement, je ne maccordee

381 2388 1577 107 sur personne pour ce que je me dois a moy méme, je vais

386 2480 1552 95 mon trein, et suis ce que je crois que mon honneur exige.
