2152 2744
864 169 848 85 à Brest le 11 juin 1756

1372 245 600 117 81^e Piece cottée O.

449 413 1593 105 Je vous dirai Ma tres chere et bonne amie, que je me

440 501 1612 111 porte parfaitement, et avec un tres grand appetit, j'attend

443 582 1640 119 les Évenements que peuvent arriver avec beaucoup de patience,

446 660 1628 125 s'ils ne sont heureux, ils passeront mon attente; j'ai fait au

445 742 1632 125 ministre les representations honestes que je croyois devoir

443 820 1622 131 faire pour la vice amirauté, sans rien dire que d'obligent

440 911 1625 105 pour M^r de Mainemara, ainsi les choses iront comme elles

442 987 1581 115 passeront. le public me desire du bien, et je suis assez

440 1082 1638 96 heureux d'étre aimé, comme vous ne me parlés point dans

436 1155 1639 114 vôtre derniere du 7 du courant de la pentecoste, j'ai lieu de

436 1243 1642 122 croire que le Roi n'a point fait de promotion, c'est partie

437 1324 1618 112 remise, il ne sagit que de vivre Longtemps pour attendre.

445 1396 1632 110 beaucoup de gens icy qui n'aiment point M^r de Mainemara

440 1486 1641 84 assurent que l'on est indisposés à la cour contre lui, je n'en crois, –

436 1564 1647 91 rien c'est un homme qui scait se retourner, à moins qu'en

431 1631 1659 94 qualité d'etranger, on ne veuille pas lui donner la vice amirauté

433 1704 1627 96 qu'on dit etre chargé de la couronne, au surplus je ne crois

434 1777 1640 102 pas qu'il ait demerité. songés je vous prie que vôtre amitié

431 1858 1634 97 et vos sentiments pour moy, font le bonheur de ma vie, et

430 1932 1635 101 que quand j'aurai rempli ma mission aussi dignement que

434 2007 1632 92 je le desire, et d'une façon qui vous puisse être agréable, je

425 2080 1647 89 vous revoirai alors avec d'autant plus de plaisir, que je scai

427 2154 1647 89 que vous en serés flattée, dites à la chere sœur que je L'aime

433 2234 1648 74 tendrement, je vous ai touttes deux dans ma pensée continuellem^t

431 2303 1644 81 et ne respire que pour vôtre bonheur commun, j'embrasse mes

431 2384 1634 74 nieces, et le Ch^r de vienne, mes respects aux Dames parentes

434 2455 1618 83 et amies et compliments aux hommes, bon jour M. aimés,

436 2535 779 82 car le G. L. vous adore.
