3931 2748
441 234 1426 94 je fais de tres tendres ameliés à la Chere sœur, et à

429 328 1449 93 mes nieces, M^r de Siville n'est point encore arrivé, je

430 415 1428 79 ne merite pas de remerciments de la part de M^de la

426 482 1470 107 marquise de Carton, ses prieres, sont des ordres que je

429 563 1443 107 respecte beaucoup. mes respects et compliments aux

421 645 1454 100 Dames, et a nos amis; je suis toujours serviteur du

414 714 1452 121 ch^r de Vienne; je suis bien aise de vôtre attention

413 801 1447 127 sur la perte qu'à fait M^r de Cherne, il est tout à fait

427 880 1043 101 de mes amis, et bien digne d'Estime.

427 955 1478 139 bon jour, ma tres chere et bien Aimée, je vous embrasse

430 1039 1471 131 de toutte mon ame, vous m'occupés sans cesse, et je n'aurai

418 1123 1486 128 de vrai plaisir que quand je serai à vous le dire de bouche,

427 1216 1477 107 pensés objectement en moi, et faisons nous un bonheur–

424 1294 1329 104 reciproque de ne jamais cesser d'etre les mesmes.

946 1376 410 110 Le G. L.
