<?xml version="1.0" encoding="UTF-8"?>
<alto xmlns:xsi="http://www.w3.org/2001/XMLSchema-instance"
      xmlns="http://www.loc.gov/standards/alto/ns-v4#"
      xsi:schemaLocation="http://www.loc.gov/standards/alto/ns-v4# http://www.loc.gov/standards/alto/v4/alto-4-2.xsd">
  <Description>
    <MeasurementUnit>pixel</MeasurementUnit>
    <sourceImageInformation>
      <fileName>T-586-14-O-206.jpg</fileName>
    </sourceImageInformation>
  </Description>
  <Tags>
    <OtherTag ID="QZ7" LABEL="CustomZone" DESCRIPTION="block type CustomZone"/><OtherTag ID="QZ8" LABEL="DamageZone" DESCRIPTION="block type DamageZone"/><OtherTag ID="QZ9" LABEL="DigitizationArtefactZone" DESCRIPTION="block type DigitizationArtefactZone"/><OtherTag ID="QZ10" LABEL="DropCapitalZone" DESCRIPTION="block type DropCapitalZone"/><OtherTag ID="QZ11" LABEL="GraphicZone" DESCRIPTION="block type GraphicZone"/><OtherTag ID="QZ12" LABEL="MainZone" DESCRIPTION="block type MainZone"/><OtherTag ID="QZ13" LABEL="MarginTextZone" DESCRIPTION="block type MarginTextZone"/><OtherTag ID="QZ14" LABEL="MusicZone" DESCRIPTION="block type MusicZone"/><OtherTag ID="QZ15" LABEL="NumberingZone" DESCRIPTION="block type NumberingZone"/><OtherTag ID="QZ17" LABEL="QuireMarksZone" DESCRIPTION="block type QuireMarksZone"/><OtherTag ID="QZ18" LABEL="RunningTitleZone" DESCRIPTION="block type RunningTitleZone"/><OtherTag ID="QZ19" LABEL="SealZone" DESCRIPTION="block type SealZone"/><OtherTag ID="QZ20" LABEL="StampZone" DESCRIPTION="block type StampZone"/><OtherTag ID="QZ21" LABEL="TableZone" DESCRIPTION="block type TableZone"/><OtherTag ID="QZ22" LABEL="TitlePageZone" DESCRIPTION="block type TitlePageZone"/>
    <OtherTag ID="LT7" LABEL="CustomLine" DESCRIPTION="line type CustomLine"/><OtherTag ID="LT8" LABEL="DefaultLine" DESCRIPTION="line type DefaultLine"/><OtherTag ID="LT9" LABEL="DropCapitalLine" DESCRIPTION="line type DropCapitalLine"/><OtherTag ID="LT10" LABEL="HeadingLine" DESCRIPTION="line type HeadingLine"/><OtherTag ID="LT11" LABEL="InterlinearLine" DESCRIPTION="line type InterlinearLine"/><OtherTag ID="LT12" LABEL="MusicLine" DESCRIPTION="line type MusicLine"/>
  </Tags>
  <Layout>
    <Page WIDTH="3968"
          HEIGHT="2771"
          PHYSICAL_IMG_NR="36"
          ID="eSc_dummypage_">
      <PrintSpace HPOS="0"
                  VPOS="0"
                  WIDTH="3968"
                  HEIGHT="2771">
        <TextBlock HPOS="316"
                   VPOS="276"
                   WIDTH="1622"
                   HEIGHT="1260"
                   ID="eSc_textblock_24bbd56a"
                   TAGREFS="QZ12">
          <Shape><Polygon POINTS="316 276 316 1536 1938 1536 1938 276"/></Shape>
          <TextLine ID="eSc_line_b95be474"
                    TAGREFS="LT8"
                    BASELINE="389 363 1133 350 1906 358" 
                    HPOS="388"
                    VPOS="303"
                    WIDTH="1518"
                    HEIGHT="84">
            <Shape><Polygon POINTS="1659 303 1639 303 1638 303 1567 317 1565 317 1538 303 1536 303 1493 303 1492 303 1438 310 1305 304 1304 304 1227 318 1196 304 1194 304 1193 304 1156 312 1122 304 1120 304 1119 304 1117 304 1116 304 1090 320 1087 323 1003 323 1000 321 948 304 946 304 945 304 943 304 891 321 837 321 774 323 772 323 742 307 740 307 699 306 697 306 600 324 423 324 418 327 403 330 388 334 389 363 391 387 415 377 448 384 449 384 451 384 506 374 526 381 528 381 529 381 531 381 555 369 732 380 734 380 736 380 780 369 913 369 980 384 983 384 985 386 1119 386 1119 384 1120 384 1124 383 1156 367 1251 367 1328 383 1342 384 1344 384 1368 381 1499 366 1538 375 1539 375 1541 375 1542 375 1564 367 1592 381 1596 383 1598 383 1599 383 1601 383 1609 381 1655 366 1744 380 1767 383 1769 383 1904 378 1906 358 1904 315 1672 304 1666 304"/></Shape>
            <String CONTENT="venus, on dit que les anglois vont faire une déclaration"
                    HPOS="388"
                    VPOS="303"
                    WIDTH="1518"
                    HEIGHT="84"
                    ></String>
          </TextLine>
          <TextLine ID="eSc_line_b3c99cbb"
                    TAGREFS="LT8"
                    BASELINE="384 451 1147 438 1910 447" 
                    HPOS="383"
                    VPOS="397"
                    WIDTH="1527"
                    HEIGHT="86">
            <Shape><Polygon POINTS="384 451 384 460 440 481 441 481 443 483 521 483 521 481 523 481 597 461 611 458 702 458 709 461 742 481 743 481 745 481 746 483 805 483 805 481 806 481 837 466 893 481 894 481 896 483 1051 483 1051 481 1053 481 1084 464 1096 457 1151 457 1207 464 1241 469 1242 469 1244 469 1256 464 1278 457 1450 457 1475 466 1512 480 1513 480 1515 480 1595 466 1629 461 1642 467 1672 480 1673 480 1675 480 1733 475 1735 475 1752 467 1767 460 1907 467 1910 447 1909 415 1704 415 1699 414 1619 401 1618 401 1528 412 1485 411 1461 397 1459 397 1458 397 1456 397 1395 412 1322 397 1321 397 963 398 962 398 936 412 931 414 917 412 837 398 836 398 774 409 737 400 736 400 734 400 732 400 689 411 671 417 471 417 449 411 414 401 412 401 411 401 409 401 383 409 384 451"/></Shape>
            <String CONTENT="de guerre, cela sera pitoyable, et ils ne tromperont aucunnes"
                    HPOS="383"
                    VPOS="397"
                    WIDTH="1527"
                    HEIGHT="86"
                    ></String>
          </TextLine>
          <TextLine ID="eSc_line_46a28a0f"
                    TAGREFS="LT8"
                    BASELINE="386 526 702 515 1428 512 1914 528" 
                    HPOS="383"
                    VPOS="461"
                    WIDTH="1529"
                    HEIGHT="100">
            <Shape><Polygon POINTS="385 524 383 542 408 556 519 542 535 556 542 558 625 558 711 533 750 549 868 538 912 561 972 561 972 558 976 558 1009 533 1025 544 1124 533 1459 533 1498 544 1559 533 1630 558 1910 551 1912 526 1910 487 1780 487 1755 466 1746 466 1699 484 1656 461 1646 461 1609 484 1584 468 1494 461 1413 461 1413 464 1392 480 1325 461 1039 461 1002 484 905 473 875 484 852 464 852 461 843 461 794 480 776 484 385 477 385 524"/></Shape>
            <String CONTENT="nations, conservés moy vôtre cœur et vôtre tendresse, je"
                    HPOS="383"
                    VPOS="461"
                    WIDTH="1529"
                    HEIGHT="100"
                    ></String>
          </TextLine>
          <TextLine ID="eSc_line_bfad5301"
                    TAGREFS="LT8"
                    BASELINE="383 595 1253 589 1875 605" 
                    HPOS="381"
                    VPOS="548"
                    WIDTH="1494"
                    HEIGHT="87">
            <Shape><Polygon POINTS="383 595 381 609 403 618 404 618 406 618 505 611 506 611 508 611 623 631 625 632 677 632 677 631 679 631 719 612 743 612 894 612 899 612 988 631 1071 632 1073 632 1074 632 1120 620 1236 625 1237 625 1239 625 1259 617 1296 632 1298 632 1299 632 1373 625 1459 634 1461 634 1462 634 1487 620 1508 634 1510 634 1512 634 1513 635 1553 635 1553 634 1555 634 1592 617 1595 615 1649 615 1655 617 1707 631 1709 631 1810 634 1812 634 1813 634 1843 617 1844 617 1872 617 1875 605 1873 564 1559 564 1558 563 1538 551 1536 551 1535 551 1533 551 1473 558 1408 549 1407 549 1308 557 1264 549 1262 549 1261 549 1211 561 1210 561 1147 549 1145 549 1144 549 1114 557 1102 549 1100 549 1099 549 997 549 996 549 994 549 966 561 840 561 816 548 814 548 736 548 734 548 674 560 654 548 652 548 651 548 649 548 595 560 460 560 417 549 415 549 414 549 383 558 383 595"/></Shape>
            <String CONTENT="le merite par tous mes sentiments que j&#x27;ai pour vous et"
                    HPOS="381"
                    VPOS="548"
                    WIDTH="1494"
                    HEIGHT="87"
                    ></String>
          </TextLine>
          <TextLine ID="eSc_line_9b224278"
                    TAGREFS="LT8"
                    BASELINE="375 672 1339 669 1880 678" 
                    HPOS="375"
                    VPOS="623"
                    WIDTH="1505"
                    HEIGHT="77">
            <Shape><Polygon POINTS="375 672 375 697 475 683 563 683 591 697 592 697 594 697 737 683 939 698 951 698 953 698 954 698 956 698 985 689 1051 697 1053 697 1054 697 1084 686 1114 698 1116 698 1117 698 1119 698 1120 698 1148 685 1273 685 1301 698 1302 698 1304 698 1307 698 1359 686 1465 697 1467 697 1618 686 1659 686 1678 698 1679 698 1681 698 1682 700 1878 700 1880 678 1880 640 1835 628 1833 628 1832 628 1830 628 1796 640 1789 643 1741 643 1735 640 1712 629 1710 629 1709 629 1635 640 1619 641 1616 640 1589 625 1587 625 1585 625 1535 634 1428 625 1427 625 1364 640 1355 641 1344 640 1281 628 1279 628 1217 640 1208 641 1202 640 1162 625 1160 625 1030 625 1028 625 1027 625 971 640 963 641 837 641 837 640 800 623 799 623 742 623 740 623 739 623 699 637 675 625 674 625 672 625 671 625 623 638 598 623 597 623 595 623 518 623 517 623 441 640 441 641 375 641 375 672"/></Shape>
            <String CONTENT="par le desir sincere que j&#x27;ai de vous rendre heureuse et de"
                    HPOS="375"
                    VPOS="623"
                    WIDTH="1505"
                    HEIGHT="77"
                    ></String>
          </TextLine>
          <TextLine ID="eSc_line_afec0eb1"
                    TAGREFS="LT8"
                    BASELINE="374 743 1224 742 1858 760" 
                    HPOS="374"
                    VPOS="688"
                    WIDTH="1484"
                    HEIGHT="95">
            <Shape><Polygon POINTS="374 743 374 758 420 751 472 760 538 772 694 774 695 774 697 774 739 763 757 757 868 754 946 763 948 763 999 754 1043 765 1045 765 1047 765 1193 755 1324 755 1345 769 1347 771 1348 771 1350 771 1351 771 1376 769 1431 766 1439 771 1453 777 1455 777 1456 777 1485 771 1533 760 1581 772 1609 778 1610 778 1612 778 1613 778 1626 772 1633 769 1701 769 1709 772 1724 783 1726 783 1727 783 1729 783 1856 774 1858 760 1853 712 1827 721 1710 712 1709 712 1707 712 1704 712 1579 720 1550 712 1536 708 1535 708 1533 708 1532 708 1519 711 1498 718 1478 711 1441 697 1439 697 1438 697 1367 703 1268 695 1267 695 1265 695 1204 711 1173 694 1171 694 1090 694 1088 694 994 711 993 711 991 711 950 692 948 692 946 692 945 692 911 711 903 715 880 715 873 711 839 692 837 692 792 691 791 691 789 691 726 711 719 712 691 711 603 703 602 703 600 703 598 703 588 711 586 711 529 688 528 688 526 688 374 709 374 743"/></Shape>
            <String CONTENT="vous étre agréable; dites à la chere sœur combien je"
                    HPOS="374"
                    VPOS="688"
                    WIDTH="1484"
                    HEIGHT="95"
                    ></String>
          </TextLine>
          <TextLine ID="eSc_line_836ba673"
                    TAGREFS="LT8"
                    BASELINE="371 829 1334 828 1858 843" 
                    HPOS="369"
                    VPOS="780"
                    WIDTH="1489"
                    HEIGHT="82">
            <Shape><Polygon POINTS="371 829 369 851 525 835 571 851 572 851 574 851 575 851 606 835 665 835 769 851 771 851 879 838 903 848 905 848 906 848 965 843 980 852 982 852 983 852 985 852 986 852 1025 838 1057 846 1059 846 1060 846 1227 838 1308 852 1310 852 1368 840 1452 848 1453 848 1455 848 1475 840 1527 859 1530 860 1532 860 1533 862 1856 862 1858 843 1858 808 1749 808 1738 805 1692 795 1690 795 1689 795 1662 803 1652 806 1612 803 1530 794 1528 794 1495 800 1478 803 1465 800 1425 786 1424 786 1422 786 1364 798 1344 802 1328 797 1291 785 1290 785 1288 785 1287 785 1261 795 1253 798 1245 795 1222 786 1221 786 1219 786 1217 786 1188 794 1167 802 1067 803 1036 792 1013 783 1011 783 1010 783 974 791 950 795 897 789 893 789 891 789 889 789 866 802 762 800 736 786 732 785 731 785 729 785 728 785 725 786 700 800 629 800 602 788 600 788 371 780 371 829"/></Shape>
            <String CONTENT="laime et mes amitiés à mes nieces, mes respects aux"
                    HPOS="369"
                    VPOS="780"
                    WIDTH="1489"
                    HEIGHT="82"
                    ></String>
          </TextLine>
          <TextLine ID="eSc_line_9883b54e"
                    TAGREFS="LT8"
                    BASELINE="375 906 877 905 1858 919" 
                    HPOS="374"
                    VPOS="842"
                    WIDTH="1482"
                    HEIGHT="111">
            <Shape><Polygon POINTS="374 905 374 939 420 919 517 935 570 919 665 919 725 932 861 925 889 942 900 942 919 925 986 949 1145 949 1145 946 1150 946 1168 930 1270 942 1328 928 1422 946 1542 935 1575 953 1635 953 1662 932 1718 953 1727 953 1762 930 1854 930 1856 916 1854 877 1593 863 1554 872 1515 856 1505 856 1492 868 1482 872 1397 861 1231 870 1221 863 1210 849 1048 847 1000 868 944 845 736 847 718 861 706 852 704 847 695 847 672 856 653 842 503 863 374 845 374 905"/></Shape>
            <String CONTENT="Dames de nos amies et Compliment à L&#x27;abbé de –"
                    HPOS="374"
                    VPOS="842"
                    WIDTH="1482"
                    HEIGHT="111"
                    ></String>
          </TextLine>
          <TextLine ID="eSc_line_78053bad"
                    TAGREFS="LT8"
                    BASELINE="378 982 1861 1006" 
                    HPOS="377"
                    VPOS="932"
                    WIDTH="1484"
                    HEIGHT="100">
            <Shape><Polygon POINTS="378 982 377 1000 409 1011 411 1011 412 1011 414 1011 449 1002 471 997 494 1003 509 1006 511 1006 512 1006 514 1006 525 1003 545 997 563 1003 580 1009 582 1009 583 1009 585 1009 595 1005 606 999 680 1005 711 1008 712 1008 746 1006 839 1002 880 1008 945 1020 946 1020 948 1020 986 1011 991 1009 996 1011 1031 1022 1033 1022 1034 1022 1114 1016 1213 1025 1214 1026 1278 1026 1278 1025 1279 1025 1299 1016 1302 1014 1310 1016 1356 1026 1358 1026 1359 1026 1382 1017 1393 1012 1435 1017 1462 1020 1464 1020 1465 1020 1472 1019 1487 1012 1519 1019 1530 1020 1532 1020 1544 1019 1581 1014 1599 1020 1627 1029 1629 1029 1630 1029 1669 1022 1675 1020 1676 1022 1692 1032 1693 1032 1695 1032 1696 1032 1860 1023 1861 1006 1860 976 1783 976 1779 972 1764 963 1763 963 1761 963 1759 963 1758 963 1724 972 1721 972 1719 972 1678 952 1676 952 1585 952 1584 952 1582 952 1549 968 1518 955 1516 955 1515 955 1452 966 1444 968 1438 966 1379 948 1378 948 1338 948 1336 948 1334 948 1304 963 1301 966 1236 966 1217 962 1110 943 1108 943 1107 943 1071 959 1065 963 1033 963 1023 959 990 943 988 943 986 943 985 943 948 957 939 960 928 957 888 940 886 940 845 939 843 939 789 949 751 937 749 937 748 937 746 937 702 952 689 955 534 954 518 948 465 932 463 932 461 932 378 945 378 982"/></Shape>
            <String CONTENT="chabannes, et à la vielle cousine, bonjour, L&#x27;enfant,"
                    HPOS="377"
                    VPOS="932"
                    WIDTH="1484"
                    HEIGHT="100"
                    ></String>
          </TextLine>
          <TextLine ID="eSc_line_07f4247b"
                    TAGREFS="LT8"
                    BASELINE="392 1066 833 1065 1458 1080 1847 1082" 
                    HPOS="392"
                    VPOS="1016"
                    WIDTH="1455"
                    HEIGHT="98">
            <Shape><Polygon POINTS="392 1066 392 1099 428 1099 428 1097 429 1097 483 1076 497 1085 498 1085 500 1085 501 1085 622 1076 646 1088 648 1088 649 1088 651 1088 688 1077 736 1088 737 1088 739 1088 779 1077 996 1089 997 1089 1054 1082 1219 1099 1221 1099 1287 1089 1318 1106 1324 1109 1325 1109 1373 1111 1375 1111 1376 1111 1387 1108 1424 1093 1476 1093 1533 1109 1542 1111 1544 1111 1545 1111 1547 1111 1555 1109 1605 1096 1664 1109 1682 1114 1684 1114 1846 1111 1847 1082 1843 1042 1810 1052 1770 1040 1741 1032 1739 1032 1738 1032 1699 1040 1647 1051 1375 1049 1341 1037 1325 1032 1324 1032 1322 1032 1321 1032 1311 1037 1301 1043 1281 1037 1241 1025 1239 1025 1184 1025 1182 1025 1181 1025 1179 1025 1160 1036 1145 1045 1096 1036 1091 1036 1090 1036 1085 1036 1042 1043 1028 1036 1010 1023 1008 1023 1007 1023 1005 1023 1003 1023 974 1031 939 1022 937 1022 777 1019 776 1019 700 1028 645 1019 643 1019 642 1019 594 1032 574 1037 565 1031 548 1022 546 1022 545 1022 543 1022 511 1026 483 1016 481 1016 480 1016 392 1029 392 1066"/></Shape>
            <String CONTENT="jécrirai à M^r charet, je sçavois son exactitude, je"
                    HPOS="392"
                    VPOS="1016"
                    WIDTH="1455"
                    HEIGHT="98"
                    ></String>
          </TextLine>
          <TextLine ID="eSc_line_0c69086c"
                    TAGREFS="LT8"
                    BASELINE="388 1143 820 1143 1626 1168 1852 1165" 
                    HPOS="386"
                    VPOS="1100"
                    WIDTH="1466"
                    HEIGHT="97">
            <Shape><Polygon POINTS="388 1143 386 1166 628 1156 702 1160 722 1171 729 1176 731 1176 732 1177 779 1177 779 1176 780 1176 791 1173 828 1160 885 1173 894 1174 896 1174 905 1173 965 1163 1182 1166 1196 1176 1211 1185 1213 1185 1214 1185 1216 1185 1217 1185 1244 1176 1251 1174 1262 1176 1285 1180 1287 1180 1311 1177 1345 1171 1361 1177 1391 1189 1393 1189 1395 1189 1632 1183 1709 1197 1710 1197 1850 1180 1852 1165 1847 1129 1712 1142 1642 1125 1638 1125 1636 1125 1632 1125 1569 1139 1530 1139 1501 1123 1498 1122 1496 1122 1495 1122 1487 1123 1427 1136 1213 1133 1153 1117 1137 1114 1136 1114 1114 1116 1047 1125 1011 1114 999 1111 997 1111 937 1111 936 1111 934 1111 928 1113 900 1125 856 1125 799 1111 788 1109 786 1109 777 1111 751 1116 722 1109 702 1106 700 1106 699 1106 697 1106 694 1109 683 1116 646 1108 617 1103 615 1103 614 1103 605 1108 591 1116 503 1116 465 1105 446 1100 444 1100 443 1100 388 1103 388 1143"/></Shape>
            <String CONTENT="suis encore un peu enrhumé, mais ce ne sera rien, tous"
                    HPOS="386"
                    VPOS="1100"
                    WIDTH="1466"
                    HEIGHT="97"
                    ></String>
          </TextLine>
          <TextLine ID="eSc_line_e226bfed"
                    TAGREFS="LT8"
                    BASELINE="388 1214 1404 1230 1610 1240 1926 1234" 
                    HPOS="388"
                    VPOS="1177"
                    WIDTH="1538"
                    HEIGHT="93">
            <Shape><Polygon POINTS="388 1214 388 1234 437 1231 451 1236 469 1243 471 1243 472 1243 517 1237 560 1233 580 1239 615 1253 617 1253 618 1253 783 1246 906 1257 908 1259 945 1259 945 1257 946 1257 973 1248 999 1239 1025 1250 1047 1259 1048 1259 1050 1259 1051 1259 1074 1251 1104 1240 1160 1248 1162 1248 1450 1245 1478 1259 1479 1259 1481 1259 1545 1248 1582 1262 1585 1263 1587 1263 1699 1268 1701 1268 1715 1265 1783 1250 1832 1265 1833 1265 1835 1265 1867 1260 1923 1270 1926 1234 1923 1211 1853 1211 1852 1210 1809 1193 1807 1193 1806 1193 1804 1193 1756 1208 1755 1210 1695 1210 1687 1208 1641 1199 1639 1199 1589 1206 1581 1206 1578 1206 1542 1193 1541 1193 1539 1193 1538 1193 1504 1205 1502 1205 1501 1205 1453 1193 1452 1193 1398 1193 1396 1193 1395 1193 1376 1203 1375 1203 1373 1203 1322 1186 1321 1186 1319 1186 1244 1202 1241 1202 1239 1202 1199 1185 1197 1185 1131 1185 1130 1185 1128 1185 1093 1200 1036 1200 1036 1199 1002 1182 1000 1182 999 1182 900 1188 771 1180 769 1180 768 1180 734 1188 649 1177 648 1177 575 1193 572 1193 517 1193 508 1193 475 1179 474 1179 472 1179 388 1189 388 1214"/></Shape>
            <String CONTENT="mes gens se portent bien, adieu M. M. du L. et femme"
                    HPOS="388"
                    VPOS="1177"
                    WIDTH="1538"
                    HEIGHT="93"
                    ></String>
          </TextLine>
          <TextLine ID="eSc_line_c01ee953"
                    TAGREFS="LT8"
                    BASELINE="380 1291 1547 1314 1890 1303" 
                    HPOS="378"
                    VPOS="1248"
                    WIDTH="1512"
                    HEIGHT="89">
            <Shape><Polygon POINTS="380 1291 378 1317 526 1320 528 1320 529 1320 534 1319 551 1311 659 1319 715 1323 717 1323 719 1323 726 1320 743 1313 839 1320 846 1320 848 1320 851 1320 908 1311 954 1320 982 1327 983 1327 1036 1322 1105 1314 1151 1322 1171 1325 1173 1325 1213 1322 1279 1317 1293 1323 1316 1333 1318 1333 1319 1333 1375 1323 1385 1322 1401 1323 1504 1336 1505 1336 1569 1327 1627 1337 1629 1337 1889 1325 1890 1303 1886 1271 1764 1286 1750 1277 1749 1277 1747 1277 1746 1277 1681 1280 1661 1268 1659 1268 1658 1268 1656 1268 1655 1268 1593 1286 1234 1282 1204 1260 1202 1260 1201 1260 1199 1260 1194 1260 999 1268 971 1257 970 1257 968 1257 966 1257 942 1268 871 1256 869 1256 868 1256 833 1266 809 1259 808 1259 806 1259 805 1259 769 1270 751 1260 749 1260 748 1260 685 1270 648 1253 646 1253 645 1253 488 1263 452 1251 451 1251 380 1248 380 1291"/></Shape>
            <String CONTENT="du G. L. qui voudroit etre beau comme un astre pour"
                    HPOS="378"
                    VPOS="1248"
                    WIDTH="1512"
                    HEIGHT="89"
                    ></String>
          </TextLine>
          <TextLine ID="eSc_line_e9d24fa0"
                    TAGREFS="LT8"
                    BASELINE="395 1376 776 1376 1271 1391 1897 1393" 
                    HPOS="395"
                    VPOS="1334"
                    WIDTH="1502"
                    HEIGHT="97">
            <Shape><Polygon POINTS="395 1376 397 1408 431 1397 471 1408 497 1416 498 1416 500 1416 568 1410 569 1410 572 1408 594 1397 745 1397 766 1410 768 1410 769 1410 771 1410 785 1410 877 1400 917 1410 962 1419 1117 1422 1119 1422 1160 1413 1196 1423 1197 1423 1199 1423 1347 1419 1348 1419 1376 1410 1381 1408 1387 1410 1424 1423 1425 1423 1427 1423 1487 1410 1490 1410 1493 1410 1527 1420 1528 1420 1530 1420 1578 1410 1581 1410 1585 1410 1619 1419 1621 1419 1622 1419 1716 1410 1729 1410 1730 1410 1761 1430 1763 1430 1764 1430 1766 1431 1823 1431 1823 1430 1824 1430 1856 1411 1895 1410 1897 1393 1897 1356 1770 1350 1769 1350 1767 1350 1755 1354 1743 1360 1730 1354 1710 1345 1709 1345 1653 1345 1652 1345 1650 1345 1632 1354 1629 1356 1624 1354 1604 1343 1602 1343 1513 1343 1512 1343 1510 1343 1492 1353 1481 1359 1416 1353 1390 1351 1388 1351 1375 1353 1338 1359 1111 1357 1094 1351 1043 1337 1042 1337 917 1336 916 1336 823 1350 777 1340 776 1340 774 1340 746 1350 742 1351 737 1350 675 1334 674 1334 672 1334 609 1343 588 1334 586 1334 585 1334 583 1334 543 1350 542 1350 395 1350 395 1376"/></Shape>
            <String CONTENT="vous plaire, ne m&#x27;oubliés pas aupres de M^de la Comtesse"
                    HPOS="395"
                    VPOS="1334"
                    WIDTH="1502"
                    HEIGHT="97"
                    ></String>
          </TextLine>
          <TextLine ID="eSc_line_d7debae4"
                    TAGREFS="LT8"
                    BASELINE="384 1460 990 1459 1304 1471 1601 1473" 
                    HPOS="383"
                    VPOS="1408"
                    WIDTH="1218"
                    HEIGHT="91">
            <Shape><Polygon POINTS="384 1460 383 1476 429 1490 431 1490 432 1490 497 1479 506 1477 512 1479 545 1488 546 1488 548 1488 602 1484 672 1493 674 1493 675 1493 695 1482 702 1479 714 1482 736 1488 737 1488 739 1488 791 1484 846 1479 882 1485 891 1487 893 1487 894 1487 897 1485 913 1480 925 1487 943 1494 945 1494 946 1496 1067 1496 1067 1494 1068 1494 1084 1490 1105 1482 1157 1482 1171 1491 1176 1494 1177 1494 1179 1494 1181 1494 1182 1494 1184 1494 1188 1491 1201 1482 1256 1482 1285 1493 1294 1496 1296 1496 1404 1497 1405 1497 1407 1497 1411 1494 1422 1490 1433 1496 1438 1497 1439 1497 1441 1499 1599 1499 1601 1473 1598 1428 1376 1431 1348 1423 1321 1416 1319 1416 1318 1416 1316 1416 1290 1423 1282 1425 1279 1423 1265 1413 1264 1413 1262 1413 1261 1413 1259 1413 1233 1422 1217 1428 1208 1422 1193 1411 1191 1411 1190 1411 1188 1411 1147 1419 1074 1411 1073 1411 1071 1411 1047 1420 1033 1425 1025 1419 1011 1410 1010 1410 1008 1410 950 1410 948 1410 946 1410 920 1417 899 1425 876 1417 849 1408 848 1408 752 1408 751 1408 749 1408 748 1408 739 1416 722 1428 637 1428 612 1414 606 1411 605 1411 603 1411 602 1411 597 1413 574 1425 535 1413 531 1411 529 1411 528 1411 526 1411 525 1411 523 1413 506 1425 465 1425 384 1411 384 1460"/></Shape>
            <String CONTENT="de Chabannes à laqu&#x27;elle je suis tres attaché."
                    HPOS="383"
                    VPOS="1408"
                    WIDTH="1218"
                    HEIGHT="91"
                    ></String>
          </TextLine>
        </TextBlock>
      </PrintSpace>
    </Page>
  </Layout>
</alto>
