2124 2758
867 226 910 88 à Brest le 31 may 1756

1278 301 620 167 77^e p^ce cottée O

415 481 1615 127 Je vous prie, Ma tres Chere M., de dire à M^r de la

380 583 1583 149 forest la part que je prend à la perte qu'il a fait de

389 668 1652 157 M^de sa femme, je scai qu'il l'aimoit avec juste raison

384 752 1565 150 assurés le de mon amitié et de tout mon ressouvenir,

398 861 1650 159 j'écris quelque fois à M^r gossens, je suis bien aise qu'il vous

383 937 1633 155 voist c'est un parfait honeste homme, que j'estime et qui

386 1011 1609 151 est obligennt, faites lui mes compliments quand vous le

381 1103 205 78 voirés.

395 1162 1653 152 je vous ai mandés que je me suis fait arracher deux dents

381 1247 1663 139 petit à petit je me deffois de mes meubles, mais que faire,

390 1325 1654 132 il vaut mieux ne point souffrir, je mange un peü plus

378 1405 1647 150 Lentement, quoy qu'àvec un grand appetit, ainsi je suis

381 1487 736 97 vos conseils au mieux.

392 1575 1633 124 je remercie la Chere sœur de L'amitié qu'elle veut bien

390 1648 1573 121 me conserver, elle ne doit pas douter de mon tendre –

389 1729 1650 115 attachement et de mon amitié, je fais mes amitiés à mes

392 1795 1644 134 nieces, j'ai écrit à celle de poilly, elle simagine que je n'ai

390 1884 1593 118 que cela à faire, j'embrasse le Ch^r de Vienne, et suis

399 1955 1112 102 pour la vie son serviteur et son ami.

395 2014 1649 138 M^r de Siville n'est point encore arrivé, je le recommenderai

386 2096 1656 133 et vous en dirai quelque chose quand je l'aurai vû, mes respects

387 2168 1646 115 a M^de la marquise de Cuoson, à M^de la Comtesse de Chabannes,

390 2249 1629 104 aux dames et parentes de nos amies, et compliments à tous

390 2322 1537 108 ceux qui se souviennent de moy, que vous connoissés. nous

393 2396 1560 104 sommes defaits du Duc D'aiguillon, il a du sennuyer à

393 2477 1573 115 guénart, où il a eté forcé de rester plusieurs jours par

398 2557 1235 104 le mauvais tems, s'etoit assez inutil à voir.
