2101 2753
859 217 834 82 à Brest ce 26 may 1756

1149 287 681 166 76^e Piece cottée O.

405 469 1596 110 Je n'ai point eû de vos Lettres aujourduy, Ma Chere

384 570 1585 96 femme, ce qui m'inquiete. pour moi je suis encore –

388 650 1596 97 enrhumé et ai mal au dents, et une petitte fluction, je

384 728 1605 107 renarde à me faire arracher celle sur la qu'elle je

379 810 1622 106 mange. L'aquilon et la fidele ont rendues un combact

382 890 1608 124 fort opiniatre contre un V^x de 60 canons anglois et une

374 968 1619 142 fregatte de 30, il y a eu bien du monde tués et plusieurs

369 1053 1660 144 de nos amis blessés, le pauvre Morville a eû le bras droit

373 1128 1627 149 coupé, c'est une avanture glorieuse, L'anglois a eté obligé

370 1212 1623 158 d'abandonner la partie. faites mes amitiés à la chere

379 1310 1616 136 sœur et a nos parents et amis, je vous embrasse de

376 1387 1633 140 tout mon cœur. M^r gossens me mende vous avoir remi

385 1452 1598 164 l'argent de ma pension sur le puy, j'en suis bien aise

390 1537 1442 165 bonjour M. Le G. L. pense sans cesse à vous.
