2138 2763
709 207 926 122 à Brest ce 19 may 1756

1331 283 650 145 73^e Piece cottée O.

399 446 1626 115 j'ai reçu, ma tres chere et bien aimée M. vôtre Lettre

387 518 1626 152 du 15 je suis enchanté de la bonne vente de nos sucres

393 606 1642 153 M^r charet m'en vient d'ecrire, je me suis employé pour luy

388 692 1653 152 faire fretter la Comtesse de Conflans par le Roy, s'il y a occasion

391 770 1559 149 qu'on aye besoin à Rochefort d'en fretter pour le Canada

388 841 1519 156 M^r Milain commissaire de Nantes luy a promi (à ma –

397 945 1506 135 recommandation) de proposer son navire, ce que dans –

383 1013 1635 165 l'occurrance lui seroit tres avantageux, le commerce de nos

383 1086 755 106 Isles étant trop hazardeux.

379 1171 1666 161 apres l'honéteté que j'avois fait faire à M^r le Duc Daiguillon

374 1254 1602 133 de venir diner à mon bord et de l'y conduire moy méme –

374 1335 1651 123 quoyque je sois encore indisposé, il n'est point venu me voir

374 1404 1631 141 les choses en sont restées ainsi, il est trop glorieux, et a eté

377 1481 1648 141 tres mal conseillé, il me paroit que n'ayant rien à demeler

373 1576 1660 133 ensemble pour le service, qui s'etoit à celui qui se portoit

371 1648 1637 135 bien de me venir voir, il n'aura pas le plaisir de voir –

368 1720 1647 143 L'Escadre, dont je suis tres consolé, voila ce que lui prenda

370 1806 1652 140 la sotte vanité et ses vains titres, qui n'ont rien qui doivent

371 1884 1616 137 humilier la noblesse. M^r de Beaufremont ne la pointoit

364 1958 1631 140 M^r le Comte Duguey à fait un platrage de raccommedement,

367 2043 1580 136 selon ce que ce Duc lui a pour ainsi dire prescrit, pour ne –

317 2110 1696 144 point alterner (à ce qu'il dit) le bien du service, par raport aux

331 2191 1647 134 troupes qu'il doit fournir à la coste, et parer quelque demelé

364 2271 1620 134 de M^r le garde des sceaux avec M^r D'argenton, ce qu'il y

368 2343 1652 143 a de vrai c'est que le corps est fort faché, et que je suis –

362 2431 1599 132 generalement applaudi de la conduite que j'ai tenu, j'aurois

365 2515 1538 119 crû me manquer à moi méme, si javois fais autrement.
