<?xml version="1.0" encoding="UTF-8"?>
<alto xmlns:xsi="http://www.w3.org/2001/XMLSchema-instance"
      xmlns="http://www.loc.gov/standards/alto/ns-v4#"
      xsi:schemaLocation="http://www.loc.gov/standards/alto/ns-v4# http://www.loc.gov/standards/alto/v4/alto-4-2.xsd">
  <Description>
    <MeasurementUnit>pixel</MeasurementUnit>
    <sourceImageInformation>
      <fileName>FRCAOM06_COLE_241002A_0511.jpg</fileName>
    </sourceImageInformation>
  </Description>
  <Tags>
    <OtherTag ID="QZ7" LABEL="CustomZone" DESCRIPTION="block type CustomZone"/><OtherTag ID="QZ8" LABEL="DamageZone" DESCRIPTION="block type DamageZone"/><OtherTag ID="QZ9" LABEL="DigitizationArtefactZone" DESCRIPTION="block type DigitizationArtefactZone"/><OtherTag ID="QZ10" LABEL="DropCapitalZone" DESCRIPTION="block type DropCapitalZone"/><OtherTag ID="QZ11" LABEL="GraphicZone" DESCRIPTION="block type GraphicZone"/><OtherTag ID="QZ12" LABEL="MainZone" DESCRIPTION="block type MainZone"/><OtherTag ID="QZ13" LABEL="MarginTextZone" DESCRIPTION="block type MarginTextZone"/><OtherTag ID="QZ14" LABEL="MusicZone" DESCRIPTION="block type MusicZone"/><OtherTag ID="QZ15" LABEL="NumberingZone" DESCRIPTION="block type NumberingZone"/><OtherTag ID="QZ17" LABEL="QuireMarksZone" DESCRIPTION="block type QuireMarksZone"/><OtherTag ID="QZ18" LABEL="RunningTitleZone" DESCRIPTION="block type RunningTitleZone"/><OtherTag ID="QZ19" LABEL="SealZone" DESCRIPTION="block type SealZone"/><OtherTag ID="QZ20" LABEL="StampZone" DESCRIPTION="block type StampZone"/><OtherTag ID="QZ21" LABEL="TableZone" DESCRIPTION="block type TableZone"/><OtherTag ID="QZ22" LABEL="TitlePageZone" DESCRIPTION="block type TitlePageZone"/>
    <OtherTag ID="LT7" LABEL="CustomLine" DESCRIPTION="line type CustomLine"/><OtherTag ID="LT8" LABEL="DefaultLine" DESCRIPTION="line type DefaultLine"/><OtherTag ID="LT9" LABEL="DropCapitalLine" DESCRIPTION="line type DropCapitalLine"/><OtherTag ID="LT10" LABEL="HeadingLine" DESCRIPTION="line type HeadingLine"/><OtherTag ID="LT11" LABEL="InterlinearLine" DESCRIPTION="line type InterlinearLine"/><OtherTag ID="LT12" LABEL="MusicLine" DESCRIPTION="line type MusicLine"/>
  </Tags>
  <Layout>
    <Page WIDTH="2698"
          HEIGHT="3624"
          PHYSICAL_IMG_NR="82"
          ID="eSc_dummypage_">
      <PrintSpace HPOS="0"
                  VPOS="0"
                  WIDTH="2698"
                  HEIGHT="3624">
        <TextBlock HPOS="873"
                   VPOS="294"
                   WIDTH="1631"
                   HEIGHT="3012"
                   ID="eSc_textblock_69752ad5"
                   TAGREFS="QZ12">
          <Shape><Polygon POINTS="2504 3306 2504 294 873 294 873 3306"/></Shape>
          <TextLine ID="eSc_line_aa3be0e2"
                    TAGREFS="LT8"
                    BASELINE="938 455 2067 424 2446 422" 
                    HPOS="936"
                    VPOS="344"
                    WIDTH="1510"
                    HEIGHT="125">
            <Shape><Polygon POINTS="938 455 938 467 1344 469 1346 469 2444 430 2446 422 2440 388 2414 388 2412 388 2329 344 2327 344 2325 344 2323 344 2321 344 2249 388 2166 376 2164 376 2162 376 2138 386 2110 372 2108 372 2106 372 2104 372 2049 396 2043 400 1955 400 1953 398 1900 362 1898 362 1896 362 1840 356 1838 356 1836 356 1834 356 1757 402 1749 408 1582 410 1562 406 1538 402 1487 366 1485 366 1483 366 1481 366 1342 368 1262 370 1260 370 1258 370 1179 416 1171 420 1161 416 1145 410 1143 410 1141 410 936 420 938 455"/></Shape>
            <String CONTENT="à une liquidation nouvelle. Le conseil"
                    HPOS="936"
                    VPOS="344"
                    WIDTH="1510"
                    HEIGHT="125"
                    ></String>
          </TextLine>
          <TextLine ID="eSc_line_8f6eeee9"
                    TAGREFS="LT8"
                    BASELINE="926 549 2446 523" 
                    HPOS="924"
                    VPOS="467"
                    WIDTH="1522"
                    HEIGHT="116">
            <Shape><Polygon POINTS="926 549 928 583 986 569 1165 575 1167 575 1169 575 1171 575 1189 561 1250 573 1272 577 1274 577 1389 575 1391 575 1393 575 1399 569 1407 561 1518 559 1546 565 1580 571 1582 571 1584 571 1620 561 1673 549 1715 559 1719 559 1721 559 1723 559 1725 559 1747 551 1755 557 1761 563 1763 563 1765 563 1767 563 1824 555 1898 545 1940 551 1963 555 1965 555 1967 555 1981 551 2001 543 2017 549 2039 559 2041 559 2043 561 2112 561 2112 559 2194 543 2220 539 2240 543 2277 549 2279 549 2345 539 2361 537 2363 539 2381 549 2383 549 2385 549 2387 549 2444 535 2446 523 2440 485 2369 491 2359 485 2337 469 2335 469 2333 469 2279 467 2277 467 2275 467 2273 467 2244 489 2236 493 2188 489 2150 487 2148 487 2116 491 2071 497 2057 493 2003 471 2001 471 1999 471 1997 471 1959 489 1922 477 1920 477 1918 477 1916 477 1914 477 1888 495 1880 501 1707 503 1699 499 1651 477 1649 477 1646 477 1365 483 1363 483 1324 501 1274 483 1272 483 1270 483 1268 483 1218 509 1216 511 1208 509 1163 501 1161 501 1159 501 1157 501 1147 511 1143 515 1026 515 1022 513 994 501 992 501 990 501 988 501 986 501 966 515 964 517 924 517 926 549"/></Shape>
            <String CONTENT="général de liquidation ayant terminé ses"
                    HPOS="924"
                    VPOS="467"
                    WIDTH="1522"
                    HEIGHT="116"
                    ></String>
          </TextLine>
          <TextLine ID="eSc_line_164689bb"
                    TAGREFS="LT8"
                    BASELINE="918 648 2444 622" 
                    HPOS="916"
                    VPOS="577"
                    WIDTH="1528"
                    HEIGHT="99">
            <Shape><Polygon POINTS="918 648 918 668 1149 676 1151 676 1153 676 1185 662 1197 658 1206 662 1222 674 1224 674 1226 674 1228 674 1383 662 1491 670 1493 670 1495 670 1497 670 1497 668 1510 656 1554 654 1634 652 1640 652 1683 664 1685 664 1687 664 1753 654 1816 664 1818 664 1820 664 1822 664 1848 648 1856 648 1959 658 1961 658 1963 658 1993 646 1997 644 2005 644 2087 660 2089 660 2091 660 2136 642 2444 634 2444 622 2438 589 2335 591 2321 589 2263 577 2261 577 2259 577 2226 589 2216 593 2204 591 2154 577 2152 577 2150 577 2148 577 2104 591 2085 597 2071 591 2041 579 2039 579 2037 579 2035 579 2033 579 2013 591 2003 597 1989 593 1955 581 1953 581 1884 581 1882 581 1880 581 1878 581 1860 593 1846 601 1757 595 1638 585 1636 585 1634 585 1606 595 1582 608 1542 608 1530 597 1524 591 1522 591 1520 591 1518 591 1516 591 1504 597 1481 610 1310 610 1294 599 1286 591 1284 591 1282 591 1280 591 1278 591 1258 599 1228 612 916 604 918 648"/></Shape>
            <String CONTENT="travaux sans avoir statué sur la pension"
                    HPOS="916"
                    VPOS="577"
                    WIDTH="1528"
                    HEIGHT="99"
                    ></String>
          </TextLine>
          <TextLine ID="eSc_line_6ae94897"
                    TAGREFS="LT8"
                    BASELINE="916 752 2470 718" 
                    HPOS="914"
                    VPOS="664"
                    WIDTH="1556"
                    HEIGHT="121">
            <Shape><Polygon POINTS="916 752 918 779 938 773 948 779 956 785 958 785 960 785 962 785 1000 777 1040 769 1053 775 1071 785 1073 785 1075 785 1077 785 1097 775 1113 767 1262 767 1272 771 1298 779 1300 779 1302 779 1304 779 1342 769 1363 763 1389 767 1437 775 1439 775 1512 763 1556 757 1632 761 1769 767 1771 767 1773 767 1816 755 1834 750 1846 755 1878 767 1880 767 1882 767 2081 763 2083 763 2128 748 2192 761 2194 761 2468 736 2470 718 2464 674 2331 684 2319 676 2303 664 2301 664 2299 664 2297 664 2295 664 2234 680 2222 682 2218 680 2196 666 2194 666 2192 666 2190 666 2188 666 2186 666 2162 682 2148 690 2007 692 1975 686 1922 676 1920 676 1856 690 1822 696 1763 696 1757 692 1717 674 1715 674 1642 674 1640 674 1638 674 1636 674 1600 696 1558 676 1556 676 1554 676 1457 696 1435 680 1433 680 1431 680 1429 680 1326 690 1278 682 1276 682 1214 684 1212 684 1210 684 1181 708 1179 710 1173 708 1109 686 1107 686 1105 686 1103 686 1040 712 1038 712 1008 688 1006 688 1004 688 1002 688 1000 688 950 714 914 714 916 752"/></Shape>
            <String CONTENT="du S^r Daillebout, elle est demeurée supprimée"
                    HPOS="914"
                    VPOS="664"
                    WIDTH="1556"
                    HEIGHT="121"
                    ></String>
          </TextLine>
          <TextLine ID="eSc_line_324a7d87"
                    TAGREFS="LT8"
                    BASELINE="1032 853 2452 821" 
                    HPOS="1030"
                    VPOS="775"
                    WIDTH="1422"
                    HEIGHT="110">
            <Shape><Polygon POINTS="1032 853 1032 877 1107 881 1109 881 1111 881 1127 875 1145 869 1163 875 1197 885 1200 885 1202 885 1298 883 1300 883 1324 871 1336 865 1395 865 1401 869 1413 879 1415 879 1417 879 1419 881 1473 881 1473 879 1475 879 1530 865 1540 863 1548 865 1584 871 1586 871 1701 861 1757 855 1769 859 1806 869 1808 869 1810 869 1812 869 1814 869 1832 857 1838 853 1860 855 1914 863 1916 863 2007 851 2037 849 2073 851 2261 859 2263 859 2265 859 2297 845 2450 839 2452 821 2448 791 2351 783 2349 783 2271 793 2240 795 2234 793 2210 781 2208 781 2206 781 2204 781 2178 791 2160 775 2158 775 2156 775 2095 775 2093 775 2003 785 2001 785 1999 785 1987 795 1979 801 1886 797 1814 793 1812 793 1810 793 1800 797 1781 805 1741 799 1719 795 1717 795 1683 799 1602 809 1572 799 1536 789 1534 789 1532 789 1530 789 1528 789 1510 801 1493 811 1477 801 1457 791 1455 791 1453 791 1451 791 1413 801 1373 813 1361 803 1351 793 1349 793 1346 793 1344 793 1288 803 1204 819 1117 819 1101 805 1095 799 1093 799 1091 799 1089 799 1030 805 1032 853"/></Shape>
            <String CONTENT="on ne peut procurer à ce militaire une"
                    HPOS="1030"
                    VPOS="775"
                    WIDTH="1422"
                    HEIGHT="110"
                    ></String>
          </TextLine>
          <TextLine ID="eSc_line_99769427"
                    TAGREFS="LT8"
                    BASELINE="912 954 2450 922" 
                    HPOS="908"
                    VPOS="869"
                    WIDTH="1542"
                    HEIGHT="111">
            <Shape><Polygon POINTS="912 954 912 980 2450 940 2450 922 2446 893 2351 869 2349 869 2347 869 2345 869 2313 893 2311 895 2210 895 2204 893 2160 873 2158 873 2156 873 2106 875 2104 875 2069 893 2057 901 1814 903 1800 895 1779 881 1777 881 1775 881 1773 881 1677 883 1675 883 1628 895 1574 912 1491 912 1445 895 1421 889 1419 889 1417 889 1381 897 1290 916 1210 905 1208 905 1206 905 1204 905 1181 920 1089 920 1061 899 1059 899 1057 899 1055 899 1053 899 1014 914 994 899 992 899 990 899 908 899 912 954"/></Shape>
            <String CONTENT="pension nouvelle, car il n&#x27;a que 8 ans de"
                    HPOS="908"
                    VPOS="869"
                    WIDTH="1542"
                    HEIGHT="111"
                    ></String>
          </TextLine>
          <TextLine ID="eSc_line_c668e5c7"
                    TAGREFS="LT8"
                    BASELINE="906 1057 2430 1026" 
                    HPOS="904"
                    VPOS="978"
                    WIDTH="1526"
                    HEIGHT="107">
            <Shape><Polygon POINTS="906 1057 906 1085 1024 1073 1175 1081 1208 1081 1210 1081 1224 1079 1270 1069 1365 1075 1411 1077 1413 1077 1497 1071 1626 1061 1640 1067 1651 1071 1653 1071 1655 1071 1693 1065 1735 1059 1806 1061 1914 1067 1916 1067 1999 1057 2031 1052 2063 1054 2164 1061 2166 1061 2430 1042 2430 1026 2424 996 2321 996 2297 978 2295 978 2293 978 2255 978 2253 978 2124 1000 2093 978 2091 978 2089 978 2021 978 2019 978 2017 978 1918 1004 1916 1006 1860 1006 1735 1006 1695 986 1693 986 1691 986 1689 986 1687 986 1665 1004 1616 986 1614 986 1612 986 1504 1012 1502 1012 1500 1012 1359 992 1357 992 1355 992 1306 1010 1282 994 1280 994 1278 994 1276 994 1212 1002 1210 1002 1208 1002 1208 1004 1191 1018 1157 1000 1155 1000 1153 1000 1151 1000 1113 1020 1042 1020 960 1000 958 1000 956 1000 954 1000 904 1020 906 1057"/></Shape>
            <String CONTENT="services, et som activité à d&#x27;ailleurs cessé"
                    HPOS="904"
                    VPOS="978"
                    WIDTH="1526"
                    HEIGHT="107"
                    ></String>
          </TextLine>
          <TextLine ID="eSc_line_2e464793"
                    TAGREFS="LT8"
                    BASELINE="912 1151 1367 1143" 
                    HPOS="910"
                    VPOS="1097"
                    WIDTH="457"
                    HEIGHT="86">
            <Shape><Polygon POINTS="912 1151 912 1173 938 1183 940 1183 942 1183 944 1183 946 1183 956 1175 964 1169 1063 1175 1091 1177 1093 1177 1095 1177 1099 1177 1129 1167 1193 1177 1230 1183 1232 1183 1234 1183 1236 1183 1240 1179 1254 1167 1272 1179 1274 1181 1276 1181 1278 1181 1280 1181 1282 1181 1284 1181 1286 1179 1302 1165 1316 1179 1318 1179 1318 1181 1320 1181 1322 1181 1324 1181 1367 1179 1367 1143 1361 1101 1318 1109 1284 1103 1252 1097 1250 1097 1248 1097 1246 1097 1236 1105 1226 1111 1202 1105 1177 1099 1175 1099 1173 1099 1171 1099 1145 1107 1125 1113 1107 1109 1085 1101 1083 1101 1081 1101 1024 1111 998 1115 988 1111 964 1103 962 1103 960 1103 910 1113 912 1151"/></Shape>
            <String CONTENT="avant 1792."
                    HPOS="910"
                    VPOS="1097"
                    WIDTH="457"
                    HEIGHT="86"
                    ></String>
          </TextLine>
          <TextLine ID="eSc_line_90996a9b"
                    TAGREFS="LT8"
                    BASELINE="1141 1252 2452 1222" 
                    HPOS="1139"
                    VPOS="1155"
                    WIDTH="1313"
                    HEIGHT="121">
            <Shape><Polygon POINTS="1141 1252 1141 1268 1314 1276 1316 1276 1318 1276 1349 1264 1357 1272 1357 1274 1359 1274 1361 1274 1363 1274 1365 1274 1367 1274 1381 1264 1387 1264 1572 1270 1574 1270 1576 1270 1578 1270 1594 1258 1598 1258 1622 1258 1836 1264 1838 1264 1953 1250 1963 1250 1967 1250 2011 1260 2013 1260 2015 1260 2017 1260 2031 1250 2087 1258 2089 1258 2450 1238 2452 1222 2450 1181 2404 1155 2402 1155 2400 1155 2397 1155 2395 1155 2341 1183 2273 1163 2271 1163 2269 1163 2267 1163 2265 1163 2240 1179 2192 1159 2190 1159 2188 1159 2186 1159 2138 1183 2122 1175 2120 1175 2118 1175 1840 1195 1816 1175 1816 1173 1814 1173 1812 1173 1810 1173 1808 1173 1761 1187 1737 1171 1735 1171 1733 1171 1731 1171 1729 1171 1727 1171 1727 1173 1711 1187 1673 1171 1671 1171 1669 1171 1574 1173 1572 1173 1524 1201 1483 1177 1481 1177 1479 1177 1417 1177 1415 1177 1413 1177 1411 1177 1391 1191 1373 1179 1371 1179 1369 1179 1367 1179 1365 1179 1312 1208 1264 1181 1262 1181 1228 1181 1226 1181 1224 1181 1139 1210 1141 1252"/></Shape>
            <String CONTENT="La difficulté d&#x27;assigner un fonds sur"
                    HPOS="1139"
                    VPOS="1155"
                    WIDTH="1313"
                    HEIGHT="121"
                    ></String>
          </TextLine>
          <TextLine ID="eSc_line_643bbde5"
                    TAGREFS="LT8"
                    BASELINE="900 1361 2059 1330 2468 1326" 
                    HPOS="897"
                    VPOS="1264"
                    WIDTH="1571"
                    HEIGHT="133">
            <Shape><Polygon POINTS="900 1361 900 1397 980 1397 980 1395 982 1395 988 1393 1020 1379 1216 1385 1310 1387 1312 1387 1373 1379 1485 1363 1514 1373 1518 1375 1520 1375 1522 1375 1550 1373 1606 1367 1614 1371 1630 1377 1632 1377 1634 1377 1685 1367 1723 1361 1816 1363 1898 1365 1900 1365 1934 1359 1977 1350 2005 1356 2027 1361 2029 1361 2031 1361 2053 1354 2073 1348 2089 1352 2116 1361 2118 1361 2120 1361 2122 1361 2160 1350 2178 1346 2228 1348 2381 1354 2383 1354 2468 1338 2468 1326 2462 1288 2377 1288 2335 1264 2333 1264 2331 1264 2329 1264 2327 1264 2297 1280 2261 1264 2259 1264 2257 1264 2255 1264 2204 1280 2140 1266 2138 1266 2110 1268 2108 1268 2106 1268 2073 1294 2043 1282 2041 1282 2039 1282 1920 1298 1860 1280 1858 1280 1856 1280 1854 1280 1800 1302 1763 1288 1761 1288 1759 1288 1757 1288 1755 1288 1737 1304 1642 1304 1602 1280 1600 1280 1598 1280 1564 1280 1562 1280 1560 1280 1558 1280 1518 1310 1457 1310 1381 1312 1361 1302 1359 1302 1357 1302 1282 1314 1248 1288 1246 1288 1244 1288 1242 1288 1187 1298 1143 1290 1141 1290 1139 1290 1079 1316 1008 1294 1006 1294 1004 1294 942 1296 940 1296 938 1296 897 1318 900 1361"/></Shape>
            <String CONTENT="lequel la dépense de nourriture et d&#x27;entretien"
                    HPOS="897"
                    VPOS="1264"
                    WIDTH="1571"
                    HEIGHT="133"
                    ></String>
          </TextLine>
          <TextLine ID="eSc_line_da3cfde1"
                    TAGREFS="LT8"
                    BASELINE="895 1455 2474 1413" 
                    HPOS="893"
                    VPOS="1363"
                    WIDTH="1581"
                    HEIGHT="118">
            <Shape><Polygon POINTS="895 1455 895 1471 966 1481 968 1481 970 1481 972 1481 988 1469 1214 1465 1342 1475 1344 1475 1459 1461 1491 1471 1493 1471 1495 1471 1600 1455 2093 1455 2095 1455 2174 1439 2472 1429 2474 1413 2472 1379 2432 1363 2430 1363 2428 1363 2426 1363 2353 1381 2351 1383 2283 1383 2174 1385 2158 1375 2156 1375 2154 1375 2152 1375 2150 1375 2148 1375 2132 1387 2132 1389 1902 1393 1884 1393 1844 1367 1842 1367 1840 1367 1838 1367 1719 1369 1717 1369 1657 1399 1655 1401 1622 1401 1620 1401 1580 1373 1578 1373 1576 1373 1574 1373 1572 1373 1570 1373 1550 1385 1497 1375 1495 1375 1493 1375 1491 1375 1453 1405 1425 1405 1389 1381 1387 1381 1385 1381 1338 1379 1336 1379 1298 1381 1296 1381 1294 1381 1272 1399 1230 1383 1228 1383 1226 1383 1119 1395 1055 1387 1053 1387 1051 1387 1048 1387 1014 1417 968 1399 966 1399 964 1399 962 1399 960 1399 940 1417 893 1419 895 1455"/></Shape>
            <String CONTENT="du S^r Daillebout (considérée comme dépense courante)"
                    HPOS="893"
                    VPOS="1363"
                    WIDTH="1581"
                    HEIGHT="118"
                    ></String>
          </TextLine>
          <TextLine ID="eSc_line_ef118090"
                    TAGREFS="LT8"
                    BASELINE="900 1558 2478 1524" 
                    HPOS="897"
                    VPOS="1471"
                    WIDTH="1581"
                    HEIGHT="119">
            <Shape><Polygon POINTS="900 1558 902 1590 946 1578 1095 1584 1097 1584 1099 1584 1127 1570 1296 1580 1361 1582 1363 1582 1449 1574 1594 1562 1616 1570 1634 1576 1636 1576 1638 1576 1640 1576 1642 1576 1642 1574 1649 1568 1661 1560 1709 1568 1721 1568 1723 1568 1767 1566 1876 1558 1884 1562 1894 1570 1896 1570 1898 1570 1900 1570 1902 1570 1904 1570 1918 1562 1920 1560 1934 1560 2009 1568 2011 1568 2013 1568 2015 1568 2015 1566 2025 1558 2041 1558 2152 1560 2154 1560 2192 1554 2234 1546 2478 1546 2478 1524 2472 1475 2355 1489 2321 1477 2303 1471 2301 1471 2299 1471 2297 1471 2295 1471 2287 1479 2267 1493 2196 1493 2140 1481 2106 1475 2104 1475 2102 1475 2100 1475 2087 1483 2069 1495 2011 1485 1987 1481 1985 1481 1983 1481 1981 1481 1977 1485 1963 1497 1894 1499 1844 1489 1816 1483 1814 1483 1779 1489 1719 1505 1608 1505 1574 1495 1550 1487 1548 1487 1546 1487 1544 1487 1524 1495 1514 1499 1497 1497 1457 1489 1455 1489 1453 1489 1451 1489 1439 1497 1423 1510 1357 1514 1298 1514 1284 1501 1280 1497 1278 1497 1276 1497 1274 1497 1053 1503 1051 1503 1048 1503 1044 1507 1028 1518 1012 1507 1000 1499 998 1499 996 1499 994 1499 897 1510 900 1558"/></Shape>
            <String CONTENT="puisse être imputée, existe actuellement aussi"
                    HPOS="897"
                    VPOS="1471"
                    WIDTH="1581"
                    HEIGHT="119"
                    ></String>
          </TextLine>
          <TextLine ID="eSc_line_0b4cc31f"
                    TAGREFS="LT8"
                    BASELINE="906 1656 2468 1628" 
                    HPOS="904"
                    VPOS="1568"
                    WIDTH="1564"
                    HEIGHT="117">
            <Shape><Polygon POINTS="906 1656 906 1673 1014 1685 1016 1685 1242 1667 1264 1667 1268 1667 1302 1679 1304 1679 1306 1679 1365 1665 1369 1665 1381 1675 1383 1675 1385 1675 1387 1675 1546 1663 1572 1661 1574 1661 1586 1671 1588 1671 1590 1671 1592 1671 1834 1658 1981 1667 1983 1667 1985 1667 2019 1652 2023 1650 2295 1648 2297 1648 2311 1658 2313 1658 2315 1658 2317 1658 2466 1644 2468 1628 2464 1598 2355 1594 2323 1568 2321 1568 2319 1568 2267 1568 2265 1568 2263 1568 2261 1568 2236 1586 2206 1570 2204 1570 2134 1570 2132 1570 2130 1570 2071 1590 2009 1586 2007 1586 2005 1586 1969 1604 1938 1592 1936 1592 1934 1592 1932 1592 1930 1592 1914 1606 1719 1608 1665 1580 1663 1580 1596 1580 1594 1580 1592 1580 1508 1612 1387 1588 1385 1588 1383 1588 1314 1616 1256 1604 1254 1604 1252 1604 1250 1604 1232 1620 1077 1620 1018 1590 1016 1590 1014 1590 952 1592 950 1592 948 1592 904 1620 906 1656"/></Shape>
            <String CONTENT="bien qu&#x27;en 1802 et de nouveaux obstacles au"
                    HPOS="904"
                    VPOS="1568"
                    WIDTH="1564"
                    HEIGHT="117"
                    ></String>
          </TextLine>
          <TextLine ID="eSc_line_571e098d"
                    TAGREFS="LT8"
                    BASELINE="893 1765 2458 1735" 
                    HPOS="891"
                    VPOS="1683"
                    WIDTH="1567"
                    HEIGHT="108">
            <Shape><Polygon POINTS="893 1765 893 1791 1030 1783 1057 1789 1065 1791 1067 1791 1069 1791 1089 1787 1165 1773 1189 1783 1191 1783 1193 1783 1195 1783 1197 1783 1214 1771 1383 1779 1401 1779 1403 1779 1425 1777 1536 1767 1562 1773 1592 1781 1594 1781 1596 1781 1598 1781 1618 1771 1624 1769 1649 1771 1693 1775 1695 1775 1697 1775 1723 1769 1745 1763 1757 1767 1779 1777 1781 1777 1783 1777 1785 1777 1814 1765 1818 1765 1828 1765 1916 1775 1918 1775 2037 1759 2039 1759 2041 1759 2055 1771 2057 1771 2059 1771 2061 1771 2134 1759 2244 1769 2246 1769 2458 1745 2458 1735 2454 1705 2343 1695 2341 1695 2339 1695 2289 1707 2287 1707 2285 1707 2230 1699 2228 1699 2079 1711 2075 1711 2073 1711 2053 1697 2051 1697 2049 1697 2047 1697 2045 1697 2011 1711 1928 1683 1926 1683 1924 1683 1922 1683 1814 1713 1800 1703 1797 1703 1795 1703 1793 1703 1791 1703 1755 1717 1755 1719 1655 1719 1653 1719 1602 1715 1568 1691 1566 1691 1564 1691 1508 1691 1506 1691 1403 1693 1401 1693 1399 1693 1371 1715 1344 1695 1342 1695 1340 1695 1338 1695 1228 1697 1226 1697 1224 1697 1187 1727 1149 1715 1147 1715 1145 1715 1075 1731 1073 1731 1071 1731 950 1703 948 1703 946 1703 891 1731 893 1765"/></Shape>
            <String CONTENT="payement de la somme réclamée, en ce qui"
                    HPOS="891"
                    VPOS="1683"
                    WIDTH="1567"
                    HEIGHT="108"
                    ></String>
          </TextLine>
          <TextLine ID="eSc_line_e0ac1b20"
                    TAGREFS="LT8"
                    BASELINE="906 1860 2418 1830" 
                    HPOS="904"
                    VPOS="1777"
                    WIDTH="1514"
                    HEIGHT="99">
            <Shape><Polygon POINTS="906 1860 906 1874 1405 1876 1407 1876 1524 1864 1528 1864 1532 1864 1606 1872 1608 1872 2418 1846 2418 1830 2416 1801 2377 1777 2375 1777 2373 1777 2333 1777 2331 1777 2329 1777 2283 1803 2238 1779 2236 1779 2234 1779 2232 1779 2206 1791 2124 1781 2122 1781 2120 1781 2118 1781 2087 1809 1900 1809 1856 1799 1854 1799 1852 1799 1773 1809 1713 1791 1711 1791 1709 1791 1707 1791 1677 1807 1620 1805 1618 1805 1616 1805 1584 1818 1522 1807 1520 1807 1399 1818 1308 1797 1306 1797 1240 1799 1238 1799 1236 1799 1197 1826 1048 1816 1046 1816 1044 1816 1042 1816 1026 1830 904 1832 906 1860"/></Shape>
            <String CONTENT="concerne les années antérieures au 1^er Janvier"
                    HPOS="904"
                    VPOS="1777"
                    WIDTH="1514"
                    HEIGHT="99"
                    ></String>
          </TextLine>
          <TextLine ID="eSc_line_7a5a6865"
                    TAGREFS="LT8"
                    BASELINE="906 1965 2426 1934" 
                    HPOS="904"
                    VPOS="1880"
                    WIDTH="1522"
                    HEIGHT="101">
            <Shape><Polygon POINTS="906 1965 906 1981 2426 1948 2426 1934 2420 1898 2355 1898 2353 1898 2329 1880 2327 1880 2325 1880 2323 1880 2321 1880 2319 1880 2295 1900 2267 1886 2265 1886 2263 1886 2261 1886 2230 1900 2230 1902 2067 1904 2065 1904 2017 1884 2015 1884 2013 1884 2011 1884 1971 1906 1942 1888 1940 1888 1938 1888 1936 1888 1934 1888 1888 1908 1886 1908 1878 1908 1741 1890 1739 1890 1737 1890 1699 1906 1602 1898 1600 1898 1598 1898 1538 1914 1502 1896 1500 1896 1497 1896 1495 1896 1455 1916 1453 1918 1355 1918 1308 1898 1306 1898 1304 1898 1204 1914 1185 1902 1183 1902 1181 1902 1179 1902 1177 1902 1175 1902 1153 1916 976 1906 974 1906 972 1906 904 1926 906 1965"/></Shape>
            <String CONTENT="1816, résulteraient maintenant des diverses"
                    HPOS="904"
                    VPOS="1880"
                    WIDTH="1522"
                    HEIGHT="101"
                    ></String>
          </TextLine>
          <TextLine ID="eSc_line_f467229f"
                    TAGREFS="LT8"
                    BASELINE="906 2067 2470 2035" 
                    HPOS="904"
                    VPOS="1977"
                    WIDTH="1566"
                    HEIGHT="118">
            <Shape><Polygon POINTS="906 2067 906 2081 1167 2095 1169 2095 1171 2095 1224 2079 1254 2089 1256 2089 1258 2089 1260 2089 1262 2089 1278 2077 1304 2091 1306 2091 1308 2091 1310 2091 1312 2091 1324 2081 1409 2087 1411 2087 1477 2071 1493 2069 1508 2071 1558 2081 1560 2081 1665 2069 1681 2067 1689 2067 1739 2081 1741 2081 1743 2081 1745 2081 1800 2065 1814 2063 1832 2065 1880 2073 1882 2073 1932 2063 1949 2061 1951 2063 1963 2073 1965 2073 1967 2073 1969 2073 2091 2061 2097 2061 2100 2061 2174 2075 2176 2075 2251 2073 2253 2073 2255 2073 2277 2057 2283 2057 2337 2065 2339 2065 2470 2053 2470 2035 2466 1999 2281 1977 2279 1977 2277 1977 2228 2003 2222 2007 2216 2003 2196 1989 2194 1989 2192 1989 2190 1989 2188 1989 2186 1989 2164 2005 2156 2011 2132 2011 2126 2005 2093 1981 2091 1981 2089 1981 2087 1981 2005 1983 2003 1983 2001 1983 1985 1997 1961 1985 1959 1985 1884 1985 1882 1985 1880 1985 1878 1985 1836 2013 1832 2015 1822 2013 1733 1989 1731 1989 1729 1989 1727 1989 1725 1989 1685 2015 1677 2021 1546 2021 1538 2019 1506 2009 1504 2009 1502 2009 1405 2021 1379 2025 1375 2023 1338 1999 1336 1999 1334 1999 1332 1999 1330 1999 1328 1999 1294 2025 1288 2029 1181 2029 1175 2027 1159 2017 1157 2017 1155 2017 1153 2017 1097 2029 1085 2031 1081 2029 1048 2009 1046 2009 1044 2009 1042 2009 1040 2009 1002 2029 946 2005 944 2005 942 2005 940 2005 938 2005 904 2027 906 2067"/></Shape>
            <String CONTENT="déchéances prononcées par les Lois de finance"
                    HPOS="904"
                    VPOS="1977"
                    WIDTH="1566"
                    HEIGHT="118"
                    ></String>
          </TextLine>
          <TextLine ID="eSc_line_cddec21c"
                    TAGREFS="LT8"
                    BASELINE="902 2164 2400 2140" 
                    HPOS="900"
                    VPOS="2081"
                    WIDTH="1500"
                    HEIGHT="119">
            <Shape><Polygon POINTS="902 2164 904 2200 956 2184 1131 2186 1133 2186 1135 2186 1137 2186 1153 2176 1316 2188 1379 2192 1381 2192 1383 2192 1397 2186 1427 2172 1479 2184 1516 2190 1518 2190 1520 2190 1522 2190 1534 2182 1542 2176 1558 2180 1582 2188 1584 2188 1586 2188 1588 2188 1608 2180 1612 2178 1657 2178 1757 2178 1759 2178 1761 2178 1769 2174 1787 2166 1812 2172 1852 2184 1854 2184 1856 2184 1858 2184 1912 2170 1930 2166 1949 2168 2021 2182 2023 2182 2400 2154 2400 2140 2393 2111 2373 2111 2371 2111 2335 2081 2333 2081 2331 2081 2329 2081 2327 2081 2269 2114 2265 2116 2182 2116 2182 2114 2144 2085 2142 2085 2140 2085 2019 2085 2017 2085 1967 2087 1965 2087 1963 2087 1928 2118 1872 2089 1870 2089 1868 2089 1866 2089 1864 2089 1826 2120 1824 2122 1793 2122 1793 2120 1773 2103 1771 2103 1769 2103 1767 2103 1765 2103 1729 2120 1588 2114 1586 2114 1584 2114 1582 2114 1568 2124 1514 2097 1512 2097 1510 2097 1508 2097 1461 2116 1427 2095 1425 2095 1423 2095 1421 2095 1419 2095 1417 2095 1369 2128 1367 2128 1280 2103 1278 2103 1276 2103 1274 2103 1193 2130 1157 2103 1155 2103 1153 2103 1151 2103 1149 2103 1099 2130 1073 2118 1071 2118 1069 2118 1067 2118 1020 2134 1016 2134 1012 2134 942 2118 940 2118 938 2118 900 2132 902 2164"/></Shape>
            <String CONTENT="qui ont atteint la créance de l&#x27;hospice de"
                    HPOS="900"
                    VPOS="2081"
                    WIDTH="1500"
                    HEIGHT="119"
                    ></String>
          </TextLine>
          <TextLine ID="eSc_line_aff5d991"
                    BASELINE="924 2260 1272 2252" 
                    HPOS="918"
                    VPOS="2177"
                    WIDTH="353"
                    HEIGHT="118">
            <Shape><Polygon POINTS="921 2258 921 2286 1148 2295 1151 2295 1271 2271 1271 2249 1265 2201 1181 2183 1178 2183 1175 2183 1142 2201 1139 2201 1087 2177 1084 2177 1081 2177 1078 2177 1075 2177 1036 2201 1030 2204 1021 2201 975 2180 972 2180 969 2180 966 2180 918 2198 921 2258"/></Shape>
            <String CONTENT="Senlis (2)."
                    HPOS="918"
                    VPOS="2177"
                    WIDTH="353"
                    HEIGHT="118"
                    ></String>
          </TextLine>
          <TextLine ID="eSc_line_9d012134"
                    TAGREFS="LT8"
                    BASELINE="1018 2361 2474 2331" 
                    HPOS="1016"
                    VPOS="2271"
                    WIDTH="1458"
                    HEIGHT="116">
            <Shape><Polygon POINTS="1018 2361 1018 2387 1157 2375 1175 2385 1177 2387 1179 2387 1181 2387 1183 2387 1230 2383 1324 2375 1363 2379 1395 2383 1397 2383 1399 2383 1411 2377 1439 2365 1562 2373 1600 2375 1602 2375 1630 2371 1707 2359 1737 2359 1749 2367 1757 2375 1759 2375 1761 2375 1763 2375 1860 2365 1942 2355 2021 2359 2132 2365 2134 2365 2184 2355 2200 2351 2236 2353 2349 2359 2351 2359 2353 2359 2377 2349 2442 2361 2444 2361 2446 2361 2474 2345 2474 2331 2472 2289 2436 2273 2434 2273 2432 2273 2430 2273 2357 2293 2329 2299 2313 2293 2265 2273 2263 2273 2261 2273 2259 2273 2200 2297 2184 2303 2172 2297 2122 2273 2120 2273 2015 2271 2013 2271 2011 2271 2009 2271 2009 2273 1975 2303 1967 2311 1836 2311 1826 2307 1797 2295 1795 2295 1793 2295 1791 2295 1789 2295 1773 2309 1767 2313 1745 2309 1703 2303 1701 2303 1651 2313 1634 2315 1630 2313 1584 2281 1582 2281 1580 2281 1578 2281 1477 2283 1475 2283 1473 2283 1449 2303 1344 2285 1342 2285 1340 2285 1338 2285 1284 2323 1282 2325 1185 2325 1183 2325 1117 2289 1115 2289 1113 2289 1111 2289 1016 2327 1018 2361"/></Shape>
            <String CONTENT="Il ne peut donc y avoir lieu à s&#x27;occuper"
                    HPOS="1016"
                    VPOS="2271"
                    WIDTH="1458"
                    HEIGHT="116"
                    ></String>
          </TextLine>
          <TextLine ID="eSc_line_213cc4cc"
                    TAGREFS="LT8"
                    BASELINE="920 2466 2114 2444" 
                    HPOS="918"
                    VPOS="2389"
                    WIDTH="1196"
                    HEIGHT="101">
            <Shape><Polygon POINTS="920 2466 920 2490 1791 2468 1828 2468 1969 2474 1971 2474 2114 2460 2114 2444 2110 2416 2009 2416 1993 2403 1991 2403 1989 2403 1987 2403 1985 2403 1983 2403 1963 2416 1886 2413 1862 2401 1860 2401 1858 2401 1856 2401 1820 2411 1808 2401 1808 2399 1806 2399 1804 2399 1729 2393 1727 2393 1725 2393 1689 2407 1671 2391 1671 2389 1669 2389 1667 2389 1596 2389 1594 2389 1592 2389 1590 2389 1538 2426 1475 2426 1351 2393 1349 2393 1346 2393 1278 2430 1210 2430 1069 2399 1067 2399 1065 2399 1063 2399 1020 2434 960 2401 958 2401 956 2401 954 2401 952 2401 918 2428 920 2466"/></Shape>
            <String CONTENT="de la liquidation de cette créance."
                    HPOS="918"
                    VPOS="2389"
                    WIDTH="1196"
                    HEIGHT="101"
                    ></String>
          </TextLine>
          <TextLine ID="eSc_line_0eb5d625"
                    BASELINE="1014 2554 2311 2540" 
                    HPOS="1009"
                    VPOS="2479"
                    WIDTH="1299"
                    HEIGHT="121">
            <Shape><Polygon POINTS="1012 2551 1012 2576 1111 2600 1293 2597 1332 2579 1371 2600 1522 2600 1522 2597 1528 2597 1543 2579 1755 2570 1972 2582 2021 2567 2045 2588 2045 2591 2054 2594 2105 2594 2105 2591 2111 2591 2123 2576 2136 2567 2302 2576 2308 2539 2302 2503 2205 2500 2187 2479 2175 2479 2120 2500 1764 2482 1725 2503 1664 2488 1652 2488 1652 2491 1634 2506 1459 2491 1444 2509 1172 2509 1139 2488 1129 2488 1009 2512 1012 2551"/></Shape>
            <String CONTENT="D&#x27;après ce qui vient d&#x27;être exposé"
                    HPOS="1009"
                    VPOS="2479"
                    WIDTH="1299"
                    HEIGHT="121"
                    ></String>
          </TextLine>
          <TextLine ID="eSc_line_46c862be"
                    TAGREFS="LT8"
                    BASELINE="904 2663 2458 2635" 
                    HPOS="902"
                    VPOS="2577"
                    WIDTH="1556"
                    HEIGHT="108">
            <Shape><Polygon POINTS="904 2663 904 2679 1234 2685 1236 2685 1328 2673 1349 2671 1367 2673 1455 2681 1457 2681 1548 2679 1550 2679 1552 2679 1566 2669 1570 2667 1588 2669 1661 2677 1663 2677 2458 2653 2458 2635 2452 2601 2365 2601 2363 2601 2347 2591 2345 2591 2343 2591 2341 2591 2339 2591 2337 2591 2321 2603 2319 2603 2309 2603 2230 2593 2228 2593 2226 2593 2202 2601 2142 2577 2140 2577 2138 2577 2136 2577 2134 2577 2089 2607 2075 2607 2053 2607 2051 2607 2021 2585 2019 2585 2017 2585 2015 2585 2013 2585 1987 2595 1967 2579 1965 2579 1963 2579 1961 2579 1808 2581 1806 2581 1765 2603 1741 2583 1739 2583 1737 2583 1677 2583 1675 2583 1673 2583 1671 2583 1646 2601 1564 2585 1562 2585 1560 2585 1558 2585 1512 2617 1506 2617 1435 2609 1433 2609 1431 2609 1429 2609 1417 2619 1353 2593 1351 2593 1349 2593 1346 2593 1296 2621 1294 2623 1183 2623 1181 2623 1123 2599 1121 2599 1028 2595 1026 2595 1024 2595 1022 2595 986 2627 984 2629 902 2629 904 2663"/></Shape>
            <String CONTENT="relativement au S^r Daillebout cet ancien"
                    HPOS="902"
                    VPOS="2577"
                    WIDTH="1556"
                    HEIGHT="108"
                    ></String>
          </TextLine>
          <TextLine ID="eSc_line_707fcb92"
                    TAGREFS="LT8"
                    BASELINE="906 2762 2474 2736" 
                    HPOS="904"
                    VPOS="2681"
                    WIDTH="1570"
                    HEIGHT="127">
            <Shape><Polygon POINTS="906 2762 906 2808 1002 2808 1004 2808 1006 2808 1063 2780 1109 2794 1111 2794 1113 2794 1115 2794 1159 2772 1248 2792 1250 2792 1252 2792 1328 2770 1383 2786 1385 2786 1387 2786 1471 2774 1497 2792 1506 2798 1508 2798 1510 2798 1512 2800 1594 2800 1594 2798 1596 2798 1616 2788 1655 2768 1850 2776 1852 2776 1926 2760 1999 2774 2009 2776 2011 2776 2013 2776 2019 2774 2041 2764 2061 2772 2106 2790 2108 2790 2110 2790 2160 2788 2162 2788 2204 2768 2218 2760 2474 2758 2474 2736 2468 2681 2351 2707 2295 2707 2249 2687 2236 2683 2234 2683 2232 2683 2230 2683 2212 2689 2148 2709 1983 2711 1942 2697 1940 2697 1938 2697 1936 2697 1934 2697 1882 2711 1866 2699 1854 2691 1852 2691 1850 2691 1769 2691 1767 2691 1765 2691 1763 2691 1749 2703 1735 2718 1510 2720 1477 2711 1429 2701 1427 2701 1425 2701 1385 2715 1381 2715 1379 2715 1316 2699 1314 2699 1312 2699 1310 2699 1308 2699 1292 2711 1226 2705 1224 2705 1222 2705 1220 2705 1197 2722 1191 2726 1147 2726 1145 2724 1123 2705 1121 2705 1119 2705 1028 2703 1026 2703 904 2730 906 2762"/></Shape>
            <String CONTENT="officier doit être aujourd&#x27;hui rangé parmi les"
                    HPOS="904"
                    VPOS="2681"
                    WIDTH="1570"
                    HEIGHT="127"
                    ></String>
          </TextLine>
          <TextLine ID="eSc_line_2ce60e7e"
                    TAGREFS="LT8"
                    BASELINE="910 2869 2468 2832" 
                    HPOS="908"
                    VPOS="2782"
                    WIDTH="1560"
                    HEIGHT="123">
            <Shape><Polygon POINTS="910 2869 910 2891 994 2905 996 2905 1071 2903 1073 2903 1075 2903 1093 2889 1099 2885 1117 2887 1167 2895 1169 2895 1171 2895 1189 2887 1195 2883 1200 2885 1224 2897 1226 2897 1228 2897 1334 2883 1373 2879 1419 2881 1514 2887 1516 2887 1518 2887 1520 2887 1528 2879 1530 2877 1532 2879 1546 2889 1548 2889 1550 2889 1552 2889 1554 2889 1556 2889 1568 2879 1570 2877 1576 2879 1618 2887 1620 2887 1685 2875 1703 2873 1709 2875 1735 2887 1737 2887 1739 2887 1804 2873 1864 2860 2005 2866 2007 2866 2232 2852 2283 2862 2309 2869 2311 2869 2313 2869 2315 2869 2321 2862 2333 2852 2402 2848 2464 2858 2468 2832 2464 2798 2313 2784 2311 2784 2309 2784 2267 2802 2259 2806 2194 2808 2176 2804 2116 2786 2114 2786 2112 2786 2110 2786 2077 2800 2035 2782 2033 2782 2031 2782 1963 2798 1942 2786 1940 2786 1938 2786 1936 2786 1711 2790 1554 2816 1510 2824 1475 2818 1455 2816 1453 2816 1425 2820 1383 2826 1367 2820 1318 2804 1316 2804 1314 2804 1312 2804 1254 2824 1232 2832 908 2832 910 2869"/></Shape>
            <String CONTENT="indigens et, comme tel, il se trouve naturellement"
                    HPOS="908"
                    VPOS="2782"
                    WIDTH="1560"
                    HEIGHT="123"
                    ></String>
          </TextLine>
          <TextLine ID="eSc_line_cff2a54a"
                    TAGREFS="LT8"
                    BASELINE="906 2969 2472 2933" 
                    HPOS="904"
                    VPOS="2873"
                    WIDTH="1568"
                    HEIGHT="130">
            <Shape><Polygon POINTS="906 2969 906 2989 946 2997 948 2997 950 2997 970 2989 992 2979 1028 2987 1067 2995 1069 2995 1159 2985 1183 3001 1185 3001 1187 3001 1189 3003 1254 3003 1254 3001 1353 2997 1355 2997 1357 2997 1383 2979 1385 2977 1387 2979 1403 2991 1405 2991 1407 2991 1409 2991 1483 2977 1493 2975 1495 2977 1524 2993 1526 2993 1528 2993 1530 2995 1600 2995 1600 2993 1777 2969 1804 2967 1812 2969 1854 2983 1856 2983 1858 2983 1860 2983 1862 2983 1862 2981 1878 2967 1880 2967 1884 2967 1926 2975 1928 2975 1930 2975 1932 2975 1946 2965 1963 2957 1995 2965 2039 2975 2041 2975 2043 2975 2069 2963 2089 2955 2470 2955 2472 2933 2468 2899 2301 2889 2279 2873 2277 2873 2275 2873 2273 2873 2160 2875 2158 2875 2118 2893 2104 2883 2102 2883 2100 2883 2097 2883 2095 2883 2093 2883 2081 2891 2053 2879 2051 2879 1967 2879 1965 2879 1963 2879 1961 2879 1922 2911 1920 2911 1908 2911 1592 2887 1590 2887 1588 2887 1506 2921 1502 2921 1500 2921 1447 2901 1445 2901 1443 2901 1441 2901 1439 2901 1415 2923 1413 2925 1284 2925 1282 2925 1248 2899 1246 2899 1244 2899 1200 2897 1197 2897 1195 2897 1193 2897 1145 2929 1143 2929 1073 2899 1071 2899 1069 2899 1067 2899 1065 2899 1014 2931 1012 2933 904 2933 906 2969"/></Shape>
            <String CONTENT="à la charge du département de l&#x27;Intérieur."
                    HPOS="904"
                    VPOS="2873"
                    WIDTH="1568"
                    HEIGHT="130"
                    ></String>
          </TextLine>
          <TextLine ID="eSc_line_2d30061a"
                    TAGREFS="LT8"
                    BASELINE="1032 3076 1983 3048 2464 3044" 
                    HPOS="1030"
                    VPOS="2985"
                    WIDTH="1434"
                    HEIGHT="125">
            <Shape><Polygon POINTS="1032 3076 1032 3100 1141 3094 1149 3100 1163 3110 1165 3110 1167 3110 1169 3110 1268 3108 1270 3108 1320 3094 1340 3088 1377 3092 1459 3100 1461 3100 1463 3100 1502 3088 1530 3078 1594 3084 1657 3090 1659 3090 1661 3090 1663 3090 1677 3082 1691 3074 1826 3074 1832 3076 1854 3086 1856 3086 1858 3086 1924 3078 1961 3090 1963 3090 1965 3090 1967 3090 1969 3090 1983 3080 2057 3080 2059 3080 2061 3080 2063 3080 2077 3068 2083 3062 2166 3062 2176 3064 2226 3080 2228 3080 2230 3080 2232 3080 2269 3062 2273 3060 2287 3060 2347 3068 2349 3068 2464 3054 2464 3044 2460 3011 2271 2999 2269 2999 2267 2999 2236 3013 2152 3007 2150 3007 2148 3007 2122 3017 1985 2985 1983 2985 1904 3003 1876 2989 1874 2989 1872 2989 1777 2991 1775 2991 1773 2991 1725 3028 1689 3026 1646 2995 1644 2995 1642 2995 1590 2995 1588 2995 1586 2995 1542 3020 1411 3036 1320 3011 1318 3011 1316 3011 1314 3011 1260 3040 1216 3028 1214 3028 1212 3028 1137 3042 1075 3017 1073 3017 1071 3017 1069 3017 1067 3017 1030 3040 1032 3076"/></Shape>
            <String CONTENT="on propose à Son Excellence d&#x27;écrire à"
                    HPOS="1030"
                    VPOS="2985"
                    WIDTH="1434"
                    HEIGHT="125"
                    ></String>
          </TextLine>
          <TextLine ID="eSc_line_d0f05bf3"
                    TAGREFS="LT8"
                    BASELINE="2138 3223 2307 3217" 
                    HPOS="2136"
                    VPOS="3154"
                    WIDTH="171"
                    HEIGHT="91">
            <Shape><Polygon POINTS="2138 3223 2138 3245 2307 3231 2307 3217 2303 3164 2244 3154 2242 3154 2136 3181 2138 3223"/></Shape>
            <String CONTENT="M^r"
                    HPOS="2136"
                    VPOS="3154"
                    WIDTH="171"
                    HEIGHT="91"
                    ></String>
          </TextLine>
        </TextBlock>
        <TextBlock HPOS="277"
                   VPOS="896"
                   WIDTH="583"
                   HEIGHT="511"
                   ID="eSc_textblock_0f918d73"
                   TAGREFS="QZ13">
          <Shape><Polygon POINTS="277 896 277 1407 795 1407 860 1407 860 896"/></Shape>
          <TextLine ID="eSc_line_d2064713"
                    TAGREFS="LT8"
                    BASELINE="340 1014 815 1006" 
                    HPOS="338"
                    VPOS="926"
                    WIDTH="477"
                    HEIGHT="110">
            <Shape><Polygon POINTS="340 1014 340 1036 813 1020 815 1006 811 966 781 964 744 928 744 926 742 926 740 926 738 926 736 926 716 936 696 926 694 926 692 926 638 928 636 928 634 928 634 930 595 966 541 938 539 938 537 938 535 938 533 938 533 940 503 970 457 970 394 932 392 932 390 932 388 932 386 932 384 932 338 968 340 1014"/></Shape>
            <String CONTENT="(1) L&#x27;arrêté du 15 floréal an"
                    HPOS="338"
                    VPOS="926"
                    WIDTH="477"
                    HEIGHT="110"
                    ></String>
          </TextLine>
          <TextLine ID="eSc_line_074d514c"
                    TAGREFS="LT8"
                    BASELINE="358 1061 841 1054" 
                    HPOS="356"
                    VPOS="1012"
                    WIDTH="485"
                    HEIGHT="69">
            <Shape><Polygon POINTS="358 1061 358 1081 839 1081 841 1054 835 1012 761 1026 670 1026 664 1020 660 1016 660 1014 658 1014 656 1014 654 1014 557 1024 551 1024 549 1024 519 1014 517 1014 515 1014 513 1014 511 1014 493 1028 487 1030 463 1028 384 1022 382 1022 380 1022 356 1030 358 1061"/></Shape>
            <String CONTENT="XI. qui s&#x27;execute encore, porte,"
                    HPOS="356"
                    VPOS="1012"
                    WIDTH="485"
                    HEIGHT="69"
                    ></String>
          </TextLine>
          <TextLine ID="eSc_line_f3b50e85"
                    TAGREFS="LT8"
                    BASELINE="348 1115 811 1103" 
                    HPOS="346"
                    VPOS="1069"
                    WIDTH="465"
                    HEIGHT="62">
            <Shape><Polygon POINTS="348 1115 348 1131 811 1119 811 1103 807 1075 624 1069 622 1069 620 1069 600 1079 583 1069 581 1069 579 1069 577 1069 575 1069 573 1069 573 1071 571 1071 563 1081 537 1071 535 1071 533 1071 448 1083 446 1083 424 1073 422 1073 420 1073 346 1085 348 1115"/></Shape>
            <String CONTENT="art^e 6. &quot;toutes les demandes de"
                    HPOS="346"
                    VPOS="1069"
                    WIDTH="465"
                    HEIGHT="62"
                    ></String>
          </TextLine>
          <TextLine ID="eSc_line_d6312e59"
                    TAGREFS="LT8"
                    BASELINE="342 1169 823 1153" 
                    HPOS="340"
                    VPOS="1119"
                    WIDTH="483"
                    HEIGHT="66">
            <Shape><Polygon POINTS="342 1169 342 1185 821 1171 823 1153 819 1121 652 1119 650 1119 648 1119 614 1129 604 1131 597 1129 577 1121 575 1121 573 1121 477 1135 453 1137 444 1135 418 1127 416 1127 414 1127 340 1139 342 1169"/></Shape>
            <String CONTENT="&quot;pensions à raison de services"
                    HPOS="340"
                    VPOS="1119"
                    WIDTH="483"
                    HEIGHT="66"
                    ></String>
          </TextLine>
          <TextLine ID="eSc_line_a551f318"
                    TAGREFS="LT8"
                    BASELINE="350 1220 835 1199" 
                    HPOS="346"
                    VPOS="1165"
                    WIDTH="489"
                    HEIGHT="75">
            <Shape><Polygon POINTS="350 1220 350 1240 835 1216 835 1199 831 1171 688 1165 686 1165 684 1165 662 1177 410 1177 408 1177 346 1189 350 1220"/></Shape>
            <String CONTENT="&quot;qui n&#x27;ont pas continué depuis"
                    HPOS="346"
                    VPOS="1165"
                    WIDTH="489"
                    HEIGHT="75"
                    ></String>
          </TextLine>
          <TextLine ID="eSc_line_3daf3b7c"
                    TAGREFS="LT8"
                    BASELINE="352 1268 843 1252" 
                    HPOS="350"
                    VPOS="1216"
                    WIDTH="493"
                    HEIGHT="82">
            <Shape><Polygon POINTS="352 1268 352 1286 473 1298 475 1298 557 1282 565 1280 567 1280 593 1294 595 1294 597 1294 644 1292 646 1292 648 1292 648 1290 650 1290 658 1280 708 1284 710 1284 712 1284 714 1284 714 1282 716 1282 720 1276 722 1274 841 1274 843 1252 839 1226 726 1216 724 1216 722 1216 720 1216 720 1218 710 1228 658 1230 646 1220 644 1220 642 1220 640 1220 638 1220 636 1220 622 1230 600 1220 597 1220 595 1220 489 1234 479 1226 479 1224 477 1224 475 1224 473 1224 350 1240 352 1268"/></Shape>
            <String CONTENT="&quot;le 1^er Janvier 1792 de seront"
                    HPOS="350"
                    VPOS="1216"
                    WIDTH="493"
                    HEIGHT="82"
                    ></String>
          </TextLine>
          <TextLine ID="eSc_line_96fbda8e"
                    TAGREFS="LT8"
                    BASELINE="354 1320 632 1308" 
                    HPOS="350"
                    VPOS="1282"
                    WIDTH="282"
                    HEIGHT="72">
            <Shape><Polygon POINTS="354 1320 354 1346 364 1354 366 1354 368 1354 370 1354 372 1354 400 1340 404 1338 448 1338 453 1340 463 1350 465 1350 467 1350 469 1350 527 1340 583 1330 628 1340 632 1308 626 1282 350 1292 354 1320"/></Shape>
            <String CONTENT="&quot;pas admises.&quot;"
                    HPOS="350"
                    VPOS="1282"
                    WIDTH="282"
                    HEIGHT="72"
                    ></String>
          </TextLine>
        </TextBlock>
        <TextBlock HPOS="290"
                   VPOS="2127"
                   WIDTH="603"
                   HEIGHT="596"
                   ID="eSc_textblock_f17bbea1"
                   TAGREFS="QZ13">
          <Shape><Polygon POINTS="290 2127 290 2723 893 2723 893 2422 893 2127"/></Shape>
          <TextLine ID="eSc_line_8b2c965e"
                    TAGREFS="LT8"
                    BASELINE="356 2273 906 2260" 
                    HPOS="350"
                    VPOS="2138"
                    WIDTH="553"
                    HEIGHT="157">
            <Shape><Polygon POINTS="353 2271 353 2295 903 2274 903 2258 894 2192 764 2192 734 2183 713 2174 710 2174 706 2174 703 2174 700 2174 700 2177 694 2180 682 2192 667 2177 628 2141 628 2138 625 2138 622 2138 619 2138 616 2138 613 2138 564 2174 561 2174 552 2171 462 2144 459 2144 456 2144 350 2159 353 2271"/></Shape>
            <String CONTENT="(2) La réclamation est du 14."
                    HPOS="350"
                    VPOS="2138"
                    WIDTH="553"
                    HEIGHT="157"
                    ></String>
          </TextLine>
          <TextLine ID="eSc_line_fff2e277"
                    TAGREFS="LT8"
                    BASELINE="348 2313 897 2307" 
                    HPOS="346"
                    VPOS="2273"
                    WIDTH="551"
                    HEIGHT="58">
            <Shape><Polygon POINTS="348 2313 348 2331 895 2327 897 2307 891 2273 346 2277 348 2313"/></Shape>
            <String CONTENT="avril 1820. Elle est par conséquent"
                    HPOS="346"
                    VPOS="2273"
                    WIDTH="551"
                    HEIGHT="58"
                    ></String>
          </TextLine>
          <TextLine ID="eSc_line_88f3dedc"
                    TAGREFS="LT8"
                    BASELINE="372 2373 902 2361" 
                    HPOS="370"
                    VPOS="2319"
                    WIDTH="532"
                    HEIGHT="70">
            <Shape><Polygon POINTS="372 2373 372 2389 900 2377 902 2361 897 2333 815 2319 813 2319 720 2335 650 2323 648 2323 646 2323 644 2323 644 2325 630 2339 571 2339 551 2325 549 2325 547 2325 545 2325 543 2325 501 2339 465 2327 463 2327 461 2327 459 2327 457 2327 457 2329 455 2329 444 2343 408 2343 382 2329 380 2329 378 2329 376 2329 374 2329 374 2331 372 2331 370 2331 372 2373"/></Shape>
            <String CONTENT="hord du délai precrit par la loi"
                    HPOS="370"
                    VPOS="2319"
                    WIDTH="532"
                    HEIGHT="70"
                    ></String>
          </TextLine>
          <TextLine ID="eSc_line_a447c9f0"
                    TAGREFS="LT8"
                    BASELINE="368 2420 887 2407" 
                    HPOS="366"
                    VPOS="2371"
                    WIDTH="521"
                    HEIGHT="77">
            <Shape><Polygon POINTS="368 2420 368 2436 451 2448 453 2448 559 2434 575 2444 577 2444 579 2444 581 2444 736 2430 833 2438 835 2438 837 2438 887 2424 887 2407 883 2379 718 2371 716 2371 714 2371 698 2379 686 2385 499 2387 459 2379 451 2377 448 2377 446 2377 442 2379 412 2389 366 2379 368 2420"/></Shape>
            <String CONTENT="du 25 mars 1817 et elle n&#x27;a pas"
                    HPOS="366"
                    VPOS="2371"
                    WIDTH="521"
                    HEIGHT="77"
                    ></String>
          </TextLine>
          <TextLine ID="eSc_line_6dc5777f"
                    TAGREFS="LT8"
                    BASELINE="382 2466 871 2456" 
                    HPOS="380"
                    VPOS="2420"
                    WIDTH="491"
                    HEIGHT="58">
            <Shape><Polygon POINTS="382 2466 382 2478 871 2468 871 2456 867 2428 686 2420 684 2420 682 2420 680 2420 668 2430 396 2426 394 2426 392 2426 390 2426 380 2432 382 2466"/></Shape>
            <String CONTENT="été renouvellée avant le 1^er avril"
                    HPOS="380"
                    VPOS="2420"
                    WIDTH="491"
                    HEIGHT="58"
                    ></String>
          </TextLine>
          <TextLine ID="eSc_line_7e37ba98"
                    TAGREFS="LT8"
                    BASELINE="384 2516 875 2500" 
                    HPOS="382"
                    VPOS="2462"
                    WIDTH="493"
                    HEIGHT="74">
            <Shape><Polygon POINTS="384 2516 384 2536 875 2522 875 2500 873 2474 849 2462 847 2462 845 2462 688 2478 654 2468 652 2468 650 2468 648 2468 624 2480 573 2470 571 2470 489 2484 406 2476 404 2476 402 2476 400 2476 382 2486 384 2516"/></Shape>
            <String CONTENT="1823 comme le voulais la loi du"
                    HPOS="382"
                    VPOS="2462"
                    WIDTH="493"
                    HEIGHT="74"
                    ></String>
          </TextLine>
          <TextLine ID="eSc_line_08bdc971"
                    TAGREFS="LT8"
                    BASELINE="386 2567 618 2556" 
                    HPOS="382"
                    VPOS="2522"
                    WIDTH="236"
                    HEIGHT="93">
            <Shape><Polygon POINTS="386 2567 388 2615 440 2613 442 2613 444 2613 455 2605 483 2583 618 2577 618 2556 612 2522 382 2532 386 2567"/></Shape>
            <String CONTENT="17 aout 1822."
                    HPOS="382"
                    VPOS="2522"
                    WIDTH="236"
                    HEIGHT="93"
                    ></String>
          </TextLine>
        </TextBlock>
        <TextBlock HPOS="31"
                   VPOS="383"
                   WIDTH="315"
                   HEIGHT="3002"
                   ID="eSc_textblock_58472d40"
                   TAGREFS="QZ9">
          <Shape><Polygon POINTS="31 383 31 3385 346 3385 346 383"/></Shape>
        </TextBlock>
      </PrintSpace>
    </Page>
  </Layout>
</alto>
