2688 3456
622 152 337 98 a renvoyer par

602 210 383 129 m. lombard de fague

985 120 521 107 Béguinot

1063 169 1368 121 Copie du procès verbal de la capture faite le

1069 276 1384 96 douze septembre mil sept cens soixante quinze par

1065 359 1381 74 L'exeme de Maréchaussée et La Résidence de Surgeres

1073 433 1340 87 du nommé antoine Beguinot soldat du depost des

1080 522 1335 84 colonies a l'isle de Ré, arreté sur le soubçon

1073 599 1348 101 de desertion et de l'interrogatoire quil a subi

1069 689 1344 98 devant Le Lieutenant de Marechaussée a la

1073 787 1110 98 rochelle le quatorze Septembre 1775.

902 898 1546 115 L'an mil sept cent Soixante quinze le onze septembre

940 994 1425 86 nous Exeme de Maréchaussée et antoire du Sollon

912 1080 1560 102 Cavalier a la Résidence de Surgeres Generalité de la Rochelle

935 1169 1438 113 soussigné, certifions qu'étant dans nos fonctions

938 1263 1511 98 ordinaires sur le chemin de la Rochelle a Surgeres

940 1359 1488 100 avons rencontré un homme vestu de l'uniforme des

927 1449 1549 98 Troupes des colonies, auquel avons demandé d'où il venoi

936 1534 1496 105 où il alloit s'il étoie porteur d'un congé ou Billet

938 1622 1540 123 d'hopital, a Répondu qu'il alloit a l'hopital et a jean

938 1716 1481 125 d'angelÿ, et qu'il avoit perdu son Billet d'hopital, lui

940 1812 1511 115 avons déclaré que nous l'arretions de l'ordre du Roy

936 1902 1535 102 sur le soubçon d'etre deserteur et l'avons conduit dans

927 2006 1494 104 les prisons de notre Residence ou étant ciche les

948 2092 1515 131 deux Guichees l'avons fouillé en présence du concierge

954 2200 1511 98 ne lui avons rien trouvé de contraire aux ordonnances

961 2309 1494 117 il nous a déclaré ensuite qu'il verroit semestre, qu'il

958 2405 1493 121 etoit parti le meme jour de l'hopital de S^t Jean

946 2517 1532 101 d'angely avec un soldat du Régiment de Vernandois

971 2618 1471 100 quil venoie de conduire jusqu'a aucher distance

956 2711 1501 105 de six lieuës dudit hopital ou il retournoit et

971 2814 1469 119 qu'il y avoie plusieurs mois qu'il y etoit et que son

961 2914 1467 117 Billee d'entrée devois y être qu'il se nommois
