2720 3472
947 324 1485 129 qu'a la verité il n'étoit pas muni de permission

935 432 1497 115 m'en ayant point demandé pour s'absenter, qu'il

947 542 1473 98 comptoie coucher a la premiere métaivie qu'il

945 636 1526 120 auroit trouvé sur la Route de se rendre le lendemain

947 746 1516 106 douze du présens mois a S^t jean d'angely, n'aiant poins

951 850 1485 97 d'argent mais seulement du pain dans ses poches

962 949 1310 102 pour subsister jusqu'à son retour a S^t jean

1043 1045 1414 98 a Lui representé qu'il ne dit pas la verité et que

962 1151 1453 95 si son intention n'étoie pas de deserter il n'auroit

968 1257 1481 99 pas fais sauter letain ou sont imprimés les encres

974 1365 1462 91 qui envelopoie les Boutons de son Habit et veste

968 1473 1445 91 uniformes du Régiment et qui font connoitre de

976 1572 1261 96 quel Régiment est un soldat quelconque.

1016 1678 1462 88 a Répondu avoir dit la vérité, qu'il n'a point

970 1772 1483 100 eu intention de deserter, qu'a l'instant ou il est parti

976 1874 1470 89 de l'isle de Ré pour se rendre à l'hopital on lui a

983 1979 1497 82 donné un mauvais habit ou il n'y avoie presque

983 2071 1476 97 plus de boutons avec des encres que leparquïe en

989 2175 1462 91 vestoit se sont otés de dessus les moules depuis qu'il

985 2274 479 92 est a l'hopital.

1001 2368 1439 106 Lecture a lui faite ꝑ^e. Signé Beguinot, Cheseville

997 2490 422 85 et marguerie

983 2538 1455 164 Certifié par nous prevost Gal. sousigné au département

978 2642 1498 152 d'aunis pour être conformes aux piesses originalles qui sont vertées

983 2764 870 88 veu nous à la rochelle 16 7bre 1775.

1423 2766 808 144 Signalemens Guirrdin

1008 2924 1488 92 antoine Beguinot, agé de 18 ans, natif de Neuvelle
