2137 2757
316 398 301 83 Croiriez
667 393 137 73 vous
896 382 256 72 monsieur
1195 371 34 78 le
1289 364 318 80 marques
1663 352 109 76 que
1807 350 53 66 la

333 502 174 88 lettre
565 518 93 67 que
692 501 131 71 vous
899 497 197 73 m'aves
1154 465 131 82 fais
1325 458 324 90 l'honneur
1709 461 56 70 de
1825 451 189 73 meerue

353 598 130 83 par
542 599 62 74 m^r
656 584 246 81 Carron
975 575 145 82 frere
1167 587 116 53 d'un
1349 563 232 61 commis
1628 558 75 61 des
1755 541 251 74 bureaux

330 714 49 63 de
411 692 273 86 laguerre
771 683 54 66 ne
873 683 79 64 m'a
1005 680 73 51 ete
1147 663 236 70 remise
1471 648 129 71 que
1640 634 47 70 le
1736 641 154 64 mois

335 807 151 54 Lee
535 803 39 48 ce
642 755 284 97 monsieur
984 748 174 84 etant
1226 727 149 84 mort
1432 724 81 72 au
1553 727 130 66 Cap
1816 722 3 42 a

350 872 84 79 son
538 855 307 92 arrivee.
882 845 71 88 Je
989 836 120 97 suis
1143 828 200 102 fache
1388 822 49 83 et
1496 824 56 71 de
1583 817 43 75 la
1698 812 142 79 mort
1881 809 74 85 de

336 992 35 62 ce
440 965 299 84 monsieur
826 941 91 77 que
944 947 170 70 vous
1185 936 45 77 et
1337 908 285 93 monfrere
1742 900 89 72 me

342 1055 475 93 recommandres
857 1036 44 85 et
958 1044 71 62 de
1070 1041 37 58 ce
1159 1035 104 65 que
1321 1005 77 73 cet
1438 993 558 82 evenement.

371 1176 65 69 ma
483 1136 118 101 fait
643 1116 292 99 recevoirs
970 1099 132 96 plus
1128 1090 107 101 tard
1297 1103 84 67 vot
1423 1078 45 91 re
1523 1058 151 103 lettre
1703 1056 59 88 du
1839 1067 115 66 mois

341 1249 75 67 de
485 1221 206 84 mars.
730 1211 48 87 Je
825 1197 147 95 nelois
1012 1182 247 96 d'autant
1325 1182 135 74 plus
1501 1168 172 77 avide
1770 1163 133 71 que

351 1332 243 78 depuis
630 1297 312 93 longtems
983 1290 126 85 jer
1152 1294 125 67 etois
1327 1280 251 74 preve.
1622 1251 106 74 vou
1820 1264 59 55 me

363 1410 162 86 faites
594 1421 90 67 une
741 1382 256 86 retation
1090 1380 78 59 du
1208 1364 280 78 chateau
1571 1362 112 49 d'og
1748 1346 52 68 ne
1883 1343 39 69 et

362 1516 81 60 des
497 1488 322 82 malheurs
867 1470 106 77 qui
1047 1467 16 62 y
1103 1448 153 90 sont
1318 1445 262 87 arrives.
1629 1419 41 84 Je
1712 1410 258 92 voudrois

368 1582 124 80 bien
550 1570 287 81 repondre
918 1546 225 82 article
1173 1542 122 72 par
1355 1533 241 78 arrticle
1666 1505 269 85 avotre

351 1662 304 85 epitre;
742 1653 118 57 mais
909 1624 128 94 jene
1063 1623 35 93 le
1132 1612 273 89 pourrai
1454 1604 147 91 pas
1655 1583 130 85 cette
1824 1571 130 99 foit

372 1757 51 64 un
495 1740 132 71 mal
681 1740 110 63 aux
880 1731 142 63 yeux
1103 1720 111 63 que
1284 1709 53 71 je
1370 1700 164 76 viens
1576 1696 224 59 d'avoir
1880 1684 97 65 m'a

334 1824 188 79 laisse
596 1831 86 63 une
725 1797 296 80 foiblesse
1077 1791 102 69 sur
1206 1792 214 71 l'avede
1470 1784 113 54 qui
1647 1776 235 59 nemee

343 1903 274 84 permet
670 1906 147 60 pas
894 1884 55 75 de
1003 1871 360 85 m'ocuper
1402 1862 320 80 longtems
1778 1865 105 46 des

333 1984 230 83 travail
649 1996 63 51 du
750 1949 344 100 Cabinet.
1137 1956 52 64 et
1247 1940 51 88 je
1336 1947 173 82 crais
1568 1924 124 99 bien
1794 1936 239 70 monsieur

322 2072 48 78 le
435 2073 276 83 marquis
820 2065 115 64 que
993 2041 116 80 cette
1162 2021 437 92 circonstance
1685 2033 200 67 neme

338 2154 312 85 conduise
736 2151 3 69 a
776 2128 240 90 porters
1045 2118 320 87 lunettes.
1428 2106 109 82 Jai
1590 2105 295 78 dailleurs

341 2254 230 71 dequis
612 2228 56 86 la
709 2207 457 106 cinquantaine
1227 2206 282 89 depuis
1564 2188 47 78 le
1670 2198 149 61 mois
1864 2200 91 62 dee

333 2337 323 69 oembre
706 2314 65 68 de
817 2302 270 86 l'annee
1151 2282 294 100 derniere
1553 2279 118 88 voila
1735 2281 203 80 d'assez

1504 2474 6 77 8
