4179 2781
184 630 234 94 parler
482 639 28 85 je
552 629 185 90 pouray
786 619 78 102 luy
914 619 141 94 Ecrire
1119 626 276 87 sureinent
1459 622 99 89 tous
1608 622 63 90 les
1713 639 157 74 jours
1925 619 51 94 Et

223 724 154 84 avoir
439 719 55 80 sa
549 719 301 90 Reponce,
887 724 111 84 vous
1053 735 148 64 voyés
1274 713 271 91 Monsieur
1613 732 80 62 que
1747 719 112 78 vous
1913 712 106 79 avés

225 817 0 81 a
285 798 254 108 solliciter
591 812 187 94 auprè́s
815 797 45 91 du
927 797 224 106 ministre
1219 800 44 93 sa
1316 795 186 99 liberté
1554 811 75 83 que
1658 812 39 70 je
1733 802 46 82 ne
1845 795 143 85 doute

216 901 109 84 pas
387 901 116 71 vous
557 888 266 95 n'obtenies
898 914 82 70 par
1021 898 348 89 franchement
1437 889 35 99 jl
1526 889 62 87 Est
1642 889 382 90 inconcevable

235 971 109 74 qu'il
391 971 97 74 soit
535 974 139 71 traite
733 979 55 76 sy
835 978 373 83 Cruellement
1274 992 126 67 pour
1460 1001 36 60 un
1568 990 60 74 sy
1676 978 144 86 petit
1862 978 162 84 Crime

203 1086 61 65 Je
298 1086 48 60 ne
399 1076 109 78 vous
543 1079 35 71 en
638 1075 53 77 dis
727 1075 107 79 pas
887 1070 321 87 d'avantage
1292 1089 23 54 jl
1357 1089 0 56 a
1411 1070 184 87 Remis
1642 1083 84 70 une
1779 1071 161 84 lettre

234 1166 54 67 au
322 1151 135 85 sieur
504 1149 203 87 Masté
754 1169 81 54 que
883 1169 27 60 je
957 1160 115 85 vour
1126 1159 209 81 Envoys
1382 1156 48 79 cy
1470 1147 203 93 joint,
1707 1143 54 96 En
1815 1153 40 86 un
1943 1146 74 79 mot

224 1237 267 80 Monsieur
545 1247 30 66 je
623 1246 139 71 feray
822 1236 325 88 L'impossible
1207 1247 150 77 pour
1417 1236 103 88 M^r
1556 1236 415 88 Provenchere,
1989 1240 30 70 et

245 1327 34 64 je
319 1337 108 63 vous
472 1333 97 66 prie
626 1338 34 59 de
699 1335 91 69 bien
847 1339 40 62 En
955 1325 216 82 assurer
1220 1328 275 80 Madame
1562 1338 57 68 La
1670 1336 329 77 Marquise

204 1419 0 67 a
259 1412 84 103 que
386 1395 158 136 j'offre
634 1405 74 126 mon
762 1398 258 129 proffond
1065 1403 257 135 Respect
1393 1403 111 135 J'ay
1568 1408 274 92 l'honneur
1896 1404 139 91 d'Etre

246 1521 36 50 de
333 1521 252 51 meme.

202 1668 331 82 Monsieur

1169 1656 169 101 Votre
1375 1658 88 101 tres
1500 1658 235 106 humble
1787 1666 0 99 &
1860 1662 118 103 tres

1213 1750 309 98 obeissant
1608 1747 324 107 serviteur

1551 1839 111 67 Laux

1714 1854 54 112 cen
