2129 2753
368 298 115 57 mais
519 274 34 79 le
583 271 459 72 commandeur
1113 243 150 87 june
1309 241 188 81 negre
1552 227 39 68 et
1640 223 236 76 bondey
1932 219 39 70 et

342 384 74 71 est
479 379 128 75 mort
642 369 36 69 de
709 370 45 68 sa
801 356 227 82 blessure
1073 342 37 82 la
1139 345 113 75 rreit
1297 317 375 89 suivante.
1711 310 76 68 le

340 499 181 54 second
570 480 151 66 neere
759 455 178 75 blessé
970 464 3 51 a
1015 449 35 66 la
1113 450 102 64 man
1288 434 45 72 la
1375 426 86 72 eté
1503 406 460 79 legerement–

314 571 178 93 mmais
546 583 119 54 aura
710 552 44 91 la
791 546 216 95 flexion
1047 564 50 54 du
1136 532 174 83 poulee
1354 517 428 100 unpeugenee

375 671 49 69 et
469 657 34 82 le
534 650 230 84 salerat
843 637 123 85 dont
1016 643 45 72 la
1122 625 123 81 mort
1301 615 199 87 entité
1553 629 1 63 a
1605 619 234 64 desiver

365 758 72 68 est
479 753 4 70 a
526 747 31 75 la
599 745 175 76 baure
875 724 37 80 ou
938 722 37 79 le
1018 717 141 78 traite
1230 721 49 61 de
1310 703 77 86 ses
1430 698 370 78 blessurese

334 840 75 95 Je
439 842 120 81 crois
609 844 114 76 qu'il
765 819 94 90 n'en
936 822 166 72 noucra
1143 810 200 68 pas.
1431 799 120 69 mais
1599 774 57 72 Je
1683 770 38 75 le
1756 767 219 90 regane

347 932 285 78 neamoins
687 926 189 68 comme
924 919 58 58 un
1041 908 179 72 negre
1274 898 272 72 sacrifre
1621 887 151 65 par
1846 879 46 51 ce

380 1031 113 74 que
556 1004 83 82 je
678 1003 103 81 dois
845 1006 46 62 un
955 974 285 99 exemple
1280 982 3 60 a
1322 962 267 81 l'attelier
1677 960 83 66 qui
1802 940 179 83 l'avoit

374 1110 271 65 sacrifié
703 1092 83 69 sur
819 1082 226 76 l'heure
1083 1091 2 52 a
1129 1067 402 76 savengeance
1599 1052 104 75 s'il
1746 1050 190 68 n'avon

385 1190 128 65 pas
538 1177 79 65 été
648 1171 293 74 contenû.
999 1157 112 82 c'est
1152 1161 68 61 un
1250 1149 217 76 negre
1536 1154 101 61 auc
1705 1133 145 74 quel

361 1280 81 74 Je
487 1263 208 84 reserve
799 1245 81 81 des
919 1240 111 86 fers
1069 1248 142 70 pour
1232 1244 33 64 le
1305 1237 140 72 reste
1484 1239 51 63 de
1574 1216 75 85 ses
1694 1209 303 90 Jous.

282 1359 131 78 Cet
458 1362 82 71 qui
580 1341 299 90 cependant
926 1333 318 74 travaillera
1326 1337 130 57 avec
1490 1306 366 82 l'aetelier.

378 1444 151 62 mais
575 1441 86 64 qui
710 1409 128 86 sere
912 1400 218 84 aetenil
1170 1398 4 87 a
1221 1396 36 89 la
1299 1393 160 93 baire
1521 1388 197 80 toutes
1762 1383 71 81 les
1863 1381 160 81 nuets

354 1537 59 55 m^r
456 1521 45 75 de
554 1515 255 80 marliany
863 1513 89 62 que
1006 1495 90 78 j'ai
1134 1507 60 55 vû
1218 1508 47 43 ice
1345 1474 167 79 madit
1566 1475 90 68 que
1690 1469 33 69 la

336 1597 297 88 charmante
677 1573 302 93 vicontesse
1052 1561 128 86 etoit
1222 1553 58 92 lu
1304 1541 293 99 peufaches
1652 1527 133 80 ontre
1842 1539 72 55 mes

329 1697 112 73 par
495 1703 27 58 ce
546 1698 89 60 que
700 1673 44 60 je
761 1670 176 64 nn'avois
978 1668 130 52 point
1152 1651 264 67 repondû
1461 1651 3 55 a
1521 1623 208 73 quelqui
1773 1622 92 53 unes
1888 1616 82 53 de

314 1790 70 51 ses
414 1756 217 83 lettres.
661 1748 56 76 Je
775 1742 57 74 'ai
862 1746 159 70 point
1087 1727 38 80 ce
1162 1721 112 74 tort
1340 1723 60 60 vos
1445 1735 1 45 a
1484 1728 61 51 vis
1582 1711 147 68 delle
1846 1702 129 63 meis

307 1859 40 72 il
398 1846 62 78 ma
488 1840 80 78 dit
621 1841 38 78 en
736 1826 143 84 même
915 1824 123 79 tems
1097 1825 197 63 qu'avec
1338 1811 2 73 a
1389 1803 336 77 Racaessane

296 1934 408 87 j'appalserois
749 1944 45 44 sa
838 1915 198 72 colere.
1069 1911 57 73 Je
1148 1914 40 61 ne
1212 1914 113 60 suis
1366 1904 122 62 sont
1545 1903 296 68 emprissé
1881 1901 2 42 –

316 2010 86 101 d'iu
450 2002 160 107 faire
654 2021 158 67 faire
894 2002 49 74 un
985 1980 151 93 fuit
1204 1972 203 101 Baril
1468 1994 164 79 qu'ille
1693 1992 225 62 recurce

313 2095 393 86 incspament.
748 2087 92 79 c'est
887 2095 1 60 a
928 2091 110 61 dire
1098 2073 89 71 par
1201 2073 29 64 le
1260 2072 77 63 1^er
1394 2062 141 82 nav^e
1597 2064 311 69 normande

291 2234 104 33 que
433 2234 164 28 peus
641 2231 82 19 ort
846 2165 167 74 faites
1039 2162 104 72 lui,
1188 2162 209 69 monsieu
1426 2153 37 64 le
1533 2162 244 59 marques
1817 2153 163 54 apen

320 2283 49 68 et
413 2273 96 78 aves
545 2271 148 72 dames
741 2288 69 46 les
853 2264 365 71 assrances
1261 2254 58 61 de
1391 2260 113 54 mon
1570 2244 326 75 Respect

284 2381 29 63 et
354 2366 216 76 trecivres
607 2367 132 68 pour
781 2362 151 66 vous
967 2345 73 80 les
1071 2340 265 81 nouvelles
1377 2327 451 83 protestatione
1864 2331 51 52 de

298 2459 366 75 monsincere
746 2443 27 70 et
832 2439 211 79 durable
1104 2416 475 95 attachement.

237 2597 102 75 Ce
471 2585 52 89 24
624 2596 160 68 dep^t
840 2577 83 88 178
