2203 2863
933 159 0 0 1

914 171 368 128 Bordeaux
1355 175 95 108 14^e
1477 177 237 123 Janvier
1768 174 152 125 1769

393 390 537 149 Monsieur

1369 451 212 93 Repondue
1614 475 20 46 le
1667 462 93 72 20^me
1787 455 125 92 Janvier
1944 470 80 78 1760

1848 679 9 33 ra

256 787 51 72 La
363 769 133 87 lettre
545 785 76 72 que
671 785 82 65 j'ay
790 772 45 80 eu
878 758 271 88 l'honneur
1204 755 33 89 de
1280 770 107 73 vous
1430 748 139 91 Ecrire
1624 746 33 88 le
1693 745 77 87 10^e
1806 745 253 84 Courant

249 866 183 85 servira
496 877 42 67 En
584 858 154 80 partie
778 856 30 76 de
849 854 224 85 Reponce
1119 872 1 52 a
1160 849 95 84 celle
1301 849 107 81 dont
1459 855 95 75 vous
1606 862 160 56 m'aves
1806 844 248 75 honnore

244 956 37 66 Le
311 952 67 71 6^e
419 963 67 62 que
526 951 279 69 JEnvoyay
845 949 391 68 commniquer
1286 938 68 71 sur
1399 935 22 75 le
1456 933 176 77 champ
1701 952 2 50 a
1794 926 279 73 Monsieur

220 1038 379 83 Provenchere
654 1039 139 81 apres
830 1048 77 68 que
943 1029 89 84 M^r
1062 1017 272 88 Lagraulet
1376 1018 385 80 commandant
1805 1007 44 77 du
1886 1002 201 82 chateau

255 1137 48 62 En
354 1121 84 72 cut
484 1129 105 64 pris
630 1129 256 65 premiere
947 1113 231 76 lecture,
1203 1107 334 77 circonstance
1598 1111 69 64 qui
1702 1100 64 73 Est
1806 1105 137 66 cause
1989 1110 84 57 que

241 1200 101 76 M^r
377 1200 327 81 Provenchere
757 1212 30 66 ne
834 1208 101 62 vous
965 1189 119 89 Ecrit
1125 1205 113 72 pas,
1267 1207 185 68 quoique
1492 1180 191 82 comble
1712 1183 37 72 de
1783 1177 274 74 pollitesses

245 1297 79 68 par
365 1280 79 82 M.
467 1271 367 87 Delagraulet,
851 1267 25 82 jl
923 1264 193 89 voudroit
1158 1281 97 65 peut
1296 1264 91 77 Etre
1428 1265 163 72 Entrer
1632 1260 109 74 dans
1770 1251 61 84 des
1866 1246 193 90 Details

257 1358 89 95 qu'il
380 1351 75 101 fait
496 1350 82 94 bien
625 1354 28 83 de
687 1349 109 87 taire
844 1365 0 72 a
885 1363 88 76 tout
1028 1372 27 69 le
1102 1369 185 73 monde,
1313 1352 70 79 sur
1422 1340 29 80 le
1483 1337 112 97 tout,
1619 1337 30 87 jl
1688 1337 63 87 est
1799 1333 293 86 content.

225 1462 183 64 Joyeux
454 1444 48 78 Et
536 1440 36 80 En
607 1437 142 82 bonne
789 1440 154 76 sante
983 1432 24 80 le
1042 1438 106 73 sieur
1200 1437 154 72 Masse
1405 1444 79 61 mon
1528 1420 155 79 Neveu
1734 1415 167 73 trouve
1963 1408 44 74 Le

247 1518 166 74 Jecret
449 1515 36 83 de
514 1514 72 87 luy
627 1516 173 82 parler
847 1516 173 75 quelque
1055 1503 72 89 fois
1174 1520 72 70 par
1279 1511 32 77 le
1345 1508 150 79 Canal
1535 1500 174 83 duquel
1743 1492 32 83 jl
1832 1491 50 87 me
1927 1488 110 88 fait

256 1600 259 87 demander
562 1609 85 66 tout
682 1609 37 74 ce
760 1604 91 76 qu'il
892 1613 1 57 a
934 1611 193 62 besoin,
1163 1596 127 74 soyes
1325 1584 104 87 donc
1456 1588 297 77 tranquille,
1774 1586 134 69 ainsy
1954 1581 86 61 que

226 1678 247 80 Madame
515 1675 32 79 la
595 1686 222 69 marquise
859 1687 68 69 que
963 1669 167 82 jassure
1184 1683 31 61 de
1264 1676 62 66 mes
1349 1662 223 84 Respects
1618 1660 76 70 sur
1747 1651 76 74 son
1871 1651 136 84 sort,
2024 1647 51 68 Et

237 1764 96 92 bien
381 1769 265 71 persuades
676 1776 26 55 je
733 1774 101 64 vous
865 1769 88 69 prie
990 1746 70 79 l'un
1103 1753 1 69 &
1160 1741 152 91 l'autre
1366 1759 72 72 que
1473 1749 34 76 je
1535 1740 84 76 suis
1661 1743 2 55 a
1705 1733 77 68 son
1837 1725 202 70 service

255 1853 52 61 au
352 1837 161 75 dessus
548 1837 31 72 de
619 1835 125 72 toute
799 1829 294 74 expression

308 1898 153 76 toutes
514 1913 64 57 mes
614 1894 152 83 lettres
801 1908 36 61 de
866 1895 135 74 Saint
1046 1895 284 72 Domingue
1381 1891 37 61 ne
1445 1869 79 84 luy
1557 1860 272 88 attribuent
1879 1852 197 87 d'autre

242 1972 160 75 crime
450 1988 65 59 que
551 1968 113 79 celuy
699 1964 149 79 d'avoir
883 1958 173 79 Refuse
1108 1969 66 62 une
1226 1945 287 85 lieutenance
1558 1944 115 81 dans
1701 1939 61 85 les
1802 1938 245 81 Dragons

241 2044 271 74 Notament
551 2044 93 70 celle
689 2054 69 58 que
803 2051 53 60 m'a
901 2030 104 79 Ecrit
1044 2032 76 76 M^r
1148 2029 173 77 Breton
1365 2024 59 79 des
1451 2017 197 85 chapelle
1686 2028 71 67 qui
1784 2012 59 75 Est
1887 2011 203 74 charge

261 2109 286 94 aujourd'huy
586 2110 26 81 de
657 2126 65 70 vos
761 2102 182 91 affaires
987 2104 105 78 dans
1118 2123 26 59 ce
1176 2120 131 68 pays
1336 2097 49 80 la
1421 2108 34 64 et
1499 2102 60 65 qui
1615 2113 48 47 m'a
1719 2085 190 78 adresse
1947 2083 99 71 Les

258 2200 101 67 deux
415 2188 235 78 pacquets
706 2191 45 67 cy
790 2184 135 70 joints
964 2179 68 76 l'un
1075 2191 102 64 pour
1221 2193 108 59 vous
1360 2184 2 58 &
1416 2168 159 77 l'autre
1613 2176 114 68 pour
1764 2159 277 77 Madame

514 673 2 49 d
538 669 69 69 Aurigr
620 671 103 68 eenenare

568 725 0 63 d

247 2281 37 67 La
353 2274 298 75 marquise.
719 2254 88 84 J'ay
842 2249 233 87 l'honneur
1122 2242 139 89 d'Etre
1308 2254 97 69 avec
1439 2237 34 86 le
1501 2239 133 83 plus
1701 2231 194 76 absollu
1950 2223 57 79 Et

229 2333 374 99 Respectueux
681 2320 473 100 devouement.

243 2452 390 107 Monsieur

1210 2451 169 89 Votre
1416 2441 105 90 tres
1563 2430 253 95 humble
1865 2443 2 70 &
1930 2433 124 84 tres

1267 2522 354 91 obeissant
1681 2508 329 97 serviteur

1680 2604 134 87 Jaun
1902 2599 77 99 aund

130 2704 110 151 M^r
267 2700 37 152 Le
340 2700 122 150 M^r
498 2690 49 139 De
594 2687 48 142 la
678 2676 533 153 Rochefoucault
1241 2687 340 134 Bayers.
