4099 2780
409 333 65 87 Je
502 334 94 83 vais
630 355 147 57 vous
843 331 159 70 anon
1042 334 59 59 cer
1175 311 443 89 incessament
1668 308 37 72 uu
1807 319 130 57 enva

434 440 69 60 de
547 423 328 75 cinquante
945 421 265 67 milliers
1254 425 61 55 de
1355 411 159 67 sucre
1563 404 187 69 bect.
1835 408 124 59 mais

416 518 248 91 j'attends
720 532 130 62 qu'ils
883 521 176 58 soient
1114 501 131 79 tous
1283 491 304 78 fabriques
1628 497 134 69 pour
1826 503 52 54 en

433 603 187 81 arreten
668 605 26 73 le
719 599 153 81 fret.
920 597 38 70 le
983 594 135 75 sucre
1158 586 156 79 blane
1376 597 58 59 se
1468 576 218 79 vendant
1748 573 75 77 tres
1875 590 92 54 mai

420 722 1 48 a
489 719 60 50 S^t
593 703 323 62 domingue
991 682 44 71 et
1085 677 77 69 suur
1189 677 52 63 les
1268 680 106 52 avis
1453 669 94 58 que
1620 664 85 68 j'ai
1743 657 239 70 ccequee

425 783 72 74 les
532 779 147 79 sucres
730 770 152 77 bruts
923 767 269 72 faisoient
1249 768 56 64 de
1377 759 286 67 meilteures
1704 741 205 75 remise

434 870 59 78 Je
539 875 32 71 me
601 869 102 68 suis
740 874 178 65 decide
945 876 18 57 a
1022 852 184 80 Rouler
1260 845 201 69 entrut
1526 844 112 71 aux
1703 835 245 74 Parraux

453 961 37 72 et
535 951 36 82 si
612 949 48 79 les
705 941 137 78 choses
888 938 312 73 continuent
1257 950 173 59 ainsi
1490 911 268 91 j'enfecrir
1801 906 192 88 autant

448 1057 104 50 Sur
584 1034 135 70 l'h^on
765 1030 61 69 des
859 1034 246 63 sources.

508 1112 66 85 Je
596 1116 114 76 vous
737 1121 38 69 ai
808 1098 148 87 parle
1001 1097 120 68 dans
1167 1108 72 58 une
1267 1108 142 55 demes
1449 1074 337 81 precedentes
1825 1077 44 61 de
1895 1068 38 59 la

444 1199 52 70 re
534 1185 157 78 traite
751 1191 51 62 de
829 1171 337 77 salmoniere
1248 1172 39 65 de
1316 1159 119 74 l'h^on
1485 1155 81 76 dees
1597 1162 191 60 varreux
1855 1149 107 67 cette

481 1267 254 81 mutation
850 1268 60 63 ma
950 1253 89 69 fait
1073 1247 131 69 faire
1260 1249 77 63 une
1406 1243 192 66 conome
1677 1240 76 63 de
1821 1248 1 51 6
1918 1239 113 58 mille

455 1356 165 73 livres
662 1357 109 66 par
824 1360 104 57 ane
1028 1347 46 62 en
1120 1323 321 84 congediant
1503 1315 36 66 le
1591 1307 223 81 rafineu

448 1441 52 59 de
537 1424 102 74 cette
688 1414 85 83 h^on
828 1407 104 94 J'ai
979 1412 74 75 mis
1094 1408 4 82 a
1138 1415 49 73 sa
1214 1410 156 75 place
1429 1385 37 87 le
1506 1377 181 88 gerant
1742 1379 84 77 qui
1856 1366 129 78 etoit

451 1519 106 63 avec
624 1508 94 64 moi
780 1497 41 64 et
861 1486 117 75 dont
1040 1483 208 72 depuis
1298 1472 4 72 4
1379 1461 101 79 ans
1520 1452 52 76 Je
1607 1450 122 78 sus

460 1570 376 93 parfaitement
888 1559 246 79 content.
1190 1550 111 79 J'ai
1343 1552 213 67 appille
1602 1547 50 61 au
1677 1545 112 58 pris
1823 1532 74 64 de

450 1671 92 58 moi
615 1668 52 59 un
703 1642 140 77 autre
910 1626 229 84 Robion
1241 1628 86 83 qui
1361 1627 53 66 est
1463 1626 89 71 tres
1582 1637 89 47 bos
1720 1604 253 93 rafineur

446 1735 41 68 et
547 1735 79 68 qui
672 1727 64 69 est
783 1723 194 71 charge
1033 1730 137 52 sous
1230 1720 70 49 mes
1332 1712 165 57 ordres
1538 1705 99 61 des
1669 1711 136 54 deux

451 1821 263 57 parties.
783 1799 112 69 c'est
950 1790 2 72 a
991 1784 101 72 dire
1137 1784 48 72 de
1219 1778 30 79 la
1312 1766 310 89 Rafinerie
1695 1784 43 54 et
1806 1769 72 63 de

436 1884 234 77 Jardin;
719 1899 40 60 ce
824 1876 162 80 Jeune
1023 1872 234 76 homme
1334 1872 1 62 a
1378 1876 107 58 fait
1533 1874 74 58 son
1666 1853 373 79 apprentsaye

435 1972 130 72 sous
620 1986 48 56 un
728 1964 315 76 excellent
1125 1953 196 77 gerant
1392 1951 38 73 il
1470 1952 1 64 a
1557 1957 310 63 beaucoup

425 2054 361 86 demulation
907 2058 37 61 et
1012 2046 2 71 a
1065 2029 530 96 superieurement
1659 2048 189 62 recissi

442 2147 129 95 dans
600 2146 44 95 la
674 2139 293 99 fabrique
1044 2155 55 63 du
1143 2138 220 70 suire.
1394 2121 81 83 Je
1500 2126 108 73 crois
1658 2125 95 66 que
1824 2106 101 87 j'en

444 2256 138 55 serai
658 2229 222 86 content
949 2223 2 78 a
997 2220 121 83 tous
1163 2217 80 80 les
1289 2216 317 80 eands.

490 2312 70 91 Je
605 2326 21 67 ne
658 2308 128 73 vous
824 2307 310 85 donnerai
1171 2300 136 90 pas
1346 2311 148 78 pour
1553 2286 382 87 nouveelle

2254 305 85 61 que
2400 276 68 83 m^r
2511 277 24 72 le
2561 257 207 85 Comte
2832 256 28 75 de
2887 256 34 79 la
2949 243 225 91 luferne
3250 249 71 71 est
3386 234 273 77 appelle
3712 233 70 59 au

2289 358 256 94 ministere
2649 350 40 82 de
2721 353 40 68 la
2824 341 315 80 marine.
3206 339 124 64 mais
3371 329 51 63 Je
3455 322 128 67 vous
3623 305 333 71 apprendree

2282 468 107 72 qu'il
2451 456 64 78 est
2559 442 163 82 parti
2778 444 113 65 dice
2948 445 42 60 le
3079 425 53 76 13
3206 432 45 54 de
3287 417 194 69 cemois
3544 412 96 63 sur
3669 386 36 78 la
3745 379 222 81 fregatre

2274 556 50 71 la
2371 556 322 73 rennion;
2742 534 142 68 vous
2927 536 121 55 amis
3086 526 75 58 ou
3203 487 312 83 surement
3569 484 121 71 avec
3725 480 201 73 plaisir

2303 649 244 68 promu
2598 639 3 58 a
2653 615 107 78 cette
2816 599 223 80 placee
3125 594 39 56 un
3232 581 161 68 anceen
3462 586 122 56 ami
3642 566 47 76 et
3751 564 128 73 que

2303 714 205 93 paroit
2550 704 139 77 vous
2731 689 125 84 etre
2954 668 271 89 attache

2540 845 55 54 Je
2631 823 139 66 suis
2823 805 146 74 avee
3027 772 286 88 Respect

2527 949 257 92 monsieur
2808 942 41 82 le
2894 924 350 97 marquis

2360 1256 63 77 20
2488 1227 345 97 novembre

3383 712 1 15 /

3027 1044 201 111 Votre
3264 1039 99 103 tres
3399 1016 262 111 humble
3713 1029 4 79 &
3807 1006 113 98 tres

3081 1147 355 91 obeissant
3504 1113 300 106 serviteur

3265 1231 474 130 Povenchere
