4508 2905
2421 405 38 59 En
2520 405 75 59 mai
2661 371 266 90 Prochain
3024 368 142 82 peut
3196 365 87 86 etre
3381 378 62 73 my
3528 361 309 82 fixeraije.

2566 494 101 60 vous
2701 489 197 63 Pourres
2962 481 126 62 faire
3158 477 165 65 valoir
3418 472 327 73 l'emportance
3816 471 73 61 que
3921 472 43 54 le
3991 454 114 70 Roy
4161 445 138 71 vient

2378 586 47 79 de
2470 582 179 75 donner
2722 597 1 58 a
2774 585 81 72 nos
2905 576 329 73 tribunaux,
3261 574 122 65 nous
3450 564 214 70 jugeons
3720 573 48 53 en
3811 564 220 59 dernier
4109 526 186 87 ressert

2371 716 41 46 la
2470 681 165 85 moitie
2707 679 43 84 au
2802 696 141 61 moins
2993 672 72 79 des
3109 659 270 88 offaires.

2597 791 107 66 iluy
2773 800 1 40 a
2817 786 94 53 pas
2958 775 245 73 longtems
3249 769 68 68 que
3348 764 68 68 j'ai
3463 750 79 73 ete
3621 748 107 61 voir
3791 731 156 73 lami
4033 720 34 69 de

2378 887 414 91 Provenchees
2866 899 34 46 il
2968 898 57 45 se
3055 872 202 69 portoit
3324 882 2 44 a
3389 858 273 61 merveille
3746 858 40 51 il
3880 816 236 83 soccupe
4171 803 226 87 toujoirs

2519 989 42 76 un
2630 995 223 75 nouveau
2937 979 241 71 placsir
3243 961 109 78 dece
3401 980 79 54 qui
3546 955 132 66 vous
3731 927 253 81 interesse

2510 1103 100 58 etes
2666 1084 119 71 vous
2846 1068 158 79 grand
3050 1068 183 64 pere.
3294 1065 51 54 ou
3381 1053 97 64 sur
3495 1040 36 70 le
3593 1027 181 77 point
3836 1023 68 54 de
3968 1010 174 55 letre

2360 1191 159 81 voules
2566 1195 110 61 vous
2756 1181 93 54 bien
2929 1168 127 59 faire
3136 1143 177 80 mention
3377 1144 59 62 de
3510 1132 83 64 moi
3653 1107 135 74 dans
3853 1085 165 81 votre
4094 1061 134 78 mais

2328 1300 55 86 Et
2448 1296 198 84 aupres
2704 1275 53 70 de
2805 1284 59 52 m^r
2936 1269 41 68 la
3023 1235 348 93 Marechalle.

2630 1374 80 90 Jai
2748 1371 214 78 l'honneer
3011 1346 134 84 d'etre
3214 1348 96 72 avec
3361 1343 47 60 un
3440 1287 337 116 respectueux
3834 1258 331 106 attachement

2836 1474 255 92 Monsieur
3141 1460 40 77 le
3225 1435 289 103 marquis.

2506 1673 137 62 masc
2679 1644 27 84 le
2770 1642 77 94 15.
2891 1650 58 75 9^b
3057 1647 52 83 170

3615 1521 181 91 Votre
3826 1517 98 80 tres
3974 1484 201 95 humble
4217 1475 66 77 cet

3651 1611 353 90 obeissant
4048 1584 292 94 serviteur

3627 1697 390 111 Brettondes
4049 1664 281 103 Chapelle

2587 1891 108 93 Vous
2732 1884 202 93 Pourries
2966 1901 100 69 encor
3111 1880 236 90 employer
3412 1877 100 68 avec
3549 1852 31 85 le
3617 1844 163 93 suces
3837 1823 307 99 l'entremise
4208 1820 52 82 de
4311 1810 92 74 Mell

2352 2023 70 74 les
2467 2002 218 93 eveques
2736 2001 43 73 de
2835 1993 294 80 Beauvais
3186 1988 38 67 et
3273 1954 58 87 de
3373 1939 187 104 Saintes
3636 1942 207 88 aupres
3892 1929 51 84 de
3987 1905 138 88 MV^r
4182 1898 50 86 le

2384 2084 647 116 principalministre

198 464 131 80 plus
366 427 246 107 difficile
676 414 273 105 quailleurs
1006 402 200 99 &d'etre
1295 400 208 89 honnete
1572 372 227 92 integre
1882 375 39 81 et
1972 364 251 76 impatial

376 591 121 63 vous
545 566 198 79 pouves
802 561 219 69 avancer
1103 542 87 70 que
1222 541 29 57 je
1284 527 99 63 suis
1463 509 44 64 le
1545 500 172 78 doyen
1781 495 81 73 des
1897 480 245 78 senechan

157 699 34 72 et
259 693 70 79 des
367 672 297 88 Procureurs
719 654 70 81 du
815 653 125 79 Roy
1006 645 54 78 de
1084 644 48 74 la
1198 631 209 78 colonie
1469 617 34 64 et
1546 612 119 62 meme
1719 585 77 75 des
1845 565 315 86 Conseillers.

365 810 46 59 Je
438 786 114 74 vous
603 770 274 86 renouvelle
940 761 78 65 ma
1081 724 263 90 demande
1417 731 6 52 a
1473 717 91 55 Cet
1619 683 165 80 egard
1851 670 178 70 parce
2068 658 89 83 que

153 930 32 66 le
239 920 209 72 moment
503 899 150 69 pour
722 891 228 62 obtenir
1029 874 44 57 en
1127 839 357 79 supposant
1566 826 86 63 que
1700 822 106 54 cela
1883 802 63 56 ne
1992 779 142 75 soit

163 1031 117 77 pas
332 1017 104 78 fait
537 983 286 74 meparoit
907 951 380 86 favorable.
1369 935 85 67 M.
1498 933 53 51 de
1590 924 47 59 la
1724 895 274 72 tuzerne
2067 874 125 67 vient

141 1132 43 81 de
215 1134 118 70 nous
398 1103 199 89 quiller
674 1094 156 69 pour
894 1070 113 73 aller
1061 1043 239 85 prendre
1379 1040 40 55 le
1487 995 332 98 ministere
1881 985 70 74 de
1993 984 59 65 la

133 1238 265 73 marine,
420 1239 31 50 il
528 1229 58 63 ma
642 1212 73 72 diu
787 1198 114 77 quil
956 1163 115 87 etoit
1136 1153 153 80 votre
1356 1116 351 90 caramade
1797 1098 54 83 da
1944 1083 83 87 mes
2095 1079 42 87 et

126 1350 39 82 il
219 1316 296 107 sepretera
603 1313 282 86 surement
959 1299 120 76 avos
1136 1245 404 115 solticitations
1595 1229 187 92 pour
1840 1210 119 82 peu
2039 1199 90 81 que

149 1461 118 71 vous
337 1457 4 63 y
390 1421 190 101 tuettres
629 1414 52 87 de
734 1392 206 100 Chaleur
1014 1396 40 73 et
1101 1356 332 104 d'enteret.
1507 1352 145 77 nous
1707 1326 198 70 avons
1978 1299 60 75 en

139 1549 356 91 quelquefois
568 1513 261 104 quelques
885 1510 346 80 differences
1291 1478 101 83 dop
1463 1463 228 87 ennons.
1739 1459 48 66 il
1835 1444 66 61 m'a
1969 1411 202 78 semble

158 1687 113 77 qu'il
363 1687 5 60 y
427 1652 176 81 mettoit
708 1652 43 56 un
805 1648 99 56 peu
990 1619 292 84 d'hameur
1393 1596 138 74 mais
1589 1549 275 107 malgre
1952 1539 122 73 tout
2138 1530 7 71 e

135 1786 112 67 Me
317 1762 94 76 rend
487 1753 197 77 Juslce
765 1740 49 73 et
856 1735 32 77 je
930 1723 150 81 scais
1139 1714 117 84 qu'il
1360 1712 226 68 m'accor
1615 1697 67 71 de
1734 1686 124 72 son
1932 1669 197 67 esteme

400 1860 93 81 Je
527 1850 243 92 demande
823 1838 254 82 monsieur
1125 1850 32 61 le
1205 1834 235 76 marquis
1499 1824 40 72 ce
1610 1818 175 71 brevet
1877 1799 220 80 comme

174 1999 195 82 faveur
465 1984 83 69 une
620 1962 357 83 recompense
1049 1962 46 56 en
1148 1944 319 89 Conservant
1555 1927 56 81 ma
1667 1909 205 89 place,
1937 1897 127 61 mais
2119 1892 47 57 st

156 2081 43 76 le
270 2057 275 92 ministre
621 2064 61 71 ne
742 2040 200 87 vouloit
1025 2052 54 56 me
1161 2024 315 79 l'accorder
1576 2030 105 59 qu'a
1760 1989 159 93 tetre
2009 1980 96 73 de

128 2170 252 95 retraitte
460 2175 42 65 se
575 2152 171 78 ferois
801 2131 254 80 volonties
1136 2126 35 72 ce
1263 2115 364 74 sacrifiue.
1682 2097 39 74 je
1759 2093 143 73 vous
1953 2068 187 66 avone

157 2299 74 61 que
301 2293 94 55 mes
470 2255 257 98 fonctions
775 2258 70 56 me
893 2238 305 77 deviennent
1279 2193 289 103 penbles
1646 2179 48 93 il
1789 2165 152 79 fant
2007 2164 83 80 que
2116 2152 40 67 je

208 2370 296 98 travaille
573 2370 63 62 du
680 2354 160 78 lualin
932 2356 53 59 au
1035 2330 183 79 soir:
1281 2330 33 81 je
1395 2319 105 77 suis
1546 2307 164 67 decide
1780 2311 2 59 a
1858 2296 81 85 alle
1991 2307 40 71 en
2074 2293 130 79 france
