4239 2869
189 567 72 92 qui
294 577 72 78 ont
415 562 99 102 tenu
561 568 65 93 ses
666 565 276 93 discours,
968 579 37 87 et
1052 573 107 101 sans
1192 575 121 90 doute
1368 597 72 67 que
1466 582 149 97 Celuy
1662 591 72 93 qui
1781 595 2 84 a
1831 587 121 94 Ecrit

188 676 0 80 a
238 670 150 91 paris
452 666 150 94 ayant
638 667 194 99 Entendu
866 670 66 102 ses
959 671 181 105 propos
1174 686 73 80 par
1295 679 67 87 des
1396 677 151 94 tierses
1603 692 265 83 personnes
1904 703 93 62 aura

199 759 420 68 jnconsiderement
672 761 159 73 conclu
890 771 109 63 qu'on
1061 772 37 62 me
1146 770 145 69 l'avoit
1338 770 155 70 Ecrit,
1531 778 99 67 mais
1665 778 29 62 je
1729 776 104 68 puis
1897 783 89 62 vous

200 836 180 83 assurer
428 854 72 59 que
536 844 30 63 le
596 839 78 71 fait
716 841 61 75 Est
824 842 144 87 vray,
998 844 24 86 et
1058 849 169 83 j'ajoute
1275 853 66 63 que
1371 852 54 75 ses
1473 859 144 69 memes
1653 863 198 73 officiers
1911 857 66 66 ont

205 906 60 97 dit
310 920 79 85 que
428 919 79 67 M^r
539 926 27 69 Le
598 911 99 88 ch^er
729 919 53 79 De
826 914 185 98 Rohan
1063 932 126 82 avoit
1240 943 190 76 Envoye
1468 946 1 74 a
1514 922 132 99 Bord
1691 924 41 93 du
1776 925 237 84 Navire

209 1014 45 60 au
301 1007 189 74 moment
532 1009 51 78 du
625 1013 194 83 Depart
873 1012 95 73 dire
1023 1016 1 66 a
1067 1014 113 67 M^r
1196 1015 380 94 Provenchere,
1601 1027 100 83 qu'il
1750 1026 125 88 avoit
1931 1035 31 58 un

221 1098 128 62 moyen
401 1099 106 86 pour
565 1091 166 93 obtenir
790 1106 39 62 sa
873 1094 181 109 liberte
1089 1098 48 97 en
1178 1097 250 113 declarant
1495 1118 89 93 qu'il
1644 1104 128 103 etoit
1847 1107 127 110 le

192 1182 294 85 particulier
540 1198 72 63 qui
655 1192 114 79 avoit
823 1189 85 66 fait
954 1199 62 77 une
1056 1193 200 84 certaine
1302 1198 229 82 Requette
1586 1201 252 85 presentee
1903 1218 55 70 au

186 1260 172 82 Conseil
400 1262 46 79 du
477 1268 100 73 port
625 1270 45 71 au
701 1276 211 71 prince,
938 1276 28 66 et
1014 1292 35 59 ce
1091 1295 73 61 que
1207 1292 235 69 contenoit
1514 1286 181 78 l'arrete
1738 1284 50 79 du
1832 1286 170 80 Conseil

207 1365 51 65 au
304 1357 108 79 Bas
446 1376 34 56 de
514 1377 34 51 la
599 1359 233 77 Requette
883 1361 204 75 surquoy
1127 1365 91 77 M^r
1246 1369 335 75 Provenchere
1632 1377 120 65 avoit
1786 1367 204 77 Repondu

219 1435 94 79 qu'il
358 1436 33 85 ne
431 1437 165 93 savoit
636 1440 112 77 Rien
808 1442 34 82 de
874 1445 139 70 toutes
1071 1455 69 68 ses
1177 1447 154 81 choses
1376 1463 305 86 demandees,
1707 1470 33 80 et
1787 1474 66 77 que
1892 1453 120 99 quand

214 1525 29 78 jl
292 1514 22 98 le
348 1516 215 102 sauroit,
583 1536 30 83 jl
653 1520 38 101 ne
717 1532 137 92 seroit
896 1534 129 74 point
1067 1525 277 85 Delateur.

219 1615 40 62 je
303 1617 94 63 vous
437 1611 207 72 Reytere
698 1614 74 59 que
807 1620 29 53 je
871 1620 203 55 voudrois
1118 1635 114 50 faire
1265 1628 356 66 l'impossible,
1646 1642 148 53 pour
1858 1622 118 69 M^r

183 1692 391 75 Provenchere,
595 1699 35 55 et
676 1705 107 61 pour
837 1707 119 58 votre
1011 1707 163 62 service
1223 1718 124 63 dans
1380 1727 149 57 toutes
1604 1722 270 69 occasions,
1893 1726 78 63 cest

211 1764 97 91 avec
361 1764 62 109 ses
476 1764 293 123 sentiments
800 1763 339 135 Respectueux
1205 1799 75 102 que
1311 1802 83 101 j'ay
1445 1797 239 87 l'honneur
1754 1782 230 94 d'Etre.

173 1887 298 94 Monsieeur

1224 1928 157 99 Votre
1415 1929 96 90 tres
1552 1929 213 94 humble
1812 1947 0 76 &
1881 1931 89 98 tres

1257 2006 263 95 obeissant
1586 2011 301 95 serviteur

286 2113 147 83 suplie
495 2101 236 94 Madame
774 2112 39 87 La
876 2134 292 70 maricholle
1231 2140 25 59 et
1541 2108 279 80 Meent

224 2199 254 75 Modame
526 2203 24 83 le
610 2209 252 80 Marquise
917 2210 157 80 dagre
1156 2217 284 66 Lassurance
1499 2233 55 58 de
1625 2234 115 50 mon
1776 2207 181 81 Pefond

239 2265 196 95 Respet

3990 651 89 79 isse

3994 740 28 55 de

4006 795 1 72 J

4010 864 42 76 et

4007 957 34 75 en

4003 1039 49 51 ion

4004 1108 3 50 C

4001 1165 56 80 le

4007 1332 39 54 ee

4015 1390 92 74 M.

4029 1527 71 86 dray

4000 1672 96 81 tesses

4001 1738 50 91 dit

4007 1967 27 79 re
