2208 2865
447 692 0 0 6

614 390 259 119 Monsieur

1513 188 179 68 S7bre

1014 202 364 97 Bordeaux
1444 227 55 70 L.

1718 210 213 146 1769.

217 813 374 90 Japprendr
644 799 89 89 avec
786 797 30 102 le
853 797 105 107 plus
1003 797 202 99 sonsible
1257 799 164 103 plaisir
1466 822 68 82 par
1570 798 31 91 la
1652 795 106 109 lettre
1809 807 69 97 que
1951 817 54 64 m'a

337 913 108 85 Ecrit
502 931 95 59 M.
622 913 291 91 Provenchere
977 913 31 89 le
1053 913 88 89 25^e
1160 913 209 94 Courant
1433 939 63 68 que
1547 916 202 86 Madame
1787 913 32 91 la
1876 913 203 92 marquise

343 1032 47 61 est
450 1017 215 98 accouchee
724 1017 74 98 fort
858 1017 327 88 heureusement
1239 1030 107 74 d'une
1412 1019 255 95 Demoiselle
1727 1045 67 64 qui
1834 1029 40 83 se
1907 1020 181 92 porte.

337 1142 91 60 bien
493 1147 123 83 ainy
661 1154 65 76 que
778 1136 227 74 Madame
1057 1141 45 78 sa
1173 1155 143 60 mere.
1360 1139 34 78 Je
1445 1153 72 64 m'en
1561 1136 209 94 Rejouis
1814 1150 27 60 je
1892 1147 111 63 vous

346 1252 147 65 assure
547 1251 255 66 Monsieur
869 1251 32 65 de
941 1251 85 65 tout
1088 1260 81 56 mon
1223 1254 116 61 cur
1397 1257 27 58 et
1478 1261 103 54 vous
1616 1257 36 58 en
1706 1255 85 60 faix
1849 1249 40 65 de
1938 1255 121 59 meme

365 1368 80 65 mon
497 1356 339 82 Compliment
887 1366 121 68 ainsy
1060 1364 74 70 qu'a
1192 1352 247 82 Madame,
1456 1364 34 68 et
1536 1370 0 56 a
1599 1351 270 80 Madame
1973 1368 120 57 la

336 1473 321 94 Marechale
723 1492 60 80 que
827 1488 30 82 je
902 1461 148 108 suplie
1101 1464 194 92 dagreer
1362 1479 59 66 mes
1450 1459 83 78 tres
1570 1453 215 101 humbles
1821 1451 261 110 Respects

347 1606 53 79 sy
453 1604 65 72 mes
571 1605 118 72 voux
748 1602 100 64 sont
895 1600 188 76 Exauces
1153 1614 30 57 la
1235 1591 254 81 providence
1535 1597 95 69 vous
1671 1588 277 68 conservera
2018 1587 36 61 ce

350 1706 120 80 Cher
521 1698 171 95 Enfant
743 1706 32 68 et
825 1705 108 68 votre
990 1690 266 94 satisfaction
1326 1706 102 70 sera
1489 1701 225 76 Entiere,
1730 1696 90 72 c'est
1856 1706 91 48 avec
1990 1683 109 69 ses

334 1822 296 103 sentiments
672 1829 37 73 et
751 1834 37 56 un
838 1812 333 100 Respectueux
1242 1806 327 96 Devouement
1645 1806 83 94 que
1804 1798 226 80 J'ay

345 1921 254 97 L'honneur
659 1917 206 99 d'Etre.

324 2156 464 99 Monsieur

1430 2187 89 94 otre
1559 2177 88 98 tres
1694 2164 193 114 humble
1936 2183 152 97 &tres

1397 2301 283 91 obeissant
1740 2293 259 92 serviteur

1714 2380 170 121 Jaune

629 659 114 58 Ciasentor
760 663 106 59 obntnare

725 703 20 33 312

702 719 118 68 RIIRS.

130 2672 126 115 M.
296 2652 58 130 Le
404 2657 139 110 M^is
593 2646 85 117 De
712 2643 46 125 la
820 2640 478 131 Rochefoucault
1351 2635 272 125 Bayers
1675 2644 37 112 .

1926 2398 69 151 en
