4060 2753
432 357 35 80 ce
504 356 112 80 dont
682 357 34 74 Je
743 354 118 74 vous
938 350 411 80 unetreure
1393 369 139 55 dans
1592 364 73 56 mes
1736 342 223 76 lettres

439 443 472 82 subrequentes.

457 535 26 67 le
527 521 348 92 Batardeau
951 539 84 69 que
1073 537 110 67 nons
1214 518 168 86 avons
1413 509 130 88 fais
1593 504 354 88 construire

466 620 63 67 sur
552 622 38 64 la
628 615 210 69 Riviere
907 613 144 65 pour
1116 609 128 63 nous
1283 602 254 63 procurer
1607 598 62 57 de
1708 587 163 67 leau

123 718 265 76 solidement
462 707 48 82 et
542 700 113 85 plus
687 688 386 87 abondament
1147 691 66 61 est
1269 673 338 80 tatalement
1659 674 198 82 acheve
1921 683 52 63 et

454 805 124 60 nous
608 785 269 76 jouissons
935 789 348 66 maintenant
1389 787 49 61 du
1479 766 258 78 besrefire
1800 775 118 62 que

442 890 139 55 nous
607 872 201 68 devions
844 882 35 56 en
957 854 262 81 attendre.
1292 856 126 64 mais
1467 854 32 62 il
1548 855 0 57 a
1597 860 157 64 cause
1824 872 32 47 un

447 942 178 98 grand
695 953 264 82 prejudice
1039 944 89 75 aux
1212 932 177 99 quatre
1438 931 93 72 h^on
1608 929 361 86 interresseos

432 1042 143 78 dans
614 1047 52 75 cet
717 1040 248 80 ouvrage
1059 1043 100 70 par
1187 1022 43 89 la
1278 1015 301 86 privation
1688 1010 149 79 d'eau

441 1144 194 71 quelles
663 1132 94 76 ont
810 1121 327 90 eprouvees
1185 1111 252 90 pendant
1492 1107 123 73 lad^e
1651 1099 356 92 contruction

444 1235 96 75 qui
591 1232 1 58 a
626 1225 66 56 ete
744 1219 294 72 beaucoup
1113 1214 219 76 retardee
1383 1209 95 76 par
1501 1209 36 60 la
1606 1198 277 82 negligene

439 1305 41 65 de
513 1293 172 80 l'entre
712 1285 353 86 prencuu.
1098 1284 188 77 Jenen
1359 1278 257 68 appuises
1661 1274 142 78 bien

490 1378 80 73 ans
590 1378 31 72 le
674 1387 234 63 produie
979 1382 95 56 des
1105 1370 202 69 canmes
1351 1364 100 72 des
1489 1372 89 53 h^n
1628 1371 94 65 des
1766 1374 155 50 vareux

434 1484 89 58 qui
562 1483 1 47 a
608 1462 82 68 ete
747 1449 112 76 fort
915 1456 147 61 mince
1147 1450 37 56 et
1236 1441 58 64 les
1328 1449 170 70 cannes
1543 1437 77 80 que
1677 1430 36 78 je
1753 1437 168 75 roule

422 1566 341 63 maintensant
836 1550 75 72 s'en
974 1544 263 74 resseutent
1285 1543 179 69 encore
1557 1547 114 55 par
1725 1550 1 52 a
1799 1541 99 63 que

416 1641 113 76 dans
560 1638 215 79 leuubas
828 1656 107 59 age
987 1634 113 77 elles
1137 1631 145 80 n'ont
1329 1632 118 75 pas
1500 1651 65 42 ecu
1606 1628 55 74 les
1709 1638 293 64 arrosages

428 1752 172 64 quelles
644 1720 229 87 auroient
954 1717 71 90 du
1056 1716 236 84 avoir.
1322 1724 27 60 il
1392 1710 147 85 faut
1589 1714 204 80 esperer
1856 1702 95 88 que

412 1827 126 62 nous
571 1832 33 52 en
642 1809 159 74 serons
828 1809 39 72 de
899 1811 270 74 domages
1217 1806 61 72 les
1317 1820 197 60 anners
1564 1817 87 58 qui
1717 1814 159 55 vous

410 1913 205 65 suivre
724 1897 110 81 par
864 1894 35 94 la
948 1893 143 93 plus
1140 1905 206 75 grande
1403 1885 334 69 abondance
1782 1897 173 59 deau

437 2010 118 61 qe
625 1996 72 61 cet
747 1995 265 64 ouvrage
1057 2001 107 54 doit
1224 1988 493 70 necessainement
1782 1984 159 56 nous

428 2085 312 73 procurer.
792 2089 138 64 nous
968 2078 312 76 eprouvons
1338 2075 54 70 un
1430 2073 177 71 grand
1660 2077 88 49 see
1821 2078 166 58 dans

413 2175 28 60 ce
514 2157 224 80 moment
827 2158 40 81 et
922 2162 102 70 s'il
1068 2153 270 83 continuee
1417 2169 179 65 encore
1652 2180 40 56 un
1781 2171 129 63 mois

396 2252 70 92 les
495 2248 430 96 plantations
975 2255 98 81 s'en
1146 2248 393 90 ressentiront
1607 2255 325 84 carelles

125 672 0 43 #
188 662 36 67 et
264 662 110 64 plus

2217 320 354 95 commencent
2625 325 100 72 deja
2789 327 4 48 a
2898 279 293 103 souffiies.

2244 429 90 70 J'ai
2373 426 177 75 enncore
2639 430 4 57 a
2696 401 167 83 paier
2953 394 187 62 monsieu
3172 370 30 67 le
3255 354 262 84 marquis
3575 345 144 68 cette

2253 539 149 59 annee
2476 529 83 62 une
2587 497 188 90 partie
2864 490 78 58 des
2975 461 233 74 derniers
3258 453 194 70 negres
3495 417 291 89 quejai

2247 619 165 88 achete
2483 623 24 73 ce
2537 624 64 65 que
2663 587 207 84 ecornera
2938 570 175 81 encore
3195 565 47 75 un
3277 549 91 85 peu
3398 536 71 80 les
3526 527 166 73 envois
3742 512 97 85 que

2267 718 190 96 j'aume
2512 725 150 63 avons
2703 695 144 87 faire
2938 685 185 65 encore
3174 656 50 78 de
3256 642 44 84 la
3332 624 284 88 patience
3656 616 173 75 pour

2284 832 106 67 cette
2432 824 154 65 annee
2660 808 36 77 et
2756 787 237 91 jespere
3049 776 131 67 vous
3204 771 35 58 en
3273 724 337 90 dedomager
3654 710 35 60 le

2289 925 303 74 suisantes

2333 993 348 99 Permettes
2719 999 84 72 que
2830 972 244 75 vosdames
3113 931 245 100 trouvent
3397 923 64 87 ici
3494 926 76 76 les
3606 915 300 73 assurances

2375 1110 39 62 de
2462 1107 93 55 mon
2613 1060 317 91 Reupect.
2960 1054 42 68 et
3051 1050 87 67 que
3158 1043 126 64 vous
3330 998 322 86 renouvelle
3732 989 143 60 celte

2365 1196 87 65 de
2522 1187 113 54 mon
2689 1151 221 74 sincere
2979 1130 45 73 et
3055 1091 313 103 inviolable
3408 1057 454 93 aetachement

2399 1270 59 86 Je
2493 1270 128 67 suis
2663 1248 123 73 avec
2854 1200 260 110 Respect

2432 1376 253 84 monsier
2713 1355 37 76 le
2820 1339 262 89 marquis
3318 1288 92 98 ohe
3428 1282 97 85 tres
3542 1258 215 96 humble
3801 1241 111 83 tres

3309 1362 288 104 obensant
3635 1326 274 99 serviteur

2204 1568 167 121 auCut
2394 1566 46 105 de
2467 1561 133 108 Salle
2627 1557 43 111 15
2713 1527 184 136 fevrier
2945 1526 155 108 1788.

3448 1424 398 142 Povencher
