2166 2787
976 102 359 126 Bordeaux
1417 128 2 104 6
1538 110 229 106 Janvier
1821 120 114 96 1770

577 312 389 78 Monsieur

310 585 1 70 e
364 559 132 89 M^re
542 551 226 107 Lheureus
852 556 179 96 famille
1100 564 164 95 Cap^n
1317 549 32 93 au
1371 571 55 72 lay
1487 541 234 108 Laulnay
1790 557 78 81 Est

193 681 435 86 Neureusement
714 687 136 70 arrivé
930 691 109 54 dans
1085 675 109 71 notre
1260 674 277 78 Riviere,
1570 690 82 50 vous
1705 683 95 56 avez
1840 657 149 83 abord

235 776 36 70 de
318 788 51 55 ce
405 770 73 75 Nre
526 783 121 63 pour
706 772 100 63 votre
854 765 203 77 Compte
1122 756 1 64 &
1204 756 138 79 celluy
1412 770 34 42 de
1505 762 1 50 M
1658 754 231 68 Lemaal
1937 742 88 73 De

228 860 278 76 Conflans
565 874 1 44 a
631 866 73 58 mon
763 859 199 58 adresse
1039 841 55 74 28
1153 839 178 85 Bques
1384 837 119 71 Sucre
1562 835 225 78 Bland
1853 847 0 64 7
1899 830 172 85 Bques

232 944 117 71 sucre
396 933 235 87 Commus
685 939 1 63 &
767 927 29 71 10
863 921 166 95 Bques
1077 932 117 67 sucre
1249 919 117 88 brut
1428 918 68 100 que
1544 916 165 89 dabord
1771 930 62 85 que
1881 936 172 79 jauray

234 1023 287 85 Enmagasin
603 1023 33 81 Je
694 1024 306 83 moceuperay
1063 1021 33 59 de
1135 1025 168 55 vendre
1342 1020 32 85 le
1419 1020 97 75 plus
1562 1021 498 72 avantageusement

245 1110 252 72 passible,
540 1113 34 61 je
628 1103 83 70 dois
764 1103 133 74 toutes
957 1119 71 53 mes
1083 1103 273 69 attentions
1411 1120 0 52 a
1450 1121 65 49 vos
1581 1103 213 81 interets
1871 1121 109 63 pour
2024 1111 33 73 la

246 1184 163 86 Bonté
484 1204 0 67 &
585 1184 37 78 la
685 1184 301 80 Confiance
1086 1184 107 67 dont
1274 1196 100 65 vous
1450 1187 288 91 m'honnorez
1788 1210 144 68 aussy
1995 1203 31 72 je

257 1288 88 48 vous
386 1275 28 63 le
460 1275 193 65 promits
730 1272 1 62 &
831 1271 107 65 dans
989 1270 138 63 toutes
1168 1285 216 46 occasion

249 1351 1 74 M
409 1340 268 84 Denolivas
748 1346 113 77 amis
908 1340 42 84 En
1009 1363 66 58 mee
1145 1351 25 64 le
1217 1365 78 47 p^er
1366 1352 30 63 de
1449 1346 60 72 Ce
1556 1333 83 81 mois
1693 1332 41 87 du
1776 1331 166 87 depuis
1990 1351 47 65 les

240 1456 118 62 vents
405 1448 66 66 luy
530 1432 101 85 sont
696 1432 286 85 favorables
1041 1430 77 85 l'on
1172 1430 71 84 dit
1308 1456 60 61 que
1427 1430 47 82 ce
1534 1430 178 88 depart
1783 1458 42 52 va
1878 1458 160 59 donner

234 1532 35 68 la
336 1531 223 80 Liberté
632 1543 1 67 a
683 1532 86 78 tous
819 1530 52 69 les
921 1526 189 76 Colans
1166 1542 63 60 qui
1292 1539 108 60 avoit
1474 1523 73 74 Eté
1610 1520 221 75 Envoyez
1900 1515 34 71 en

247 1627 179 78 france
501 1626 28 70 je
598 1625 282 74 minteresse
960 1615 141 73 Bien
1171 1614 379 75 sincerement
1624 1613 1 64 a
1684 1597 114 80 celle
1851 1599 39 71 de
1943 1602 98 68 M^r

276 1729 317 68 Provenchere
666 1720 85 63 soit
798 1722 117 57 pour
960 1715 60 56 luy
1072 1701 481 78 personnellement
1615 1699 1 55 &
1689 1705 107 61 pour
1847 1705 86 56 vous
1969 1697 1 59 &

276 1834 65 50 vos
408 1811 194 88 Interets
663 1802 387 96 particuliers,
1080 1794 86 89 lon
1226 1795 155 88 ajoute
1441 1796 72 82 que
1582 1784 121 68 M^rs
1740 1790 52 61 du
1835 1785 191 79 Conseil

273 1903 54 69 du
375 1907 109 78 port
556 1912 36 75 au
633 1902 187 84 prince
903 1895 110 72 vont
1095 1885 98 70 Etre
1287 1882 291 63 renvoyés
1632 1893 42 48 au
1734 1876 103 88 Cap
1897 1892 108 65 pour

275 1998 79 84 Etre
414 1992 132 88 Juges
599 1999 86 68 par
730 1981 29 81 le
809 1975 214 79 Conseil
1120 1965 168 83 dudit
1378 1977 102 59 rieu

269 2073 165 79 Nous
499 2091 148 61 avons
701 2093 39 56 un
799 2075 171 71 nouvel
1045 2067 308 77 archéveque
1429 2065 40 65 de
1506 2069 137 61 nome
1719 2066 56 73 sy
1840 2090 38 48 me

713 436 0 116 1

771 487 0 0 1

277 2169 234 79 souhaits
590 2175 131 64 avoit
799 2164 75 67 Eté
924 2163 279 78 accomptis
1253 2159 132 61 cella
1459 2156 153 73 auroit
1708 2157 71 75 Eté
1821 2167 240 64 quelqu'un

278 2252 33 77 de
360 2266 106 61 votre
551 2245 380 84 Respectable
1023 2261 94 64 nom
1229 2249 68 75 qui
1340 2243 100 79 tous
1490 2238 43 80 En
1614 2250 217 63 général
1942 2254 118 59 sont

274 2359 111 81 gens
445 2352 43 78 de
555 2347 157 76 Bien
796 2348 2 72 &
889 2333 294 82 paisibles

337 2448 332 92 permellez
763 2459 82 80 que
903 2429 346 97 Madame
1322 2428 44 86 la
1425 2427 374 93 Marquise
1865 2462 162 54 recoive

1959 2566 72 69 557

143 2597 3 107 M
364 2592 60 105 Le
488 2589 158 100 M^is
770 2579 107 108 De
934 2590 66 108 la
1074 2603 683 95 Rochefoucault
1822 2621 223 63 Bayers
