2551 1979
609 135 0 60 2

219 193 220 60 Considérant
471 196 45 57 que
549 195 32 58 les
614 193 240 60 Représentans
882 193 29 52 de
943 193 98 56 Saint-

181 252 183 54 Domingue
414 256 22 48 ne
471 257 141 50 peuvent
650 251 156 52 renoncer
848 255 11 44 à
897 257 27 47 ce
966 251 76 53 droit

174 306 304 57 imprescriptible,
518 311 64 49 sans
626 309 140 56 manquer
802 307 8 56 à
830 307 64 52 leur
930 308 104 52 devoir

175 367 19 52 le
242 363 59 54 plus
344 363 114 53 sacré,
501 364 44 55 qui
584 365 35 52 est
659 362 23 56 de
729 363 154 56 procurer
926 366 8 49 à
958 362 78 55 leurs

173 417 213 53 Constituans
420 417 45 53 des
502 419 64 49 Lois
600 421 82 51 sages
727 419 19 53 et
775 418 255 54 bienfaisantes.

217 472 219 60 Considérant
474 476 45 56 que
556 476 29 48 de
614 473 88 56 telles
739 475 62 53 Lois
838 483 25 44 ne
900 481 137 51 peuvent

177 530 54 53 être
274 528 89 55 faites
406 527 85 56 qu'au
530 528 54 55 sein
635 528 85 55 même
767 528 23 55 de
829 528 112 55 l'Isle;
984 532 58 51 d'a¬

176 583 66 53 bord
282 595 22 42 en
341 584 95 53 raison
473 587 22 51 de
528 588 15 50 la
576 586 176 53 différence
789 588 29 51 du
848 588 132 52 Climat,
1006 590 29 50 du

173 647 90 51 genre
308 649 26 41 de
379 646 221 54 population,
649 648 45 51 des
746 647 101 54 mours
888 652 23 41 et
952 647 86 48 habi¬

160 701 139 50 ¬tudes,
347 711 19 36 et
406 701 117 53 ensuite
571 701 85 53 parce
703 709 48 43 que
799 702 132 53 ceux-là
968 713 69 39 seu¬

171 752 120 57 lement
329 755 47 58 qui
415 754 43 48 ont
492 755 116 54 inéret
642 756 13 56 à
676 755 17 59 la
736 755 69 62 Loi,
843 757 141 62 peuvent
1019 757 17 57 la

173 809 157 50 délihérer
365 818 17 40 et
417 815 181 43 consentir.

215 866 220 53 Considérant
471 879 47 45 que
557 869 213 55 l'Assemblée
813 871 153 56 nationale
1010 880 19 47 ne

175 931 142 44 pourroit
351 926 142 50 décréter
523 930 38 49 les
594 929 68 52 Lois
695 932 206 48 concernant
931 931 19 50 le
995 931 41 50 ré¬

159 981 85 48 ¬gime
279 976 151 53 intérieur
462 978 27 52 de
524 978 329 58 Saint-Domingue,
876 989 66 45 sans
970 989 65 46 ren¬

172 1030 98 52 verser
311 1032 37 47 les
385 1033 163 58 principes
593 1035 106 57 qu'elle
736 1043 0 40 a
768 1036 176 54 consacrés
989 1049 45 47 par

169 1098 39 39 ses
248 1091 152 49 premiers
439 1091 159 52 Décrets,
627 1096 18 46 et
684 1094 206 49 notamment
933 1101 43 44 par
1009 1100 21 43 sa

173 1140 205 56 Déclaration
418 1146 44 50 des
502 1141 104 58 Droits
646 1141 24 55 de
706 1141 185 57 l'Homme.

214 1201 217 52 Considérant
473 1204 49 51 que
568 1203 38 50 les
652 1205 133 52 Décrets
834 1204 126 54 émanés
1002 1208 26 46 de

169 1254 205 55 l'Assemblée
421 1255 42 56 des
502 1255 243 61 Représentans
779 1262 26 53 de
852 1259 179 58 Saint-Do¬

155 1319 166 48 ¬mingue,
361 1318 25 45 ne
430 1317 140 49 peuvent
614 1317 58 49 être
711 1317 120 51 soumis
867 1318 7 46 à
914 1318 115 50 d'autre

170 1367 142 52 sanction
350 1376 48 43 que
432 1366 67 54 celle
529 1369 26 51 du
593 1367 75 54 Roi,
694 1371 86 51 parce
817 1368 68 54 qu'à
903 1371 41 51 lui
971 1369 63 54 scul

174 1430 179 50 appartient
403 1436 76 35 cette
524 1429 202 55 prérogative
776 1431 167 53 inhérente
1004 1432 23 50 au

174 1478 124 55 Trône,
325 1487 19 42 et
383 1487 47 46 que
472 1482 43 50 nul
550 1483 113 54 autre,
690 1484 124 53 suivant
845 1483 20 55 la
903 1483 125 55 Consti¬

156 1534 106 54 ¬tution
294 1535 70 50 Fran
408 1541 74 49 aise,
510 1543 24 50 ne
569 1545 67 49 peut
667 1542 24 47 en
722 1541 59 48 être
813 1540 216 58 dépositaire;

175 1591 46 53 que
260 1593 298 55 conséquemment
589 1594 19 46 le
647 1595 78 52 droit
755 1596 24 51 de
814 1600 213 51 sanctionner

171 1655 25 42 ne
232 1653 70 53 peut
338 1651 53 50 être
432 1652 134 52 conféré
599 1662 24 49 au
660 1653 367 61 Gouvernement-gé¬

1499 207 121 52 ¬néral,
1643 205 143 51 étranger
1824 204 8 48 à
1860 202 79 50 cette
1973 197 157 52 contrée,
2158 198 18 48 et
2214 194 37 50 n'y
2289 194 86 49 exer¬

1512 266 70 51 cant
1631 268 115 48 qu'une
1802 259 139 53 autorité
1989 257 139 54 précaire
2180 257 20 49 et
2249 252 127 53 surbor¬

1512 323 154 49 donnée;

1557 371 217 57 Considérant
1805 369 84 54 qu'en
1919 377 29 44 ce
1982 370 45 53 qui
2049 368 159 49 concerne
2238 363 37 52 les
2305 365 68 51 rap¬

1520 433 79 51 ports
1644 427 243 55 commerciaux
1936 428 22 48 et
2003 427 34 45 les
2086 422 97 51 autres
2227 421 147 52 rapports

1519 488 170 49 communs
1716 488 78 46 entre
1820 477 303 57 Saint-Domingue
2153 479 21 47 et
2192 475 21 53 la
2239 472 144 53 France,

1514 544 19 47 le
1568 544 142 46 nouveau
1741 546 124 42 contrat
1896 536 63 50 doit
1986 536 59 49 être
2073 533 106 51 formé
2206 529 120 53 d'après
2354 530 19 50 le

1519 602 90 47 vœeu,
1635 599 38 50 les
1702 593 124 54 besoins
1852 595 19 51 et
1892 594 20 49 le
1945 589 255 50 consentement
2222 588 46 48 des
2297 586 72 50 deux

1519 664 116 47 parties
1672 651 275 58 contractantes;

1563 704 215 60 Considérant
1811 704 47 55 que
1888 709 67 48 tout
1988 697 119 59 Décret
2144 699 43 55 qui
2215 694 98 59 auroit
2341 692 39 57 puu

1520 767 56 48 être
1616 761 100 52 rendu
1748 765 45 46 par
1825 756 211 54 l'Assemblée
2068 752 189 55 nationale,
2281 755 20 49 et
2336 751 46 52 qui

1522 821 231 52 contrarieroit
1782 823 36 49 les
1851 822 158 49 principes
2038 821 47 46 qui
2110 817 148 50 viennent
2286 813 88 51 d'être

1524 876 158 55 exposés,
1713 887 24 39 ne
1772 872 119 54 sauroit
1918 872 48 54 lier
2000 868 301 57 Saint-Domingue
2340 866 44 56 qui

1523 943 38 41 n'a
1600 939 87 50 point
1721 934 46 54 été
1798 932 171 53 consulté,
2000 934 19 47 et
2053 935 34 47 n'a
2126 929 83 53 point
2236 927 149 49 consenti

1527 990 7 48 à
1562 993 42 47 ces
1655 986 101 54 mêmes
1795 985 155 53 Décrets;

1563 1043 220 56 Considérant
1816 1037 106 59 enfin,
1954 1038 52 57 que
2039 1030 211 63 l'Assemblée
2287 1031 98 58 natio¬

1510 1100 106 53 ¬nale,
1643 1102 19 47 si
1685 1096 243 54 constamment
1963 1093 137 52 attachée
2138 1096 49 49 aux
2221 1094 160 48 principes

1526 1155 27 51 de
1587 1152 137 53 justice,
1751 1156 19 46 et
1801 1161 45 43 qui
1873 1159 76 43 vient
1984 1148 26 53 de
2056 1145 172 53 manifester
2254 1145 19 54 le
2308 1145 72 52 desir

1525 1212 155 53 d'assurer
1715 1208 18 52 la
1769 1204 183 60 prospérité
1984 1203 46 52 des
2061 1203 70 54 Isles
2163 1201 160 58 Fraçaises
2354 1201 26 48 de

1521 1264 229 57 l'Amérique,
1786 1259 167 59 n'hésitera
1989 1263 46 53 pas
2070 1262 10 48 à
2104 1255 207 57 reconnettre
2343 1254 38 49 les

1530 1321 92 52 droits
1657 1319 24 52 de
1723 1318 341 55 Saint-Domingue,
2095 1317 43 52 par
2184 1312 23 56 un
2250 1311 136 55 Drécret

1513 1373 171 54 ¬solemnel
1715 1373 19 51 et
1773 1374 229 50 authentique.

1575 1431 94 54 Après
1707 1435 24 46 en
1777 1431 78 53 avoir
1889 1425 140 55 délibéré
2066 1424 67 55 dans
2176 1433 38 40 ses
2256 1422 129 53 séances

1527 1490 46 47 des
1619 1501 49 40 22,
1699 1488 45 52 26,
1778 1497 50 43 27,
1862 1491 19 50 et
1919 1489 72 50 dans
2033 1484 69 52 celle
2140 1483 23 53 de
2201 1490 26 47 ce
2261 1483 96 50 jour,
2383 1493 12 38 à

1529 1544 129 57 décrété
1683 1546 12 44 à
1719 1541 224 58 l'unanimité,
1976 1546 20 45 et
2027 1538 121 57 décréte
2188 1546 20 47 ce
2244 1545 45 47 qui
2317 1535 76 55 suit¬

1647 1626 271 47 ARTICLE
1985 1620 295 48 PREMIER.

1577 1699 32 63 Le
1646 1697 134 66 pouvoir
1817 1694 170 68 législatif,
2020 1695 27 56 en
2088 1693 24 52 ce
2153 1705 42 51 qui
2227 1699 162 54 concerne
