2551 1980
200 179 61 50 mais
280 180 37 52 les
350 180 128 51 Décrets
510 181 44 50 qui
578 178 105 48 seront
711 171 112 56 rendus
854 172 13 49 à
887 168 41 55 cet
959 171 85 54 égard

193 243 45 49 par
263 233 208 58 l'Assemblée
499 232 171 58 générale,
691 228 106 60 seront
829 228 78 54 aussi
931 234 119 48 sommis

191 292 16 54 à
226 292 19 54 la
283 294 164 49 révision,
473 289 19 53 si
523 289 15 46 le
572 287 222 51 Gouverneur
828 284 145 54 présente
1007 283 42 51 des

192 348 223 53 observations
450 350 43 43 sur
528 346 18 48 le
585 345 137 49 contenu
761 343 117 50 auxdits
917 342 134 50 Décrets

188 403 74 51 dans
292 400 21 54 le
346 400 83 53 delai
455 399 59 54 fixé
548 402 44 50 par
625 394 145 53 l'Article
804 392 63 56 III,
897 391 16 54 et
943 390 106 56 seront

193 466 27 43 au
258 458 125 55 surplus
416 456 164 53 observées
606 455 36 48 les
669 451 179 55 formalités
883 455 167 51 prescrites

193 518 45 55 par
269 512 141 57 l'Article
449 512 25 54 V.

238 565 75 53 ART.
343 561 80 59 VIII.
458 565 75 54 Tout
564 566 57 53 acte
647 556 151 66 législatif
823 556 54 63 fait
904 566 44 52 par
977 556 76 52 l'As¬

192 624 136 51 semblée
366 622 170 51 générale,
568 631 17 39 et
620 619 135 51 exécuté
783 618 275 50 provisoirement

195 683 69 48 dans
300 682 18 50 le
361 689 40 41 cas
437 679 29 47 de
506 677 162 52 nécessité
704 677 148 51 urgente,
896 683 57 42 n'en
993 682 61 40 sera

195 740 43 55 pas
282 738 86 50 moins
400 734 126 58 envoyé
546 743 43 46 sur
620 734 20 47 le
672 734 102 52 champ
817 734 13 42 à
852 729 21 48 la
903 728 147 54 Sanction

194 793 131 51 royale;
359 795 18 45 et
403 798 19 41 si
448 792 19 46 le
504 789 53 53 Roi
587 789 100 50 refuse
725 786 45 54 son
807 785 250 52 consentement

196 848 80 53 audit
318 850 84 50 acte,
443 843 195 56 l'exécution
692 846 23 45 en
768 841 61 54 sera
871 837 183 56 suspendue

195 903 148 53 aussi-tôt
381 909 46 48 que
465 910 23 43 ce
522 899 80 54 refus
639 901 62 49 sera
730 893 199 56 légalement
969 894 89 52 mani¬

193 955 79 62 festé
293 960 14 55 à
328 952 215 63 l'Assemblée
582 951 161 61 générale.

238 1014 81 58 ART.
339 1009 56 56 IX.
410 1008 132 61 Chaque
571 1010 198 54 Législature
794 1005 26 52 de
844 1001 212 59 l'Assemblée

199 1070 142 55 générale
374 1074 62 50 sera
466 1068 27 50 de
519 1068 70 54 deux
623 1069 42 48 ans
698 1071 1 40 :
721 1066 20 49 le
771 1061 291 54 renouvellement

197 1127 44 51 des
277 1124 160 54 Membres
473 1122 24 50 de
537 1121 121 56 chaque
694 1117 196 55 Législature
918 1119 64 51 sera
1009 1115 49 53 fait

202 1185 27 49 en
266 1180 136 54 totalité.

246 1236 75 53 ART.
360 1233 36 54 X.
419 1231 225 57 L'Assemblée
679 1227 142 57 générale
856 1225 123 57 décrète
1010 1234 47 45 que

195 1295 38 50 les
269 1293 121 53 articles
419 1291 188 51 ci-dessus,
625 1294 125 46 comme
775 1288 102 49 fesant
906 1290 94 47 partie
1033 1282 27 50 de

198 1349 17 51 la
237 1349 222 54 Constitution
490 1349 28 51 de
541 1346 17 49 la
588 1345 96 54 Partie
718 1344 159 54 française
907 1343 29 50 de
963 1341 103 50 Saint-

204 1410 209 48 Domingue,
443 1412 106 45 seront
575 1402 261 53 incessamment
873 1398 135 51 envoyés
1038 1402 22 43 en

207 1465 143 51 France,
381 1464 74 50 pour
490 1461 54 53 être
590 1458 159 56 présentés
795 1456 9 47 à
830 1455 230 53 l'acceptation

202 1519 30 49 de
262 1514 209 54 l'Assemblée
516 1512 161 53 nationale
722 1521 18 38 et
781 1512 30 48 du
848 1509 79 51 Roi,
961 1511 104 47 seront

205 1586 26 37 en
278 1576 83 49 outre
411 1574 134 49 envoyés
588 1581 7 36 à
628 1571 101 50 toutes
772 1571 37 49 les
855 1567 159 50 Paroisses
1050 1569 19 47 et

207 1630 131 54 Districs
383 1626 61 57 dela
489 1629 98 55 Partie
619 1626 164 54 Française
824 1625 24 53 de
888 1620 181 58 Saint-Do¬

1477 224 168 45 ¬mingue:
1680 214 109 55 seront
1837 215 24 44 au
1909 211 124 59 surplus
2069 211 104 57 lesdits
2221 212 120 57 articles

1493 270 117 57 notifiés
1646 275 24 49 au
1702 268 402 57 Gouverneur-général.

1534 360 71 50 FuiT
1630 360 25 49 en
1679 353 415 60 l'Assemblée-générale,
2115 355 8 53 à
2144 352 211 58 Saint-Marc;

1489 415 17 53 le
1544 414 175 61 vingt-huit
1745 414 60 57 Mai
1843 413 39 49 mil
1907 416 60 58 sept
2001 423 69 40 cent
2108 415 239 56 quatre-vingt¬

1493 472 66 57 dix.

1602 563 71 64 DES
1717 562 348 65 ROUANDIERES,
2101 564 185 61 Président.

1494 659 30 54 LE
1555 655 151 62 MARQUIS
1737 658 34 53 DE
1810 654 235 61 CADUSCH,
2071 653 264 63 Vice-président

1494 752 27 47 LE
1571 751 136 48 GRAND,
1749 751 155 57 MILLET,
1951 753 178 55 BRULLET,
2171 753 178 53 LAMBERT,

1541 815 213 60 Secrétaires.
