2454 2700
661 639 302 88 Monsieur

714 1048 80 56 nflaIon
810 1056 67 52 pante

660 1179 210 99 D'apre패s
914 1174 91 108 l'avis
1064 1190 46 93 que
1169 1195 68 89 Vour
1289 1209 30 57 me
1379 1196 135 83 donne패s
1573 1197 69 85 par
1678 1174 204 108 l'honneur
1941 1174 38 110 de
2038 1179 99 102 Votre
2173 1173 83 91 lettre

552 1296 30 98 du
643 1295 30 90 18
734 1299 22 84 de
802 1293 37 87 Ce
900 1291 76 93 Mois
1066 1294 24 93 Je
1156 1302 62 99 Vais
1261 1324 85 77 faire
1405 1311 137 90 assurer
1602 1322 91 79 pour
1753 1293 91 105 Votre
1904 1315 129 77 Compte
2078 1292 0 93 &
2138 1291 106 92 Celii

547 1405 36 90 de
615 1404 192 93 Madame
866 1402 30 96 la
948 1402 266 93 Mare패chale
1269 1428 54 63 une
1377 1403 137 91 somme
1567 1414 28 71 de
1684 1406 136 90 quinze
1853 1399 157 86 Mille
2072 1425 109 64 livres

565 1530 171 64 Tournois
818 1525 26 74 la
913 1524 121 78 Prime
1091 1523 69 70 sera
1224 1530 12 61 a
1287 1529 60 79 3/
1418 1525 47 83 p^r
1541 1534 88 77 Nous
1692 1545 32 61 ne
1768 1529 165 79 sommes
2008 1542 71 64 pas
2141 1531 115 75 quittes

583 1629 28 65 de
645 1638 208 71 lequinoxe
914 1631 28 62 de
1032 1642 90 60 mars
1206 1636 45 69 qui
1274 1638 39 64 est
1369 1643 11 63 a
1425 1646 62 64 peu
1532 1640 90 68 pres
1695 1639 191 71 l'e패poque
1942 1627 39 66 ou
2032 1627 17 66 le
2116 1627 101 67 Nre
2257 1627 28 75 le

585 1723 43 99 S^t
671 1740 154 81 honore패
885 1728 79 70 dans
1017 1725 139 92 lequel
1222 1722 106 88 M.
1361 1722 264 96 Provonchere
1684 1750 1 60 a
1737 1738 67 66 fait
1856 1736 34 66 un
1935 1720 306 91 Chargement

574 1823 36 73 de
669 1821 48 81 40
770 1821 107 83 Bla^r
942 1828 90 78 sucre
1073 1842 84 55 brut
1240 1819 71 76 sera
1388 1822 78 80 dans
1513 1824 30 81 le
1591 1820 77 84 Cas
1733 1833 226 70 d'arriver.

812 1959 60 46 Par
916 1959 54 44 une
1025 1945 164 70 Corrette
1244 1936 295 74 Nouvellement
1605 1943 104 70 entre패e
1774 1937 11 79 a
1829 1938 115 79 Brest
2020 1943 33 74 et
2097 1944 131 73 partie

592 2054 64 88 Du
727 2062 115 80 port
900 2071 38 66 au
1002 2060 115 80 prince
1168 2047 20 86 le
1245 2047 83 78 18.
1360 2059 26 69 de
1444 2044 154 84 Janvier
1654 2066 33 58 on
1737 2043 73 83 fait
1879 2050 51 73 que
1988 2041 38 71 les
2090 2053 96 73 noirs

606 2148 143 91 e패toient
828 2150 308 89 parfaitement
1203 2167 234 74 Tranquils
1504 2161 87 78 dans
1651 2148 44 80 la
1750 2148 210 86 Colonie.
2002 2178 19 52 il
2082 2178 1 53 y
2131 2162 81 67 avoit

613 2281 105 70 encore
787 2283 31 73 de
849 2270 24 73 la
929 2265 168 88 Chaleur
1190 2276 137 75 parmi
1376 2260 44 78 les
1494 2259 156 86 Blancs
1736 2274 50 69 qui
1829 2259 156 78 naissoit
2046 2251 51 87 des
2146 2260 181 77 opinions

1819 2412 84 85 123
