2427 2571
776 919 260 89 Conneur,

722 1401 0 48 N
810 1381 37 67 est
897 1376 82 70 Bien
1022 1376 58 70 Vrai
1130 1388 82 63 ainsi
1256 1388 100 67 qu'on
1400 1391 70 58 vous
1519 1403 33 50 l'a
1613 1376 202 88 Rapporté
1865 1375 82 84 qu'il
1984 1375 0 81 y
2016 1380 0 77 a
2066 1404 25 50 en
2141 1404 44 57 des

610 1474 164 87 Troubles
813 1508 13 50 à
872 1506 20 50 la
951 1481 255 91 Martinique
1259 1502 205 67 occasonnés
1552 1505 76 69 par
1670 1493 28 85 le
1749 1511 153 69 général
1965 1499 87 88 M.
2083 1499 22 90 de
2148 1519 179 73 Viomemil

605 1601 52 47 qui
698 1603 0 55 a
756 1593 93 71 voulu
927 1595 277 73 s'affectionner
1259 1609 39 55 les
1358 1610 85 61 noirs
1509 1616 33 58 au
1598 1606 126 76 dépens
1795 1610 44 62 des
1899 1614 142 71 Blancs
2113 1630 94 59 qu'il
2253 1629 1 54 a

610 1689 159 79 offeusé,
802 1689 22 74 il
863 1689 0 72 y
907 1699 0 61 a
950 1709 22 50 eu
1022 1702 34 55 du
1109 1711 77 59 jang
1241 1699 165 72 repandu
1477 1694 110 65 Mais
1652 1700 18 61 Je
1718 1699 72 79 n'ai
1822 1706 66 72 pas
1936 1713 45 61 oui
2029 1712 56 64 dire
2144 1699 84 76 qu'il
2265 1703 1 66 y

616 1794 40 55 ait
688 1792 21 57 en
760 1799 30 59 au
833 1793 58 64 dela
953 1791 30 64 de
1049 1792 87 73 120.
1188 1802 88 60 Noirs
1328 1798 92 69 tués:
1472 1814 25 57 le
1544 1815 125 55 Calne
1717 1803 78 73 étoit
1851 1807 169 71 Retabli
2062 1810 83 66 dans
2202 1816 63 58 cette

607 1875 53 81 isle
726 1887 66 59 par
845 1890 33 64 la
951 1876 231 86 Vigilance,
1214 1875 23 68 le
1280 1875 148 80 Concert
1485 1887 3 60 &
1544 1876 127 85 l'union
1736 1905 47 57 qui
1835 1898 160 64 Reguent
2073 1890 120 65 parme

620 1975 44 73 les
713 1972 143 75 Blancs
921 1991 55 60 qui
1031 1991 65 62 sont
1151 1978 71 65 tous
1277 1981 169 73 intéresiés
1506 1998 34 63 au
1609 1993 156 69 maintien
1823 1995 35 62 de
1888 2012 30 48 la
1965 1989 264 79 Branguitité.

793 2100 24 53 il
851 2099 38 57 ne
932 2089 116 64 Paroit
1110 2088 63 63 pas
1235 2096 91 58 qu'à
1384 2088 43 64 S.
1470 2085 216 68 Domingue
1749 2083 86 61 Rier
1883 2082 44 64 ait
1984 2084 183 65 Bouge;

636 2173 80 74 des
765 2174 150 76 negres
966 2187 57 65 n'y
1069 2181 62 72 sont
1172 2178 92 75 point
1311 2182 169 69 insolents
1526 2177 0 67 &
1609 2183 144 66 factieux
1814 2198 129 55 Comme
1989 2198 10 41 à
2035 2186 26 53 la
2112 2182 185 70 martinique

623 1162 67 57 Norux
710 1164 105 55 péméne

680 1199 32 37 Vae

643 1220 83 65 dCur

1759 2291 74 100 426
