2249 2700
1907 119 0 40 A

1085 172 86 65 au
1198 159 124 75 Cul
1355 156 54 73 de
1448 131 179 83 sailie
1688 136 52 70 10
1826 141 108 60 x^bre
1976 120 178 86 1789.

478 567 123 83 J'ai
620 560 345 84 l'honneur
1037 558 56 55 de
1126 542 139 71 vous
1308 527 185 82 donir
1550 531 119 65 avis
1743 512 273 64 monsier

454 676 362 91 lemarquis
900 665 109 90 que
1046 638 116 98 jai
1202 622 175 92 aulé
1416 611 126 105 fret
1624 615 181 93 pouur
1879 589 171 77 votre

1591 711 83 58 aie

437 782 288 87 Compte
780 780 45 76 et
875 772 128 76 celui
1049 768 56 73 de
1186 769 74 51 M^
1401 746 234 76 Cam^e.

1786 717 48 73 de

509 894 244 86 quarante
810 865 321 87 Bariquis
1177 878 53 54 de
1270 854 152 71 surre
1455 832 146 79 brut
1665 813 129 96 sur
1817 811 38 75 le
1880 821 68 62 na

483 1004 33 73 de
546 987 69 81 S^t
656 984 196 84 honore
906 985 61 63 de
988 948 219 88 nantes
1259 934 167 95 cap^e
1508 918 255 88 Roussé
1897 925 4 48 a

495 1091 185 79 raison
774 1078 45 87 de
882 1067 219 98 quinze
1153 1054 232 98 deniers
1437 1027 30 108 le
1505 1013 188 111 faet.
1732 1010 108 99 cenn
1880 1019 103 66 ave

500 1198 120 73 doit
673 1180 237 95 partirs
946 1180 126 72 dans
1098 1162 69 74 les
1206 1135 281 102 primiers
1541 1114 173 102 jours
1743 1122 61 85 de
1861 1102 245 95 Janvier

542 1287 62 74 Je
628 1293 136 60 vous
837 1276 248 62 annoncé
1146 1265 141 49 avec
1350 1237 259 72 plaisir
1701 1218 89 77 que
1819 1211 40 66 la

521 1365 264 95 maladie
838 1363 386 78 epidemique
1281 1347 92 55 sur
1401 1327 70 68 les
1542 1315 202 78 mattes
1824 1312 47 70 en

494 1474 157 74 enfin
725 1468 160 65 cessée
1002 1456 126 67 mais
1172 1452 40 51 il
1244 1445 139 55 vous
1417 1448 55 44 en
1509 1437 4 50 a
1555 1411 166 74 coute
1797 1405 152 69 plus
2005 1408 49 56 de

475 1569 245 81 quarante
790 1555 194 74 miters
1016 1543 89 82 sur
1137 1542 58 67 les
1228 1540 120 71 deux
1396 1528 87 67 h^.
1550 1528 35 58 ce
1627 1508 79 76 qui
1749 1519 120 60 fait
1919 1513 38 51 in

486 1689 42 50 de
570 1685 117 55 ficit
746 1642 380 87 considerable
1213 1634 135 67 dans
1372 1625 67 61 les
1470 1611 140 64 deux
1664 1588 336 83 troupeaux

471 1780 43 62 de
550 1762 132 80 forte
740 1751 112 84 que
923 1745 152 78 pour
1146 1734 83 67 mes
1272 1707 344 72 roulaisons
1680 1707 70 62 je
1785 1691 126 66 suis
1972 1690 1 52 –

520 1851 188 76 obligé
767 1856 49 60 de
890 1815 259 88 Joindre
1217 1822 65 49 les
1318 1792 97 74 deux
1479 1777 236 81 bandes
1793 1775 263 58 jusqu'a

496 1960 21 55 ce
562 1950 89 62 que
727 1926 69 71 je
827 1919 173 79 troue
1095 1918 3 60 a
1162 1883 300 88 remplacer
1530 1883 34 57 ce
1633 1872 152 61 vide

489 2059 31 55 ce
597 2036 71 76 qui
748 2017 102 68 jai
891 2021 123 69 deja
1090 2012 116 68 fais
1260 1992 54 65 en
1375 1970 209 85 partie

539 2125 255 65 Depuis
826 2125 255 42 longtems
1146 2125 55 23 ge
1284 2082 80 74 des
1426 2056 172 85 prive
1636 2052 154 82 devos
1829 2041 195 85 lettre

322 391 10 92 1

542 2217 289 87 etignore
876 2164 439 135 parfaitement
1385 2155 330 91 sivonsaves
1757 2161 140 93 souff
1969 2154 44 83 et
