4242 2673
454 338 107 69 vous
595 335 40 62 et
688 323 47 74 les
775 314 147 88 votres
987 304 62 93 du
1094 300 222 92 troubles
1361 295 222 94 affreux
1655 299 48 71 de
1735 288 42 84 la
1828 283 196 90 france

442 434 136 63 nous
612 439 91 56 n'en
747 431 220 60 sommes
1011 432 131 51 pas
1212 423 310 62 exempts
1557 423 59 51 ice
1696 411 117 65 cette
1879 414 167 59 marne

446 546 166 58 passe
659 542 50 51 au
737 511 100 88 dela
883 509 70 88 des
993 525 220 71 ners.
1260 501 130 83 notre
1431 493 311 82 intendant
1802 503 177 72 vene

445 644 49 55 de
525 618 370 81 sembarque
957 605 413 79 fuctivement
1443 608 146 67 pour
1642 615 198 54 eviters
1903 613 108 53 les

437 723 158 77 suites
653 738 50 58 de
729 718 34 77 la
805 719 195 75 Colere
1085 731 94 53 dun
1253 698 218 86 quartier
1527 697 30 76 de
1592 692 36 70 la
1652 689 288 74 Colone

456 840 142 58 aigri
640 841 264 57 contrelui
993 827 37 61 et
1085 824 89 66 qui
1208 810 134 74 avoit
1381 808 30 72 le
1449 804 225 73 projet
1714 799 60 65 de
1798 795 254 72 lenlevers

472 937 213 63 depuis
740 935 81 62 cette
877 936 204 56 epoque
1159 922 33 63 ce
1246 911 225 72 quartier
1570 913 93 60 qui
1706 901 64 59 est
1829 899 134 61 cele

470 1028 60 67 du
576 1013 106 78 nord
764 1011 141 82 s'est
950 1002 236 86 constitue
1238 1029 48 51 en
1402 1007 201 67 comite
1654 995 307 75 previncial

450 1118 57 72 eet
565 1118 132 76 s'est
760 1122 201 68 empare
1024 1120 18 56 de
1080 1092 641 87 l'administration.
1763 1085 118 82 Jai

454 1213 423 76 l'honneretre
953 1214 198 68 membre
1210 1218 51 54 de
1304 1192 121 82 celui
1478 1187 205 84 etable
1737 1202 187 48 danla

459 1297 180 95 partie
696 1295 45 90 de
773 1293 219 93 l'ouest.
1072 1307 119 67 mais
1232 1283 246 88 jusqu'a
1503 1292 33 66 ce
1592 1277 238 77 moment
1912 1283 85 65 tou

433 1409 26 58 ce
512 1410 79 57 qui
633 1409 32 58 en
739 1392 63 75 est
874 1386 181 74 sorte
1122 1392 2 61 a
1185 1383 203 69 respere
1439 1379 39 68 la
1524 1382 255 61 sagesse
1857 1366 59 67 et
1957 1366 33 68 le

448 1484 325 84 moderation
883 1480 36 72 et
968 1478 127 74 nous
1127 1475 144 67 nous
1308 1476 201 71 somers
1564 1465 267 69 preseres
1893 1473 132 56 ainsi

432 1587 81 72 que
543 1583 28 76 la
609 1577 159 83 partie
842 1575 48 79 du
929 1598 83 57 sud
1068 1580 54 66 de
1154 1569 32 83 la
1230 1566 380 77 contagion.
1657 1588 58 43 enn
1744 1578 262 54 laissant

427 1687 78 68 aux
569 1657 143 96 chefs
777 1663 146 87 toute
963 1657 137 73 teur
1169 1648 249 83 autorite
1502 1669 37 69 et
1616 1642 227 88 Pornant
1892 1663 93 60 noy

411 1762 327 77 foctiens
796 1782 1 41 a
855 1768 134 64 faire
1036 1765 81 66 des
1175 1764 284 59 memoires
1533 1745 38 76 et
1613 1743 92 73 des
1736 1740 279 78 cahiers

434 1867 185 67 pour
678 1850 261 75 solliciter
1030 1855 55 61 de
1111 1842 326 76 l'assemblee
1485 1838 341 79 nationale
1908 1844 97 68 de

425 1952 311 77 meillairs
773 1951 97 69 loix
955 1944 134 71 pour
1120 1941 28 65 la
1184 1936 285 75 Colonie:
1526 1933 124 74 mais
1692 1929 49 75 je
1772 1933 188 55 crans

438 2054 73 62 que
541 2039 61 79 les
644 2035 110 88 tetes
815 2052 55 67 ne
918 2032 341 84 fermentene
1350 2046 37 71 et
1448 2035 79 82 que
1568 2028 93 87 celle
1716 2025 340 86 independent

425 2157 51 88 ni
507 2157 241 75 devienne
837 2148 323 94 generale.
1223 2156 26 77 il
1325 2166 0 70 y
1369 2166 0 59 a
1432 2166 51 46 eu
1546 2156 178 78 dans
1774 2144 260 90 quelqus

2355 307 248 77 quartiers
2643 317 38 49 de
2714 298 28 68 la
2786 299 224 62 Colonie
3066 288 82 63 des
3191 258 254 81 proscrits
3503 253 35 64 et
3585 247 87 69 des
3704 239 131 77 tetes
3884 235 242 67 coupee.

2359 445 142 54 nous
2556 416 223 74 somers
2842 395 254 73 pessaces
3153 390 120 56 dene
3311 368 139 67 plus
3485 360 151 54 grand
3715 330 295 72 macheur

2344 548 51 73 la
2434 539 203 69 souite
2713 537 87 55 des
2843 485 447 86 philantropes
3363 479 136 65 nous
3532 451 218 69 declare
3822 435 113 61 une

2375 636 168 69 gieerne
2626 601 302 92 ouveste.
2958 593 52 73 on
3057 592 174 66 pretud
3313 562 143 66 quils
3492 539 271 81 envoient
3837 529 183 58 des

2379 725 183 81 agens
2606 715 41 73 et
2688 712 76 68 des
2800 694 189 73 armes
3045 664 299 86 pourfaire
3391 653 93 70 sor
3512 632 127 68 lever
3675 625 85 65 les
3802 621 65 62 ne
3958 617 69 56 res

2387 850 55 55 ou
2474 842 66 65 se
2581 805 255 92 propose
2906 796 62 55 de
3035 765 270 77 martiser
3378 756 92 62 ceux
3531 733 108 58 qui
3685 712 269 78 viendron

2375 947 66 58 ice
2510 916 115 69 avec
2656 916 63 45 de
2763 882 226 74 pareels
3022 843 238 93 projets
3329 832 35 66 et
3410 823 76 74 les
3549 806 237 73 mesures
3822 790 120 59 son

2383 1014 188 71 prises
2620 1001 119 60 pour
2759 989 65 55 les
2859 934 378 101 decouvier.
3285 932 84 60 cete
3443 902 179 88 motion
3700 898 6 70 a
3737 888 79 74 ete
3857 873 190 87 aqetee

2381 1117 1 53 a
2428 1084 294 91 l'assemble
2798 1044 311 103 nationale
3164 1033 56 81 et
3261 1006 119 101 fait
3410 1000 30 92 le
3460 996 134 84 plus
3623 981 147 75 grand
3860 963 127 74 mee

2388 1208 128 71 puis
2547 1194 108 71 qu'il
2723 1191 5 48 y
2770 1188 5 50 a
2827 1160 233 75 dejarit
3129 1119 245 86 quelques
3411 1094 146 67 soule
3583 1072 180 75 vemers
3820 1050 218 69 partiel

2400 1290 159 63 dans
2601 1263 212 81 quelques
2845 1230 228 81 atteliens
3131 1217 48 70 et
3234 1205 80 78 que
3338 1181 83 87 les
3442 1149 288 118 chessont
3771 1147 89 85 ete
3902 1141 173 71 livres

2393 1387 22 68 ae
2444 1370 29 82 la
2539 1346 292 98 Justice;
2874 1297 364 106 nouscourons
3257 1284 65 79 les
3348 1269 120 90 plus
3501 1253 195 82 grands
3745 1232 258 81 resques

2405 1495 50 47 si
2519 1465 85 71 cette
2672 1431 162 97 mation
2905 1405 135 97 nn'est
3080 1403 122 71 pas
3241 1376 242 86 aeliree;
3517 1354 40 66 il
3588 1345 63 68 est
3699 1348 4 56 a
3740 1294 293 106 craindee

2425 1564 88 71 que
2531 1558 31 67 la
2604 1517 182 101 france
2872 1524 58 54 ne
2953 1486 150 88 perce
3178 1471 118 79 cette
3329 1413 361 108 Colonie.
3717 1404 98 92 Jai
3842 1419 65 63 ou
3943 1409 77 61 ave

2406 1645 167 71 peine
2628 1608 123 87 dans
2773 1587 187 91 latiste
3024 1581 54 73 de
3103 1586 71 49 ces
3217 1545 370 83 entousiastes
3660 1522 70 64 uis
3785 1493 243 89 quelqu'un

2396 1742 68 62 de
2489 1708 154 82 votre
2702 1684 205 88 nom.

2591 1789 33 82 de
2668 1807 119 61 suis
2830 1788 109 64 avec
2998 1729 267 117 Respect
3429 1701 279 130 Vatretres
3732 1712 201 95 humbe
3978 1700 157 84 cttres

2485 1978 252 81 Monsier
2765 1965 34 77 le
2866 1944 230 88 marquis

3472 1840 292 84 obeisant
3807 1828 281 79 senviteur

3563 1908 456 129 Rovencher
