4353 2720
427 339 175 93 pereit
650 333 105 88 par
771 329 36 63 le
848 306 248 82 ministre
1194 311 68 56 qui
1297 305 4 64 a
1355 270 362 106 gauchement
1772 261 195 97 obmie

395 451 60 64 de
487 430 275 88 presenter
793 428 160 67 l'ordre
993 433 43 54 du
1075 416 121 64 Roy
1275 410 86 58 que
1392 406 33 39 la
1479 373 306 68 convoque

409 547 103 57 ainsi
547 543 31 57 il
607 518 55 90 est
712 516 6 87 a
748 510 258 91 presenmen
1145 503 64 75 que
1228 489 29 68 la
1276 478 214 75 Colonie
1528 455 382 74 d'assemblera

403 640 85 61 non
536 643 44 47 en
603 608 353 86 consequencee
1032 594 67 73 des
1131 598 152 59 ordres
1331 596 50 53 du
1434 562 254 76 ministre.
1748 561 141 66 mais
1928 553 115 69 par

395 738 51 83 sa
479 729 196 88 propre
720 697 212 78 valonle
1032 693 41 81 et
1129 685 145 83 qu'elle
1346 681 5 73 y
1388 653 252 91 decretent
1673 643 66 85 les
1777 640 101 88 loix
1951 647 83 80 que

422 786 331 96 comiennent
840 793 4 68 a
885 779 56 70 sa
975 758 441 91 constitution.
1446 737 111 86 c'est
1604 732 111 79 dans
1746 744 134 57 ces

427 882 322 97 cironstances
818 869 174 84 qu'ent
1045 865 156 70 arrive
1243 858 97 65 m^r
1382 845 45 69 de
1457 842 51 60 S^r
1552 822 223 73 germain
1882 802 61 78 se

425 971 167 94 disant
663 964 187 88 charge
898 966 131 71 d'uune
1072 930 214 102 mission
1369 913 334 97 iimportante
1758 920 109 72 pou
1923 892 57 80 la

415 1070 322 77 Colonie:
791 1055 213 71 quoique
1056 1045 156 63 avoue
1277 1030 118 66 par
1446 1020 254 74 plusieurs
1738 1003 205 66 colons

453 1145 119 76 dont
619 1136 31 77 il
680 1126 130 84 etoit
853 1110 206 86 portenir
1126 1104 57 68 de
1210 1095 181 83 latres
1466 1095 32 63 il
1542 1082 63 79 est
1655 1084 51 72 de
1739 1092 138 64 venu

448 1222 219 88 suspeut
717 1225 2 71 a
763 1221 107 71 lont
911 1206 240 75 temonde
1226 1185 45 72 et
1341 1181 227 76 regarde
1607 1169 168 69 conner
1813 1145 215 73 l'agant

462 1310 418 80 duministre;
923 1306 45 55 en
995 1292 317 72 consequence
1391 1276 55 63 on
1489 1277 4 53 a
1535 1274 147 52 saisi
1731 1272 80 56 ses
1845 1248 249 78 papiers

454 1399 26 70 il
527 1411 3 54 a
577 1389 63 72 ete
704 1388 208 65 mande
959 1364 208 78 devant
1218 1340 293 87 l'assemble
1580 1345 79 57 des
1695 1324 285 74 electeurs

460 1495 42 57 et
543 1473 48 75 la
648 1478 65 65 on
754 1472 296 63 aentendu
1108 1439 74 76 son
1272 1419 281 90 rapport.
1590 1415 35 79 il
1667 1418 2 62 a
1706 1408 69 72 ete
1817 1415 102 65 deci
1972 1414 63 57 de

454 1580 101 60 quil
597 1542 148 84 seroit
805 1536 162 91 detennu
1022 1538 140 67 abord
1219 1533 126 62 d'un
1386 1485 221 103 fegate,
1633 1487 84 90 du
1753 1470 147 99 Roy

441 1650 202 76 jusqu'a
676 1648 31 64 ce
736 1638 89 72 qe
896 1631 41 75 14
1003 1611 302 77 comisanes
1356 1600 232 68 nonnes
1649 1578 446 72 eussentfais

447 1724 304 77 l'exonsien
815 1719 51 66 de
912 1718 81 58 ses
1029 1701 324 65 papiers.
1390 1699 31 43 ce
1463 1675 80 67 qui
1593 1664 164 74 aiant
1798 1660 76 73 ete
1935 1661 143 57 fais

465 1821 40 55 et
540 1796 228 78 naiant
831 1790 181 68 trouve
1052 1770 173 73 contre
1276 1769 83 63 lui
1410 1769 205 57 aucune
1682 1747 222 72 charge
1944 1734 34 67 il
2013 1738 2 61 a

439 1908 64 56 ete
546 1905 148 58 andu
738 1904 4 48 a
771 1879 73 67 lui
898 1868 198 71 meme.
1147 1862 139 68 mais
1318 1865 99 53 non
1472 1846 53 68 de
1549 1836 180 75 charge
1774 1834 52 56 de
1861 1819 52 62 la

448 1978 265 72 suspicion
820 1973 147 67 qu'on
1031 1972 4 46 a
1100 1947 170 72 delui
1370 1916 398 73 commeeaiant
1811 1903 191 71 anste

445 2069 132 56 sans
624 2063 126 69 avoir
835 2017 302 98 aucuntitre
1188 2026 159 77 pour
1406 2015 90 68 cela
1573 2014 91 60 aux
1734 1965 332 108 differentes

467 2125 282 82 assembles
793 2121 170 78 tenues
1011 2122 4 67 a
1050 2105 182 81 l'hotel
1293 2114 60 62 de
1413 2094 284 76 massiae
1777 2105 41 47 et
1875 2097 70 56 que
1971 2079 71 59 l'on

450 2232 119 84 croit
638 2224 56 71 ici
755 2211 114 81 etre
913 2205 256 91 dirrigers
1242 2197 106 90 par
1367 2191 36 76 le
1478 2177 307 91 minstre

2481 293 35 66 le
2532 262 250 90 xomite
2835 258 49 94 de
2911 261 43 89 la
2981 249 181 98 partie
3217 265 46 63 de
3298 238 187 84 l'oust
3546 242 39 63 et
3635 253 58 52 du
3737 249 102 56 sud
3927 239 102 53 non

2536 375 250 75 Jusqu'a
2814 364 195 77 present
3054 352 103 75 fais
3202 345 97 77 que
3361 346 85 60 des
3492 326 123 75 actes
3657 324 45 70 de
3739 322 220 66 sergesse
4039 316 35 58 ce

2529 475 58 68 de
2649 448 381 87 moderation:
3077 445 135 74 mais
3248 439 123 60 celui
3413 442 48 53 du
3482 419 99 77 Cap
3668 415 3 68 a
3714 415 77 71 ete
3829 409 126 72 plus
3992 404 82 60 lon

2521 575 30 65 il
2595 570 3 64 a
2649 542 273 93 meconnu
2952 525 273 97 s'autorite
3302 519 92 79 des
3431 517 186 83 chrefs
3677 511 41 67 de
3752 503 34 80 la
3830 489 196 98 Justice

2537 678 0 58 a
2598 668 93 62 crue
2746 645 298 82 unConsel
3145 642 3 74 A

3412 599 1 52 d
3518 580 78 80 Ce
3649 569 42 90 et
3741 583 209 71 Jecrains
3992 557 103 81 bien

2528 762 75 68 que
2620 741 167 85 biente
2880 728 31 78 le
2945 716 203 83 sistime
3204 715 47 63 ne
3281 719 101 56 soit
3503 683 218 84 general

2525 854 21 57 ce
2586 838 70 66 qui
2695 832 3 65 a
2726 814 157 83 porte
2909 811 35 73 la
2982 799 208 84 Colonie
3258 800 4 56 a
3308 800 23 61 ce
3363 767 170 94 parti
3588 765 6 73 a
3637 756 79 86 ete
3754 753 42 80 la
3848 732 205 90 cinte
4099 736 64 72 de

2528 929 111 63 voirs
2716 912 184 71 passer
2928 905 43 66 la
3023 899 160 65 motion
3260 886 79 56 sur
3363 870 51 62 les
3445 852 222 80 noirs;
3693 850 58 68 on
3798 852 4 50 a
3854 837 85 66 ete
3979 815 249 76 visement

2533 1013 208 77 aclanne
2782 1016 48 50 ice
2886 993 54 78 de
2957 995 39 66 la
3036 976 230 73 dochine
3312 976 75 51 des
3427 933 447 90 phitantropes
3951 925 82 48 qui
4086 917 1 51 a

2536 1099 66 73 ete
2623 1089 72 73 sur
2717 1089 35 64 le
2791 1089 138 61 point
3004 1043 448 97 d'occationnles
3495 1025 150 70 plus
3693 1015 211 75 grands
3953 989 272 73 malheurs

2562 1198 123 68 mais
2733 1181 122 63 nous
2879 1146 197 93 somme
3108 1126 91 82 fort
3245 1089 400 116 tanquilles
3686 1097 59 65 de
3799 1076 179 75 sujet
4065 1062 48 68 et

2547 1289 126 60 nous
2697 1255 209 72 orvions
2984 1259 5 48 y
3031 1232 146 69 avoir
3252 1207 172 64 abrie
3475 1190 109 74 par
3606 1183 61 64 les
3697 1154 361 86 precaution

2552 1359 201 72 prises
2811 1333 49 76 de
2885 1307 209 89 visiters
3145 1291 124 78 tous
3294 1283 54 74 les
3395 1276 250 70 papien,
3706 1236 185 78 malles
3955 1233 47 66 de

2536 1442 195 66 caisses
2770 1424 48 67 de
2843 1413 125 78 tous
2991 1415 61 46 les
3094 1382 247 77 arrivans
3376 1376 51 66 de
3467 1333 277 104 france;
3797 1326 46 79 et
3897 1323 76 68 sis
4016 1320 132 68 nous

2526 1510 173 97 comte
2736 1493 132 97 sous
2892 1496 41 82 sa
2988 1483 160 78 mand
3178 1463 56 85 un
3280 1461 73 72 des
3382 1437 234 94 apotres
3644 1418 62 77 de
3728 1411 109 78 cette
3899 1389 255 87 doctrine

2544 1622 142 63 nous
2716 1600 84 76 tes
2842 1597 171 57 ferons
3071 1588 51 56 un
3180 1551 246 82 mauvais
3482 1507 216 97 parti
3797 1494 114 80 c'est
3968 1488 46 69 la

2556 1685 199 75 seusion
2863 1636 288 105 generale.
3205 1635 34 66 ce
3282 1640 63 65 que
3365 1617 253 69 larvons
3654 1597 6 74 a
3700 1573 179 91 debite
3956 1567 6 87 d

2557 1763 190 84 cevatte
2818 1744 299 84 commences
3158 1722 52 74 de
3233 1722 47 72 la
3309 1702 127 87 part
3488 1683 87 83 des
3609 1675 151 88 noirs
3814 1663 85 74 est
3966 1664 159 71 faux

2562 1865 202 68 onera
2806 1855 100 50 bien
2992 1817 151 86 arete
3197 1788 370 99 quelqueseus
3620 1775 208 64 accuses
3875 1757 207 69 d'avoir

2550 1942 103 77 tenu
2746 1926 210 82 quelque
3013 1908 228 77 proprs
3289 1905 67 55 de
3386 1882 177 75 delieux
3644 1861 38 67 et
3719 1826 438 98 inandiaire.

2568 2043 146 73 mais
2772 2020 93 85 cete
2910 1984 302 110 precautio
3341 1971 49 69 en
3427 1978 3 52 a
3500 1942 241 90 iimpose
3802 1931 44 86 et
3888 1926 31 94 il
3968 1930 57 86 ny
4074 1934 3 70 a
4206 1926 3 61 u

2436 2134 185 72 aucur
2714 2093 354 98 soulegement

2581 2218 144 59 vous
2758 2201 104 60 avez
2946 2180 65 61 cy
3059 2163 139 74 joint
3322 2127 248 97 monsier
3602 2124 33 73 le
3687 2101 307 93 marquis

2577 2280 360 111 farturede
3030 2240 285 127 qualante
3388 2227 367 84 Bariques
3796 2227 35 56 au
3864 2196 274 111 surrebrait
