3057 2400
1918 69 0 32 a
1963 61 69 51 Paris
2053 66 18 44 le
2171 65 80 49 1764.

2021 133 98 59 Projet
2144 133 56 60 d'une
2220 134 63 58 lettre
2325 152 0 35 a
2355 150 42 46 M^rs
2423 138 190 59 Provenchere.

1824 251 73 61 D'an
1916 254 72 70 nesey,
1999 273 113 56 Monsieur
2143 278 19 46 les
2179 272 112 62 disserentes
2318 281 65 55 lettres
2405 288 29 48 que
2461 292 42 43 vous
2530 297 15 41 ne
2562 299 47 44 arés
2627 294 74 56 ecrites,
2724 295 42 55 sous
2788 299 24 48 les
2830 289 60 65 duttes
2907 290 16 63 cy

1814 325 65 42 après,
1898 336 30 31 uue
1947 329 18 39 du
1984 333 26 36 1^er
2041 335 60 47 May,
2121 334 28 44 une
2171 336 20 51 du
2217 344 16 41 23
2263 341 46 53 may,
2331 345 28 51 uue
2377 344 16 53 du
2411 349 16 49 24
2457 349 43 52 May

1549 382 0 35 #
1582 373 49 47 dans
1651 382 8 39 le
1679 382 94 43 couvant
1807 384 59 54 d'ay
1886 398 53 46 neçer
1979 388 102 55 Monsieur
2110 399 57 50 toutes
2186 394 23 55 les
2223 395 115 59 disserantes
2357 404 63 57 lettres
2439 417 30 38 que
2492 410 38 43 vous
2561 409 71 53 m'avés
2645 411 60 56 ecviles
2728 416 38 50 sous
2777 428 21 38 les
2809 430 46 46 duttes
2869 432 18 45 cy
2910 434 51 46 aprés

1806 443 25 45 une
1855 440 15 47 du
1898 444 14 44 28
1944 446 71 50 avril
2039 449 76 48 1764.
2138 453 48 42 mois
2205 451 20 46 du
2251 456 45 44 Mois
2311 454 17 47 de
2350 458 55 46 May,
2421 461 59 45 Lussi
2499 460 13 48 de
2527 462 45 48 cette
2595 465 72 48 Année
2690 465 48 51 d'ont
2754 469 62 50 d'une
2836 475 18 45 du
2878 478 86 46 premier

1798 495 77 49 l'autre
1901 494 18 51 du
1941 499 19 48 23
1989 500 11 49 et
2022 499 86 50 l'autre
2128 501 20 46 du
2165 502 35 50 25.
2220 504 57 50 enfin
2297 510 28 39 etr
2367 508 2 41 d
2451 522 47 36 vous
2528 522 100 48 m'accusé
2650 524 37 47 par
2705 528 44 43 celle
2771 525 15 47 du
2801 527 22 45 28
2849 532 14 41 me
2889 526 63 48 Avril

1799 547 17 45 la
1838 546 106 52 reception
1972 549 14 41 de
2001 554 38 42 celle
2064 557 32 45 que
2114 552 14 47 je
2156 556 37 46 vous
2208 554 73 50 ecrirés
2301 558 87 52 l'année
2410 561 98 55 derniere
2534 568 157 48 d'Augoulême
2722 578 15 44 en
2754 581 40 40 datte
2818 581 22 45 du
2857 579 18 46 28
2903 576 71 46 8^bre,

1809 601 49 39 vous
1893 606 28 46 my
1948 598 116 52 promotés
2087 603 19 53 de
2142 608 18 46 me
2192 604 69 58 mettre
2285 606 18 59 au
2322 607 45 53 fait
2402 622 49 42 selon
2481 623 20 46 ma
2523 614 57 55 desirs
2600 629 22 41 des
2638 629 47 41 biens
2701 625 14 45 de
2735 620 22 51 S^t
2777 625 114 56 Domingue
2915 630 31 50 que

1802 646 47 51 vous
1865 653 58 46 gerés
1948 657 20 46 au
1989 656 43 49 nom
2052 654 25 51 des
2093 656 103 53 heritiers
2220 659 14 49 de
2254 660 36 51 feu
2318 662 35 47 M^r
2381 664 95 54 Sougeu,
2493 674 13 42 et
2527 677 12 38 de
2564 675 39 44 m'en
2620 672 73 54 donner
2721 687 31 35 une
2770 680 154 54 connoissance

1796 709 122 51 parfaicte,
1941 710 22 47 les
1982 711 80 55 details
2089 718 34 49 que
2154 722 39 37 vous
2221 721 21 42 me
2263 716 63 55 faites
2343 720 47 51 pour
2422 729 21 45 me
2464 728 14 45 la
2503 725 53 46 faire
2587 734 118 44 acquerir,
2724 726 38 54 sont
2788 730 38 46 tres
2845 733 35 42 bien
2902 726 69 47 rendus

1797 762 1 46 e
1832 766 35 53 tres
1888 774 91 50 propues
1996 778 9 40 à
2023 768 100 59 remplir
2160 769 33 58 mes
2212 771 55 58 vües,
2286 789 72 44 quand
2382 791 49 40 vous
2447 792 2 41 y
2468 793 58 45 aurés
2538 788 57 51 joint
2625 787 9 48 le
2664 782 61 58 Plun
2746 784 118 63 figuratil
2885 787 31 62 que
2933 788 14 59 je

1798 826 45 48 vous
1865 827 15 49 ay
1903 825 117 54 demande,
2040 828 13 55 et
2077 834 36 48 que
2137 842 47 36 vous
2212 844 20 42 me
2261 842 124 51 promettés
2407 840 42 56 par
2474 844 61 53 vottre
2557 845 69 49 lettre,
2639 848 17 45 de
2679 849 22 51 me
2716 850 60 56 faine
2807 858 69 46 passer
2905 861 49 46 aussi

1789 869 25 50 sol
1839 877 67 44 qu'ils
1930 875 71 44 serant
2025 880 67 51 tirés.
2117 888 127 50 permettes
2265 898 32 40 que
2315 900 16 38 je
2356 901 43 39 vous
2421 894 59 54 fasse
2505 904 31 40 une
2558 904 137 48 observation
2733 906 20 51 au
2775 909 50 51 sujet
2847 914 12 43 de
2882 914 109 51 l'habitate

1792 926 43 46 dille
1861 929 26 44 des
1918 933 114 44 Vavreux,
2047 935 16 45 il
2089 943 3 43 y
2115 944 64 46 avoit
2211 947 16 40 se
2238 944 32 52 lon
2293 949 154 53 l'inventaire
2476 946 40 55 fait
2545 957 1 43 a
2570 954 15 52 la
2618 959 53 49 mont
2693 956 13 50 de
2741 962 108 54 Monsieur
2875 961 108 59 fougeu,

1791 985 79 53 tueile
1898 994 63 43 pieces
1982 990 17 52 de
2020 993 97 53 Cannes
2142 1000 32 44 sur
2199 998 70 54 laditte
2298 1002 127 47 habitation
2457 1016 32 42 qui
2511 1016 1 42 y
2530 1009 43 49 sont
2591 1012 61 46 toutes
2671 1013 17 45 de
2701 1015 100 54 nomées,
2815 1023 51 44 d'ont
2891 1029 28 43 une
2933 1029 43 47 ditte

1792 1039 19 51 la
1840 1047 50 45 piece
1926 1043 16 51 de
1964 1044 16 47 la
2005 1046 83 54 grande
2132 1048 87 56 Raque
2239 1059 17 42 de
2273 1058 17 45 la
2314 1059 77 50 grande
2419 1061 114 55 Riviere,
2553 1071 31 46 qui
2606 1069 53 49 etoit
2684 1071 91 52 plantée
2804 1077 19 45 en
2852 1075 95 53 Putates

1806 1100 58 47 vous
1890 1100 20 47 me
1931 1100 43 49 dites
1999 1101 67 51 avoir
2090 1104 71 55 depuis
2185 1106 44 50 fait
2254 1113 55 53 trois
2326 1114 71 54 pieces
2414 1115 17 46 de
2452 1117 44 50 deux
2531 1122 29 56 qui
2577 1124 79 56 etoient
2683 1128 52 57 trop
2759 1132 101 54 grandes,
2873 1140 14 50 et
2900 1143 82 47 cependu

1801 1162 49 43 vous
1871 1156 18 47 ne
1914 1164 21 48 me
1953 1161 75 49 parlés
2049 1168 37 48 que
2108 1167 13 43 de
2142 1165 68 55 treize
2239 1170 63 48 pieces
2325 1171 71 48 tandis
2417 1177 29 50 que
2472 1174 63 52 vottre
2553 1176 152 59 opperation,
2720 1189 16 47 en
2762 1188 75 51 aunoit
2859 1185 17 55 du
2894 1188 67 53 pouter

1797 1215 12 38 ce
1837 1212 96 43 nombre
1965 1219 0 37 a
1994 1217 141 52 quatorze,
2157 1229 2 39 a
2185 1227 54 49 moins
2260 1226 35 51 que
2316 1226 15 52 la
2360 1231 56 50 piece
2438 1228 17 49 de
2470 1230 17 49 la
2510 1233 85 51 grande
2622 1230 85 58 Reque
2734 1237 17 47 de
2766 1234 18 56 la
2799 1236 113 56 grande–

1802 1264 124 51 Riviere,
1953 1273 17 45 ne
1995 1270 40 50 soit
2056 1276 60 49 restée
2150 1278 104 50 plantée
2280 1287 16 41 en
2329 1282 112 51 Patates,
2455 1286 16 49 et
2493 1293 47 48 n'ait
2569 1295 39 49 pas
2626 1292 35 49 êté
2687 1294 77 55 nemise
2788 1306 18 44 en
2826 1300 94 52 bannes
2937 1307 2 46 –

1834 1317 1 45 e
1862 1324 48 45 vous
1932 1327 45 44 prie
2007 1326 13 41 de
2046 1324 132 54 m'eclaircir
2203 1333 25 49 cet
2251 1334 83 52 Article
2361 1336 14 49 de
2400 1341 61 43 vottre
2479 1341 77 52 lettre,
2569 1344 19 46 et
2604 1345 20 53 au
2643 1351 31 51 cus
2691 1359 34 44 que
2742 1360 18 44 la
2777 1360 57 46 piece
2864 1356 85 52 susditte

1803 1383 49 45 n'ait
1877 1385 35 42 pas
1930 1378 32 47 é̂té
1983 1382 79 48 remise
2084 1390 17 38 en
2123 1386 87 50 Connes
2229 1393 16 40 de
2272 1398 16 37 me
2318 1393 79 51 mander
2424 1397 23 52 les
2459 1400 83 51 raisons
2565 1404 136 52 pourquoy.

1829 1426 47 48 vous
1897 1440 48 34 avés
1966 1434 74 42 raison
2068 1434 101 54 d'estimer
2194 1440 112 52 tousjours
2323 1449 10 43 le
2353 1455 90 42 revenû
2463 1458 83 46 annuel
2570 1456 28 47 des
2616 1457 141 56 habitations
2779 1474 1 38 a
2814 1466 58 50 moins
2892 1472 33 48 que
2942 1475 44 47 plus

1796 1485 73 47 parce
1895 1485 50 48 qu'il
1971 1485 50 48 vans
2051 1488 120 50 tousjours
2199 1501 59 37 mieux
2294 1500 59 47 avoir
2381 1508 48 48 plus
2449 1508 60 50 qu'on
2533 1513 18 42 ne
2575 1516 91 47 compte
2694 1514 20 55 ou
2744 1521 54 49 monte
2830 1526 17 48 sa
2868 1524 105 53 deppence

1797 1539 27 45 sur
1860 1537 12 42 le
1903 1540 67 46 moins,
1994 1544 15 49 au
2045 1546 68 49 moyen
2134 1548 18 47 de
2165 1546 54 51 quoy
2237 1549 22 50 on
2283 1553 15 47 ne
2322 1554 15 49 se
2350 1556 86 49 trouve
2456 1557 58 53 point
2548 1563 103 54 arrieré,
2666 1571 17 48 et
2702 1576 1 43 a
2729 1577 37 42 voir
2800 1579 84 46 mangé
2902 1580 33 44 son

1801 1588 101 46 nevenû
1931 1597 0 38 a
1956 1584 131 52 lavance.

1835 1630 97 44 s'avois
1955 1631 39 50 deju
2029 1634 77 54 appris
2125 1638 40 48 par
2190 1634 103 50 Madame
2322 1639 17 48 La
2372 1638 130 55 Marechale
2527 1645 16 49 et
2566 1648 35 47 par
2636 1649 19 49 ma
2686 1644 78 54 femme
2794 1653 28 45 que
2849 1646 143 52 l'habitation

1796 1685 23 44 des
1851 1684 83 45 sources
1957 1683 48 46 doit
2032 1683 16 46 la
2079 1682 96 59 moindre
2201 1689 25 50 des
2244 1688 61 49 deux,
2319 1689 49 56 tant
2394 1698 41 50 par
2457 1694 18 52 sa
2500 1693 93 60 petitesse
2626 1696 34 58 que
2686 1709 64 47 parce
2772 1713 33 44 que
2827 1707 18 53 la
2867 1711 64 48 terre
2962 1717 1 37 –

1796 1743 17 42 on
1834 1741 26 51 est
1885 1737 47 54 sont
1962 1736 64 57 vlée,
2048 1747 0 48 y
2073 1747 73 51 ayant
2167 1742 103 60 longtems
2294 1749 71 54 qu'elle
2388 1748 24 47 est
2431 1748 15 47 en
2474 1750 83 60 valeur,
2572 1758 19 51 et
2610 1760 75 53 qu'elle
2704 1764 18 48 ne
2738 1761 96 56 produit
2862 1767 41 51 qu'a
2926 1765 52 49 force

1799 1800 11 42 de
1841 1794 113 48 culture,
1977 1811 50 30 mais
2047 1802 42 44 elles
2124 1805 62 47 m'ont
2209 1801 47 56 aussi
2271 1802 24 54 dit
2322 1804 66 49 qu'elle
2415 1808 85 49 faisoit
2526 1812 14 50 de
2565 1810 48 48 plus
2627 1809 56 46 beau
2708 1813 56 53 sacre
2790 1822 33 45 que
2848 1820 87 49 l'autre
2968 1831 2 39 –

1798 1860 46 37 vous
1863 1854 57 51 devés
1942 1851 42 55 donc
2011 1859 72 47 porter
2110 1857 45 47 tous
2178 1855 27 52 vos
2228 1853 45 53 soins
2300 1861 0 43 a
2323 1855 38 52 bien
2391 1854 65 56 faire
2486 1856 130 46 travailler
2641 1859 44 52 celle
2710 1858 108 56 derniere,
2839 1866 51 48 sans

1799 1909 131 52 cependant
1967 1910 98 52 negliger
2091 1913 15 48 la
2136 1913 138 49 premiere,
2289 1921 15 35 et
2327 1921 44 40 nous
2386 1919 15 44 en
2424 1912 56 49 saire
2499 1917 52 45 tirer
2581 1913 11 47 le
2607 1913 45 52 plus
2667 1913 15 41 de
2701 1914 78 52 nevenu
2798 1913 101 50 possible,
2918 1913 63 52 ayant

1802 1964 102 50 attention
1940 1966 14 38 de
1979 1967 17 47 ne
2018 1969 39 42 pas
2074 1961 50 53 finir
2152 1966 60 45 desser
2241 1961 14 45 la
2276 1961 71 49 cerre,
2365 1961 17 46 en
2407 1961 21 51 l'a
2453 1961 89 50 sorçont
2567 1961 46 50 dans
2637 1967 29 47 son
2694 1964 103 49 neppout.
2818 1961 21 49 Il
2864 1961 57 48 sant
2952 1964 0 42 –

1801 2023 71 41 fumer
1900 2021 7 45 le
1925 2019 46 49 plus
1999 2022 32 45 que
2059 2025 39 43 vous
2123 2024 99 41 pournés,
2236 2016 14 49 la
2268 2017 89 46 bouner,
2371 2014 53 51 enfin
2452 2018 60 46 faire
2541 2013 46 46 tout
2601 2016 14 44 ce
2636 2018 32 43 que
2689 2012 50 50 vous
2753 2014 85 44 jugerés
2859 2018 18 38 ne
2891 2011 85 49 cessuine

1796 2074 48 50 pour
1872 2069 148 55 l'ametione,
2044 2073 48 41 sans
2112 2071 12 43 la
2144 2068 120 46 detraire.
2296 2069 44 53 Vous
2372 2073 21 48 me
2429 2070 120 55 marqués
2573 2077 32 48 que
2633 2069 48 52 vous
2701 2069 88 53 nenious
2809 2066 72 56 servés
2901 2070 56 51 point

1792 2130 17 52 de
1828 2131 17 50 la
1872 2125 118 55 Charrüe
2021 2125 53 52 dans
2097 2130 29 51 vos
2150 2125 104 55 labours,
2274 2133 12 43 si
2306 2127 40 48 c'est
2370 2126 13 52 la
2415 2122 108 51 meilleure
2559 2124 68 51 Jaçon
2667 2122 16 52 de
2703 2121 16 59 ne
2743 2121 32 59 s'en
2792 2130 64 47 point
2884 2121 68 55 servis

1794 2193 50 49 vous
1864 2182 66 60 saites
1945 2181 66 55 bien,
2027 2181 127 58 cependant
2178 2182 50 52 j'ay
2251 2189 25 42 vû
2304 2184 25 43 des
2353 2177 115 47 habitants
2497 2177 16 47 de
2533 2177 17 47 S^t
2590 2177 127 59 Domingue
2754 2188 32 45 qui
2819 2177 57 53 m'ont
2896 2179 25 52 dit
2945 2184 33 49 que

2911 2229 11 36 le

1550 413 15 38 de
1591 413 79 41 Suillet
1692 414 12 41 de
1723 414 38 43 cette

1553 444 87 50 Annes.

1605 578 83 52 GGERTEE

1590 621 27 35 pte
1626 618 91 45 Crioxcenée

1632 658 57 50 RrE
