1590 2387
285 95 15 44 et
327 93 20 44 des
366 92 116 53 negrillons
505 96 12 46 et
540 92 101 56 negretes
671 95 17 54 qu
717 95 2 52 a
741 97 33 53 qui
800 100 59 53 l'age
897 105 54 51 aura
977 106 99 50 permis
1093 109 16 45 de
1132 107 74 46 passer
1232 108 26 45 au
1275 108 91 47 travail
1395 110 52 55 ainsi
1469 120 33 43 que

284 141 18 49 la
336 141 66 51 Classe
441 148 17 43 ou
479 146 21 46 ils
524 145 76 47 seront
621 145 77 48 entrés,
725 150 53 45 vous
807 150 20 47 me
856 151 77 49 mettrés
960 154 2 44 a
995 152 67 52 même
1099 159 15 47 de
1130 156 112 52 tousjours
1262 161 119 51 connoitre
1397 161 15 47 la
1439 165 63 49 force

289 198 24 49 des
340 193 163 52 hbitutions,
518 201 16 38 et
557 193 62 53 d'etre
642 205 24 45 au
689 195 39 54 fait
755 202 15 38 de
790 201 38 39 leur
859 196 152 55 composition
1046 203 15 40 en
1088 200 89 49 negres.

313 240 19 45 Je
362 249 45 42 vous
426 241 48 45 prie
508 242 15 47 de
556 244 86 49 vouloir
680 246 38 51 bien
757 250 126 51 m'envoyer
911 255 20 44 ces
955 251 152 54 differantes
1142 255 66 51 nottes
1232 268 24 43 au
1277 262 88 49 plustôt
1393 265 87 53 possible

287 286 16 44 et
327 286 14 49 de
372 295 47 44 vous
439 289 141 57 conformer
611 299 54 47 pour
682 303 17 43 ce
731 303 34 43 aux
794 305 113 50 exemples
932 313 35 41 que
985 309 17 44 je
1030 311 45 42 vous
1097 313 16 45 en
1134 311 95 52 donne,
1254 315 54 53 ainsi
1328 320 61 46 qu'au
1414 323 72 49 dotail

288 341 95 48 Annuel
409 343 33 50 que
464 344 15 48 je
508 343 48 47 vous
574 345 110 48 demande
721 355 15 39 en
754 348 70 48 suite.

312 383 34 50 Be
383 389 45 44 vous
454 386 61 47 serai
544 397 15 36 en
585 392 68 47 outre
677 398 42 44 bien
756 393 76 52 obligé
857 397 15 45 de
898 399 45 49 m'en
965 404 57 43 voyer
1051 404 23 42 vu
1095 400 77 51 double
1208 401 16 49 de
1237 404 46 51 tous
1297 410 24 46 les
1335 404 109 54 differaens
1458 409 76 47 details

298 445 28 44 que
361 442 47 43 vous
429 442 106 47 donnerés
567 452 0 43 a
599 447 117 47 Monsieur
751 446 11 45 le
790 450 128 47 Marechal
946 458 21 39 au
996 452 54 50 sujet
1072 453 17 48 de
1108 453 12 53 ce
1143 466 31 40 qui
1200 467 112 40 concerne
1342 466 36 45 nos
1399 464 135 49 habitation

293 487 152 54 communes,
463 492 56 53 ainsi
540 494 29 51 que
594 495 14 49 le
629 494 68 50 double
726 499 17 44 de
761 497 71 48 toutes
853 499 26 55 les
900 501 109 52 factures
1031 509 25 42 des
1078 506 90 53 envoys
1198 518 35 39 que
1260 512 43 50 vous
1325 512 67 55 ferés,
1403 514 16 53 et
1441 525 59 41 celuy

291 533 14 56 de
322 534 69 52 toutes
417 543 26 42 les
461 541 116 49 demandes
602 548 33 46 que
665 549 46 50 vous
732 546 56 51 ferés
807 559 1 39 a
839 550 105 51 Monsieur
968 551 109 59 Charret
1106 567 49 44 pour
1177 563 171 50 l'exploitiction
1382 560 29 56 des
1426 564 115 54 habitation

292 595 19 45 ou
333 594 53 46 pour
415 595 80 52 autres
515 597 74 50 Moses.
605 606 14 36 ce
646 604 44 43 n'est
720 602 63 53 point
804 615 17 35 en
845 614 27 40 vie
908 612 95 48 Monsieur
1028 621 151 42 d'augmentes
1211 613 61 50 vottre
1290 615 87 52 travail
1406 627 27 44 que
1451 631 12 38 je
1485 631 42 36 vous

288 653 36 42 sais
343 650 40 39 cette
409 648 115 50 demande,
555 653 46 52 mais
617 652 61 51 parce
698 657 71 52 qu'elle
797 658 45 43 m'est
867 657 141 57 absolument
1036 663 133 54 necessaire,
1190 673 38 43 par
1249 674 23 41 les
1286 665 85 56 raisons
1392 671 34 52 que
1444 676 16 48 je
1484 674 34 47 vais

289 700 42 48 vous
350 698 99 53 deduine.
480 700 106 49 Monsieur
612 705 13 44 le
654 705 112 47 Marechal
799 711 21 49 me
841 708 36 53 fait
898 713 36 43 bien
963 720 2 40 a
985 715 18 44 la
1031 713 75 56 verité,
1119 723 54 45 pars
1192 722 15 48 de
1223 721 45 48 tout
1283 720 8 53 ce
1313 728 32 46 que
1370 726 43 48 vous
1427 724 36 53 luy

300 752 74 53 mandés
406 764 24 47 au
457 756 55 56 sujet
536 754 23 54 des
583 755 102 51 Iuterels
712 757 136 57 communs,
873 775 45 40 mais
940 771 13 40 la
972 766 84 54 lecture
1086 778 33 42 une
1146 767 39 53 fois
1209 770 59 50 faitte
1300 772 11 48 de
1343 772 71 48 vottre
1434 775 63 45 lettre

288 806 12 43 il
321 811 23 41 l'a
376 808 64 51 serne
463 812 54 53 dans
542 811 30 48 son
604 815 122 46 Barneau
762 816 16 46 et
799 817 30 46 elle
850 826 19 37 ne
894 820 42 51 voit
959 827 51 48 plus
1021 824 15 55 le
1050 824 45 56 jour
1125 834 23 47 au
1176 840 67 44 moyen
1264 841 16 44 de
1298 842 52 45 quoy
1375 840 12 42 si
1404 836 12 48 je
1437 837 60 52 n'ay–

288 872 40 49 pas
345 869 40 52 bien
419 874 50 45 suisi
490 883 13 41 ce
524 886 33 40 que
586 888 47 34 vous
669 880 108 47 mandés,
794 893 13 37 ce
829 894 58 40 qu'on
914 895 15 38 ne
959 886 42 48 fait
1035 890 42 49 pas
1096 890 119 50 tousjours
1240 893 2 52 a
1263 893 13 51 la
1301 894 124 55 premiere
1446 898 84 51 lectune

287 930 57 48 d'une
371 929 76 54 lettre,
474 936 11 44 je
515 928 39 56 suis
575 934 78 50 privé
682 934 28 52 des
724 932 195 60 eclaircissemens
941 941 50 53 d'ont
1014 946 110 46 jlaurois
1150 942 85 45 besoin,
1252 944 14 55 ce
1286 949 32 50 qui
1347 953 20 48 me
1397 949 43 55 fait
1465 948 67 55 slottes

287 984 49 43 dans
367 991 36 37 ue
426 990 134 48 incentitude
592 995 97 46 cruelle,
713 1004 30 43 que
775 1006 42 38 vous
845 998 122 54 m'aviterés
992 1012 19 43 en
1040 1005 151 53 m'encvoyant
1216 1005 23 50 des
1256 1007 78 51 doubles
1352 1008 15 51 de
1385 1010 48 49 tout
1458 1013 12 52 ce
1495 1015 30 48 qui

295 1043 1 42 a
317 1045 114 50 rapport
456 1043 34 51 aux
527 1048 116 48 Bulerets
680 1059 135 44 communs.
853 1051 67 55 Parce
941 1056 50 49 qu'il
1016 1055 16 49 ne
1057 1059 69 52 seroit
1155 1059 42 53 pas
1211 1066 20 46 du
1252 1069 87 44 respect
1364 1069 31 46 que
1413 1069 20 43 je
1451 1068 34 41 sois

291 1102 0 38 a
333 1097 105 53 Monsieur
472 1095 13 53 le
514 1094 136 59 Marechal
678 1098 14 55 de
711 1104 39 56 luy
766 1108 19 52 de
816 1103 78 59 mander
930 1108 2 47 a
952 1109 43 43 tout
1035 1105 91 58 moment
1150 1109 211 59 communication
1393 1122 27 47 des
1444 1116 73 56 lettres

292 1161 30 47 que
349 1156 46 53 vous
417 1161 31 49 luy
467 1168 80 39 ecrivés
573 1157 107 51 d'autant
706 1165 35 47 que
767 1163 42 45 cela
836 1166 30 47 luy
889 1162 118 39 donnenoit
1033 1161 13 40 de
1068 1167 12 46 la
1105 1162 104 56 peinne.
1230 1165 112 55 Monsieur
1371 1173 62 46 vottre
1451 1172 63 49 frere

290 1205 53 57 peut
377 1206 49 57 beau
439 1222 45 43 coup
517 1219 50 47 vous
588 1211 49 45 aider
675 1217 45 42 dans
737 1216 46 45 cette
814 1217 147 54 opperation
989 1220 108 56 entirant
1129 1225 71 49 coppie
1229 1226 18 45 de
1266 1234 9 42 ce
1299 1235 34 45 que
1362 1235 41 37 vous
1419 1235 80 43 ecrinés

293 1273 0 48 a
320 1267 114 52 Monsieur
470 1266 12 47 le
509 1267 115 49 Marechal
654 1270 18 47 et
697 1279 22 38 me
740 1271 139 57 l'adressard,
903 1275 39 52 dites
962 1276 35 55 luy
1020 1287 33 44 que
1075 1287 13 45 je
1111 1280 36 52 l'en
1170 1288 60 46 pris,
1244 1277 13 57 et
1280 1277 60 58 faites
1359 1284 32 51 luy
1407 1284 39 43 bien
1482 1292 31 44 mes

285 1321 171 52 complimens.
498 1325 106 49 D'ailleurs
632 1338 49 43 pour
714 1343 52 40 vous
787 1338 83 48 rendre
892 1347 47 44 cette
965 1344 82 51 peinne
1077 1341 48 55 plus
1143 1346 63 51 legere
1228 1356 1 36 a
1263 1346 55 55 l'une
1344 1353 13 49 et
1383 1360 1 38 a
1406 1353 86 47 l'autre

290 1382 74 45 songés
386 1389 48 38 pour
467 1388 22 39 uu
525 1388 93 41 moment
649 1396 32 44 que
701 1397 13 38 je
745 1395 16 44 ne
781 1393 109 54 demeure
921 1399 63 51 point
1009 1404 52 47 avec
1090 1411 45 41 mon
1156 1404 148 54 beaufrere,
1325 1409 15 51 et
1361 1413 35 46 que
1424 1411 63 51 même

282 1441 47 48 j'eu
362 1438 39 49 suis
425 1439 51 47 fout
497 1440 106 57 eloigné,
648 1448 47 44 mais
715 1454 35 42 que
787 1450 89 53 malgué
896 1450 45 55 cela
964 1451 27 52 les
1014 1452 107 54 Antenets
1145 1465 68 43 etans
1233 1467 123 43 communs
1376 1461 69 54 entre
1465 1464 39 53 luy

291 1499 0 41 e
335 1502 51 44 moy,
405 1502 11 41 il
438 1495 22 45 est
482 1496 118 47 necessaire
640 1505 29 47 que
691 1510 11 38 je
732 1502 33 44 sois
783 1503 103 44 instrait
916 1508 82 48 comme
1019 1507 36 50 luy
1076 1514 13 40 de
1103 1511 45 46 tout
1165 1517 12 43 ce
1194 1513 31 49 qui
1246 1519 19 38 les
1286 1518 126 46 concerne.

306 1554 26 43 Je
358 1552 15 45 ne
398 1550 41 47 fais
464 1550 59 47 point
545 1551 74 46 entrer
656 1552 47 49 dans
722 1553 22 52 les
762 1553 85 54 doubles
869 1561 33 45 que
924 1561 11 43 je
965 1558 47 44 vous
1034 1556 111 53 demande
1181 1561 59 50 ceuy
1262 1560 15 49 de
1306 1568 63 43 vottre
1398 1570 96 45 compte

289 1607 16 47 de
328 1605 50 57 negie
417 1611 58 51 parce
498 1619 31 43 que
552 1619 12 41 je
595 1615 19 42 me
634 1608 92 54 change
757 1607 78 52 d'hors
854 1621 15 34 en
897 1609 81 53 avant
1001 1610 44 48 d'en
1071 1613 65 45 faire
1167 1610 58 51 tirer
1256 1610 62 53 copie
1353 1623 42 41 moy
1426 1624 66 42 même

289 1662 92 51 lorsque
412 1661 50 52 vous
483 1665 85 43 l'aurés
593 1661 46 51 suit
667 1661 71 52 passer
766 1667 18 42 en
808 1662 106 51 france.

327 1707 48 47 vous
396 1710 65 39 aurés
481 1706 17 49 la
518 1710 73 48 bonté
620 1710 89 51 lorsque
738 1711 45 41 vous
807 1716 57 37 aurés
889 1712 12 42 de
925 1712 49 54 gros
1002 1714 112 54 pacquets
1136 1720 2 43 a
1169 1725 22 46 me
1213 1719 63 54 faine
1299 1725 71 49 passer
1397 1722 14 52 de
1429 1724 27 53 les
1474 1730 2 42 –

293 1749 89 50 adresser
416 1755 43 46 sous
486 1765 27 39 une
536 1755 74 48 double
633 1757 116 53 envelopa
784 1762 86 53 comme
889 1767 15 44 je
931 1766 43 46 vous
993 1766 44 52 l'ay
1066 1774 18 44 cy
1097 1771 87 48 devant
1225 1774 79 50 mandé
1329 1783 45 41 par
1399 1783 18 41 la
1446 1783 48 41 voye

292 1798 16 47 de
343 1796 99 49 Monsieur
485 1799 94 54 Beudet
606 1809 20 48 en
645 1811 24 47 les
688 1809 37 50 luy
744 1808 118 47 adressant
898 1810 44 46 sous
960 1814 104 55 l'adrosse
1097 1826 34 43 que
1160 1819 69 50 voicy,
1255 1827 2 42 a
1286 1832 107 45 Monsieur
1432 1828 100 55 Beudet

294 1851 120 47 serretaine
444 1856 17 42 de
484 1851 17 47 la
531 1853 103 45 Marine
664 1854 17 42 en
711 1852 63 42 Cour.

322 1896 31 53 Je
385 1901 47 46 veus
452 1896 43 56 bien
523 1903 114 49 esperen,
652 1896 138 57 Monsieur,,
814 1905 31 48 que
873 1902 47 49 vous
948 1898 90 48 voudrés
1058 1898 39 49 bien
1133 1906 52 42 vous
1204 1898 142 53 conformer
1377 1913 5 39 ae
1397 1913 48 40 tout
1467 1913 13 41 ce

294 1943 37 56 que
347 1946 12 53 je
388 1951 45 49 vous
457 1956 98 46 preseris
579 1957 45 40 par
652 1949 12 52 la
689 1949 127 52 presente.
839 1954 53 52 ainsi
916 1959 29 46 que
978 1963 20 43 me
1023 1963 73 47 croire
1124 1964 57 39 avec
1205 1956 18 53 la
1245 1957 149 55 pluseincere
1421 1960 83 54 estime

296 2001 17 46 et
329 2000 13 48 le
366 1998 51 53 plus
441 1996 113 56 parsuct
586 1995 171 53 attachement
810 2002 118 55 Monsieur
967 2001 76 59 vottre
1064 2006 45 49 tres
1133 2004 96 59 humble
1253 2014 14 41 et
1291 2012 46 48 tres
1354 2010 128 55 obeissant

291 2047 108 53 serviteur
449 2046 20 50 Le
497 2046 42 52 M^rs
561 2054 14 42 de
616 2047 14 52 la
674 2046 236 54 Rochefoucauld
954 2053 110 41 Bayers
