3036 2379
286 95 51 30 cetle
362 95 29 35 que
409 95 11 35 je
445 95 36 31 vous
499 95 80 35 ecrivois
608 95 43 36 par
673 95 43 32 M^rs
730 95 116 42 d'Argoult
864 95 11 37 le
896 95 44 31 1^me
961 95 91 45 Banvier
1079 95 17 43 je
1119 98 42 34 vous
1177 98 31 43 suis
1227 97 63 46 obligé
1310 96 24 44 des
1350 96 67 49 detuils
1436 104 35 45 que

285 136 42 42 vous
351 135 18 43 me
390 133 55 47 faites
466 137 31 43 par
518 139 39 42 cette
584 134 49 48 levtre
664 136 28 47 des
713 135 63 49 sures
800 142 28 43 qui
852 141 10 45 se
876 140 35 46 sont
935 138 49 49 faits
1008 145 28 43 sur
1061 141 24 48 nos
1109 143 84 47 habltat
1207 143 38 48 lous
1273 144 90 49 pendant
1384 145 118 50 lesAnnées

272 191 61 54 1762.
349 192 15 43 et
383 193 61 42 1763,
471 201 45 44 nous
535 199 65 42 avons
619 198 53 45 receu
695 196 42 45 tous
756 196 19 41 les
802 194 61 51 sucres
886 194 26 55 que
939 195 38 54 vous
1000 199 46 50 nous
1065 195 45 54 avés
1133 195 42 53 suit
1202 195 68 56 passer
1297 199 91 52 jusqu'a
1411 200 88 49 present

273 243 95 55 puisque
391 243 111 48 l'aisuable
538 244 53 54 Julie
620 250 16 47 est
664 249 102 51 arrivée,
787 256 12 47 il
831 256 25 45 n'y
876 255 0 44 a
901 253 49 50 d'one
974 261 45 43 plus
1047 261 29 42 que
1100 257 13 49 la
1133 249 57 48 Bubie
1219 257 0 40 a
1243 251 94 46 arriver
1365 252 86 57 apprés
1467 252 49 58 quoy

278 314 44 34 nous
347 314 78 40 aurons
447 315 56 33 receu
528 309 49 51 tous
593 307 24 51 les
637 309 68 51 sucres
725 313 31 51 qui
780 311 13 53 se
813 313 45 52 sont
873 322 99 44 trouvés
994 321 0 39 a
1020 315 11 47 la
1067 317 44 50 mont
1133 321 11 39 de
1170 316 33 53 M^r
1229 317 106 53 fougeu,
1346 321 15 46 et
1383 319 103 47 sousceux

282 361 34 50 qui
341 354 18 51 se
387 355 43 53 sont
454 356 55 58 suits
534 364 93 54 jusqu'a
648 365 17 55 la
694 367 110 56 presente
846 369 67 54 Année
942 367 65 49 1764.
1030 373 111 44 Madame
1160 376 19 42 de
1207 379 85 52 Boyet
1316 389 14 43 ne
1358 390 27 46 m'a
1409 390 64 45 point

277 417 65 49 tuissé
368 420 97 59 egnorer
506 430 32 51 que
558 430 19 51 la
606 427 109 58 succession
746 427 8 52 de
775 429 36 57 seu
837 431 108 56 Monsieur
980 430 34 45 son
1049 429 48 57 Pere
1113 433 62 58 etoit
1200 431 49 58 sort
1275 432 95 62 chargée
1395 438 19 47 de
1430 446 78 50 debles,

285 478 47 45 vous
359 481 51 54 avés
436 483 48 51 fait
514 485 1 46 a
548 486 125 44 merveille
699 488 17 43 de
738 489 31 47 les
788 491 116 53 ocquiter,
927 491 31 49 sur
985 498 51 43 tout
1063 497 54 48 dans
1135 498 13 49 le
1178 506 90 44 moment
1294 505 24 46 ou
1345 504 46 47 vous
1410 509 55 45 aviés

277 535 119 53 beaucoup
425 538 13 47 de
466 542 93 51 dennées
581 541 81 51 devant
691 547 62 44 vous,
771 561 12 39 ce
809 562 31 36 qui
866 563 50 33 nous
934 564 1 34 a
957 553 112 51 empêché
1090 558 16 44 de
1128 564 50 45 nous
1200 566 100 45 apperce
1318 564 39 51 voir
1383 570 16 41 de

280 592 142 56 l'extinction
458 594 14 56 de
492 602 24 47 ces
532 597 61 50 debles
623 602 84 52 autant
730 606 34 44 que
790 605 24 47 s'il
835 604 66 55 avoit
927 607 62 50 sallu
1014 608 20 50 les
1052 612 74 50 puyer
1163 610 31 56 sur
1216 612 24 46 les
1258 613 105 57 recrencus
1383 618 102 54 Annuels
1498 626 2 46 –

285 655 24 47 Je
341 654 40 54 vois
405 660 48 50 avec
482 658 85 56 pluisir
597 672 38 43 que
661 664 50 49 vous
725 669 86 49 esperés
829 667 46 49 tout
910 672 66 52 payer
994 682 45 41 cette
1066 683 81 43 Année
1178 681 49 42 avec
1246 680 21 44 les
1290 678 54 54 seuls
1367 680 77 46 sucres
1455 682 61 44 bruts

280 718 12 48 de
315 713 174 55 l'habitation
520 720 24 42 des
572 717 119 57 Varneux,
716 732 14 39 je
757 730 43 45 vous
819 726 68 51 exorte
918 724 36 54 tres
973 728 48 50 font
1044 736 1 36 a
1068 727 12 49 le
1099 723 56 54 faire
1182 728 115 54 l'occation
1320 736 24 46 est
1367 729 25 53 des
1410 741 45 42 plus
1473 741 1 42 –

283 775 150 56 savorables,
452 775 24 50 les
500 778 71 54 sucres
598 781 40 50 sout
665 780 0 56 a
697 786 16 48 vu
740 782 59 54 hant
819 787 68 52 pris.
909 790 81 51 auquel
1019 792 73 50 quand
1110 794 26 46 ils
1153 797 85 49 auront
1264 796 73 52 baissé
1355 794 25 52 ils
1398 808 17 40 ne
1445 809 1 41 –

288 830 157 58 neviendront
473 834 12 46 de
508 835 123 54 longtems,
649 844 14 45 il
684 840 26 53 les
727 842 124 54 differands
877 853 18 43 en
916 856 45 40 voys
987 860 33 40 que
1046 854 49 43 vous
1117 857 48 48 nous
1184 861 48 42 avés
1255 853 56 53 foits
1341 863 52 46 nous
1408 866 33 41 ont

286 886 49 51 aussi
370 888 33 49 mis
422 891 49 46 dans
494 898 12 44 le
529 901 30 46 cas
583 899 17 47 de
622 898 69 53 payer
711 906 12 41 ce
746 902 37 53 que
810 908 49 48 nous
878 904 85 51 devions
982 905 18 55 en
1018 906 110 51 france,
1154 920 22 34 au
1210 918 67 50 moyen
1295 917 14 47 de
1331 919 50 53 quoy
1403 926 98 48 j'espere

283 958 141 53 qu'apprés
448 956 13 56 la
494 960 54 53 venle
577 959 70 55 faitte
676 960 25 45 des
718 961 100 46 derniers
845 963 69 55 sucres
932 971 36 49 que
995 973 47 42 nous
1065 968 106 60 attendous
1195 980 41 48 par
1261 980 12 40 la
1302 972 58 57 Julie
1389 979 75 48 Capne

282 1016 21 48 La
345 1015 92 60 Barre
467 1019 17 55 je
513 1027 17 45 me
551 1023 126 49 trouverai
698 1022 84 55 liquidé
807 1023 21 60 en
853 1024 77 59 france
963 1040 54 44 avec
1037 1034 90 53 quelque
1151 1030 52 58 chôse
1226 1037 15 48 de
1260 1037 65 54 reste,
1348 1039 85 50 l'etant
1457 1048 14 39 de

288 1086 59 44 même
381 1083 1 43 a
416 1078 20 53 S^t
469 1085 133 49 Domingue
636 1084 21 52 au
691 1090 67 48 moyen
788 1088 27 45 des
838 1090 70 45 sucres
927 1092 46 48 bral
1003 1097 21 51 des
1050 1094 125 53 Varneux,
1189 1105 17 44 je
1228 1105 20 48 me
1267 1104 132 53 trouverai
1421 1103 48 52 d'one

272 1134 95 50 l'année
400 1136 29 56 qui
454 1140 64 46 vient,
547 1148 33 38 sur
617 1153 39 46 mon
683 1149 97 54 courant
810 1158 71 46 ayant
907 1153 79 45 devant
1016 1159 36 51 moy
1074 1157 44 54 tous
1140 1163 9 45 le
1179 1160 71 55 sucres
1268 1165 78 48 blanes
1369 1167 55 54 fails
1446 1170 44 49 cette

283 1206 75 38 année
393 1194 32 44 sur
452 1196 156 54 l'habitation
636 1202 27 48 des
683 1203 106 56 sources,
805 1214 42 43 c'est
869 1218 1 40 a
897 1213 40 50 dire
968 1224 25 37 ma
1027 1221 76 46 motie.
1130 1223 48 46 Vous
1205 1234 24 38 me
1252 1226 134 50 promettés
1410 1225 23 52 les
1453 1229 59 50 faire

1106 1206 31 39 que

276 1247 76 44 passer
384 1247 12 45 la
432 1241 68 58 motié
532 1245 0 52 a
556 1249 16 53 la
600 1252 29 53 fin
647 1252 18 51 de
683 1252 42 50 cette
763 1252 94 60 Année,
875 1262 83 54 l'autre
988 1262 70 54 motié
1084 1270 26 51 au
1136 1283 193 46 commencement
1352 1282 17 50 de
1387 1283 15 53 la
1419 1288 111 51 prochain

292 1310 115 54 d'espere
436 1323 32 45 que
489 1317 86 56 lorsque
603 1328 48 40 vous
668 1326 74 51 bougés
771 1337 2 41 a
805 1337 67 46 payer
896 1337 2 42 a
919 1337 44 46 tous
976 1338 44 44 ceux
1052 1345 1 42 a
1075 1339 36 49 qui
1132 1339 70 55 devoit
1224 1340 16 52 la
1262 1342 123 56 succession,
1406 1351 43 49 vous
1463 1349 66 55 songés

276 1372 16 44 de
327 1377 62 39 même
423 1377 0 44 a
454 1377 58 46 faire
547 1375 89 44 reutres
663 1379 44 44 tous
720 1386 22 47 les
763 1381 64 51 fonds
848 1390 33 45 qui
902 1396 2 36 y
922 1386 79 49 etoient
1022 1391 56 50 dens,
1107 1395 44 50 s'un
1173 1394 24 49 est
1219 1402 56 48 aussi
1297 1403 121 51 necessaire
1444 1414 32 42 que

272 1429 90 60 l'autre
393 1438 18 48 je
438 1435 40 48 vous
500 1435 49 51 puie
576 1437 49 40 donc
652 1439 27 55 d'y
706 1437 62 59 suine
800 1440 18 47 la
844 1442 41 53 plus
905 1441 84 52 grande
1018 1445 127 52 attention,
1161 1448 21 48 et
1200 1449 15 56 de
1232 1460 91 44 prendre
1344 1462 50 46 tous
1411 1463 23 46 les
1451 1464 77 46 moyens

278 1485 48 59 pour
353 1484 61 55 faire
445 1482 80 52 nentrer
560 1484 31 51 nos
609 1485 71 52 fonds,
700 1489 77 61 dubord
802 1504 37 45 par
863 1497 16 51 la
903 1493 118 65 politesse,
1048 1512 46 43 mais
1115 1511 14 47 si
1146 1510 36 52 elle
1203 1509 19 53 ne
1252 1519 45 42 vous
1313 1513 76 56 neussit
1415 1516 45 54 pas
1477 1519 40 52 par

276 1542 67 54 toules
366 1544 22 43 les
411 1548 56 49 voyes
489 1549 34 48 que
553 1547 48 41 vous
620 1545 49 54 offre
695 1545 12 55 la
729 1546 93 53 justice.

292 1589 33 55 Be
354 1595 40 47 suis
419 1602 16 38 on
468 1597 12 44 ne
509 1594 48 53 peut
590 1594 49 55 plus
672 1596 110 57 sulisfait
806 1597 17 47 de
854 1601 63 49 vottre
944 1600 104 55 gestion,
1070 1610 2 49 &
1099 1609 18 47 je
1140 1612 47 48 vous
1205 1609 88 51 sollicite
1327 1618 2 44 a
1356 1616 124 48 continuer

280 1645 120 46 tousjours
422 1642 15 44 de
463 1643 15 52 la
512 1644 68 54 même
623 1652 121 50 maniere,
761 1652 17 45 et
798 1659 44 46 vous
855 1660 83 45 pourrés
955 1657 17 42 et
989 1659 17 40 re
1023 1661 90 49 centain
1142 1663 17 49 de
1187 1675 20 40 ma
1236 1667 210 53 reconnoissance.

299 1690 51 52 vous
375 1699 74 45 vaires
474 1696 47 47 par
547 1696 12 47 la
584 1694 63 57 lettre
675 1702 39 51 que
736 1701 107 50 Monsieur
880 1710 20 46 Le
926 1706 135 51 Marechal,
1078 1710 29 56 ces
1124 1711 85 56 dames,
1223 1723 13 45 et
1264 1722 51 52 moy,
1337 1731 50 43 vous
1405 1733 73 41 avons
1496 1735 1 39 –

275 1740 52 53 ecrit
355 1744 18 50 en
398 1748 131 51 commun,
552 1755 38 47 que
617 1759 49 42 nous
689 1759 17 42 ne
722 1759 13 41 le
754 1759 102 54 sommes
877 1773 37 39 pas
945 1772 89 43 autant
1061 1771 23 46 du
1110 1777 96 48 compte
1230 1781 16 44 de
1270 1787 62 47 negie
1371 1786 34 47 que
1432 1795 44 39 vous
1497 1797 0 34 –

277 1805 49 37 nous
348 1805 53 37 avés
423 1804 92 51 envoyé
539 1806 54 50 pour
617 1806 100 49 l'année
741 1814 69 48 1763.
838 1825 50 38 nous
909 1817 70 46 avons
995 1821 99 46 trouvé
1115 1825 24 49 les
1160 1823 65 49 fraie
1261 1827 183 53 d'exploctation
1482 1842 0 33 –

273 1847 98 64 exchils,
392 1851 10 54 le
427 1852 90 63 compte
546 1853 138 64 tropbret,
701 1859 18 57 et
740 1858 53 62 trop
814 1872 41 51 peu
880 1865 90 61 detaillé
995 1865 55 54 dans
1070 1871 41 52 bien
1140 1868 29 59 des
1184 1871 90 64 Antiles
1299 1886 98 52 j'espere
1422 1892 32 46 que
1480 1894 40 43 vous

276 1908 94 50 voudrés
389 1907 40 55 bien
455 1913 69 46 d'hors
544 1921 15 42 en
586 1912 78 53 avant
691 1920 48 44 vous
756 1923 141 56 conformer
919 1930 17 43 en
954 1927 48 56 tout
1027 1933 68 53 point
1136 1941 40 49 aux
1202 1937 168 56 observations
1390 1944 37 53 que
1449 1958 52 45 nous
1519 1961 1 36 –

278 1975 55 39 vous
360 1977 69 45 avons
449 1966 73 54 faites
549 1977 0 37 a
577 1976 11 39 ce
618 1973 80 56 sujet,
723 1981 13 40 la
769 1978 68 58 lettre
862 1984 45 50 par
932 1987 106 51 laquelle
1064 2002 55 41 nous
1145 2002 51 40 vous
1215 1991 33 56 l'es
1269 1995 94 57 failons
1381 2003 76 46 etant
1478 2006 60 53 signée

280 2031 11 50 de
322 2038 47 42 nous
392 2032 85 54 quatre
516 2045 50 32 vous
586 2038 19 40 est
632 2041 31 47 une
690 2048 90 38 preuve
817 2051 37 43 que
879 2049 29 47 nos
926 2046 59 48 desirs
1011 2044 16 53 la
1050 2048 63 52 dessus
1131 2051 44 44 sont
1205 2048 140 58 uniformes,
1360 2064 12 42 et
1398 2065 32 40 que
1460 2066 48 37 vous
1526 2068 1 33 –

279 2093 17 41 ne
322 2088 123 53 pourriés
477 2100 1 38 y
507 2098 116 45 manquer
652 2099 17 44 en
697 2101 18 41 un
739 2097 48 50 seul
804 2098 67 52 point
899 2101 47 54 sans
968 2110 46 46 nous
1047 2108 147 47 mecontenter
1222 2110 62 56 tous.
1302 2120 17 46 et
1340 2114 62 52 qu'au
1420 2120 119 46 contraine

273 2141 19 43 en
319 2142 47 55 vous
385 2147 0 45 y
408 2142 171 52 conformant
610 2149 46 38 vous
680 2152 50 36 nous
753 2149 118 52 satisferes
896 2158 29 43 ces
942 2152 87 60 dames,
1050 2160 110 55 Monsieur
1186 2162 13 52 le
1221 2161 137 54 Macechal
1380 2175 17 42 et
1423 2176 40 44 moy

1602 55 65 42 suitte

1913 96 80 21 oureur
2026 96 110 35 quelques
2154 96 68 37 petils
2249 96 101 37 Artieles
2367 96 32 41 que
2415 96 15 41 je
2453 96 43 36 vous
2509 96 105 45 demande
2634 96 18 47 en
2682 97 39 48 mon
2745 102 49 43 part
2810 99 88 41 iculier.

1778 116 31 54 P^r
1843 118 16 53 je
1888 126 43 45 vous
1957 128 43 50 prie
2029 130 16 42 de
2071 133 122 49 menvoyer
2222 130 32 50 une
2271 134 59 51 notte
2363 136 141 54 particuliers
2530 147 13 41 de
2560 146 74 47 toutes
2655 146 21 52 les
2697 145 63 53 dables
2781 150 36 51 que
2842 152 50 51 vous
2910 152 48 48 avés

1765 184 81 47 payées
1873 183 0 53 a
1900 183 94 58 l'aquil
2015 190 14 52 de
2050 189 14 54 la
2097 187 118 57 succession
2244 191 13 53 de
2275 193 36 55 feu
2329 197 37 46 M^r
2383 196 99 59 sougeu,
2500 199 48 49 avec
2565 201 14 49 le
2600 201 41 55 nom
2666 204 25 57 des
2709 207 121 57 personnes
2852 219 1 45 a
2875 220 32 40 qui
2926 221 39 42 vous

1766 244 56 45 avés
1846 246 67 45 payé,
1926 242 17 46 et
1964 241 17 50 la
1998 240 67 59 raison
2101 254 128 50 pourquoy
2242 253 14 53 il
2276 252 44 57 leur
2341 252 55 54 etoit
2421 259 32 45 deu
2490 261 101 50 suivant
2615 266 28 47 cet
2668 269 113 51 exemple
2812 282 68 43 payé
2903 278 52 50 tant

1765 306 2 38 a
1796 300 49 46 M^rs
1874 301 25 46 cet
1936 303 35 55 &e
2000 312 56 47 pour
2087 307 101 57 Raisons
2207 311 51 53 cettes
2276 322 13 44 et
2307 321 63 50 celles.
2388 321 13 47 le
2423 321 48 50 tout
2501 327 1 46 a
2528 323 94 53 l'acquit
2648 322 13 51 de
2686 323 17 51 la
2729 326 109 55 succession
2867 335 14 49 de
2894 336 37 49 feu

1768 364 32 43 M^r
1836 360 109 54 fougeu,
1967 377 46 36 vous
2031 379 158 42 comprendrés
2211 385 49 38 dans
2275 379 49 49 cette
2347 385 54 45 notte
2428 390 17 39 la
2468 384 53 50 debte
2552 387 17 49 de
2592 391 37 43 M^r
2656 395 17 41 Le
2696 395 49 44 M^al
2763 395 15 46 de
2795 395 134 53 Conflans–

1769 422 16 39 et
1805 421 53 52 tous
1878 428 25 45 les
1926 430 138 51 armenages
2088 433 16 51 de
2124 441 79 45 Gayes,
2235 444 170 50 appointemens
2422 447 31 47 &^e
2488 458 34 40 qui
2543 452 82 44 etoient
2649 455 49 43 deus
2723 458 1 40 a
2745 462 15 38 la
2793 467 48 43 mont
2861 465 17 49 de

1770 474 101 49 Monsieur
1906 478 112 60 fougeu.
2045 488 16 48 Ce
2089 486 57 57 petit
2168 491 86 53 relevé
2288 498 32 48 sur
2350 499 27 51 vos
2394 498 67 54 livnes
2478 499 14 50 de
2517 498 54 59 regie
2605 513 19 46 ne
2640 509 37 51 doit
2706 510 37 47 pur
2764 515 40 44 vous
2816 510 98 51 etred'un

1768 535 63 47 grand
1856 533 106 61 travoit,
1986 553 14 39 je
2024 552 14 37 ne
2053 541 103 54 demande
2178 547 63 59 point
2268 550 24 52 les
2305 551 104 63 differens
2427 573 119 48 payemens
2566 579 35 42 que
2625 581 43 40 vous
2689 573 63 57 aunés
2773 574 38 47 fuit
2832 575 0 45 a
2857 576 114 57 chacqu'vn

1775 593 49 46 mais
1842 595 21 45 la
1885 596 105 52 totalité
2015 603 26 52 des
2059 615 120 43 payemens
2201 611 53 55 faits
2276 622 2 40 a
2303 616 84 56 caque
2421 625 133 53 creanciers
2579 638 41 42 vous
2650 634 73 46 mettrés
2748 640 2 40 a
2772 635 18 56 la
2807 638 30 52 fin
2867 644 13 42 de
2902 644 77 56 l'article

1759 655 14 50 de
1795 659 130 55 chacqu'un
1951 661 10 55 le
1991 666 139 54 quantieme
2160 670 19 50 de
2195 671 16 55 la
2235 674 107 58 quitance
2375 685 74 51 sinale
2483 694 34 44 que
2543 697 46 41 vous
2607 693 138 51 aurestiré,
2764 705 17 38 en
2804 696 46 48 cette
2880 701 89 53 Maniere

1764 720 57 51 d'ont
1846 720 46 53 j'ay
1920 722 114 53 quittance
2070 726 80 52 finale
2186 737 20 42 en
2223 734 51 46 datte
2302 742 39 40 dun
2362 741 32 53 tel
2406 745 61 47 jour,
2481 752 28 47 tel
2541 754 57 47 mois,
2620 749 24 51 tel
2665 750 19 55 au
2717 756 73 51 passée
2811 755 79 56 devant
2904 763 1 43 –

1765 784 98 48 Nollaine
1903 789 18 46 ou
1946 784 55 40 nou.

1791 823 20 49 sa
1842 828 58 44 notte
1930 827 25 51 des
1973 828 75 58 negres
2073 836 37 49 que
2139 847 45 42 vous
2201 848 53 45 avés
2279 841 99 55 achepté
2407 845 74 55 depuis
2500 857 32 47 que
2558 859 44 46 vous
2620 850 86 56 negissés
2729 858 32 48 nos
2779 852 144 57 habitutions

1767 882 37 45 c'est
1829 884 2 43 a
1846 884 36 43 dire
1912 886 8 41 le
1942 888 87 50 nombre
2050 891 101 50 d'yceux,
2166 895 12 42 et
2201 896 16 39 la
2243 898 86 49 somme
2351 902 32 43 que
2409 904 44 43 vous
2475 906 52 46 avés
2544 908 72 44 payée
2637 912 48 40 pour
2703 914 48 40 cette
2773 910 159 52 acquelition.

1778 924 47 55 sans
1856 931 105 52 specisier
1995 936 13 48 le
2026 942 44 41 nom
2095 938 45 55 d'va
2161 943 150 52 chacqu'un,
2332 950 83 45 suivant
2433 957 25 42 cet
2475 955 122 52 exemple.
2619 967 1 41 a
2637 963 88 52 chepté
2746 968 52 48 tant
2817 967 13 44 de
2851 968 40 55 tetes
2912 976 18 48 de

1771 985 87 52 negues
1887 997 33 41 que
1933 996 45 46 j'ay
2007 990 68 54 payés
2092 993 49 52 tous
2154 997 107 53 ensemble
2282 1004 17 50 la
2325 1004 79 49 somme
2434 1006 17 49 de
2465 1007 67 53 tant.

1795 1039 25 55 La
1853 1041 49 55 notte
1939 1054 19 49 du
1986 1048 102 59 nombre
2117 1053 14 43 de
2149 1050 84 61 negnes
2260 1068 35 48 que
2317 1066 50 46 nous
2385 1059 98 48 auronts
2508 1076 38 43 au,
2560 1069 99 58 moment
2681 1084 36 45 que
2744 1085 45 46 vous
2806 1073 16 55 la
2844 1082 60 51 fenés
2926 1091 25 38 sur

2454 1097 11 39 et
2493 1097 13 38 la
2528 1100 39 34 hût

1764 1092 35 49 nos
1823 1094 45 55 deux
1897 1097 155 62 habitations
2075 1106 27 50 des
2124 1104 102 62 sources,
2236 1109 19 58 et
2270 1108 27 60 des
2319 1113 110 55 Varneux
2465 1125 104 43 suivant
2589 1129 30 48 cet
2643 1126 136 58 exemple.

1820 1148 16 51 Le
1869 1143 105 59 Sources.

1777 1190 87 49 negres
1896 1187 101 50 sucriers
2039 1186 53 47 tant

1777 1238 87 44 negres
1884 1230 134 48 tonneliers
2053 1230 56 48 tant

1780 1275 77 49 negres
1879 1271 174 53 charpentiers
2075 1275 48 46 tant

1778 1329 76 47 negres
1875 1328 136 49 charrons,
2032 1331 52 46 tant

1782 1376 88 48 negres
1896 1374 112 46 Massons.
2042 1372 57 47 tant

1780 1418 88 57 Negres
1892 1421 149 57 Machoquets
2065 1427 48 45 sant

1777 1473 84 46 negres
1892 1468 138 47 serruriers
2060 1471 47 44 tant

1774 1514 84 49 Negres
1875 1511 149 49 domestiques
2052 1509 52 48 tant

1874 1550 12 33 et
1907 1550 98 31 negretien

1783 1566 80 50 negres
1887 1568 12 48 de
1915 1569 105 38 Bardins
2044 1559 164 53 travaillants
2236 1559 157 51 actuellement
2429 1558 48 54 tant

1777 1620 74 49 negres
1869 1618 13 53 et
1903 1616 100 55 negnesses
2029 1617 48 49 hors
2099 1611 13 52 de
2129 1609 100 62 travail
2255 1614 35 53 par
2316 1612 44 51 leur
2386 1624 30 45 age
2451 1624 17 45 ou
2490 1609 65 60 Busir
2586 1609 52 56 mités
2668 1610 52 59 tant

1778 1667 134 55 negrillons
1935 1673 15 47 et
1973 1669 110 54 negrettes
2114 1670 34 48 non
2167 1668 157 54 travaillant
2354 1672 34 50 aux
2415 1667 99 56 Bardins
2541 1674 57 48 tont

1791 1716 66 53 tolal
1881 1714 23 49 des
1927 1716 78 55 negues
2024 1716 16 44 de
2063 1716 162 56 l'habitation
2256 1723 28 50 des
2311 1720 89 55 sources
2431 1733 54 42 tant

1781 1769 48 48 vous
1851 1766 59 49 ferés
1932 1765 15 46 la
1987 1764 59 51 même
2083 1765 147 55 opperation
2263 1767 51 44 pour
2336 1767 166 55 l'habitation
2538 1775 15 43 de
2578 1771 108 54 Varneux
2717 1784 17 42 et
2762 1784 53 42 pour
2839 1784 16 46 la
2879 1784 65 45 hâtte

1772 1813 55 47 sans
1852 1815 118 48 nommer
2008 1815 83 50 chaque
2119 1819 66 48 negre
2216 1824 38 44 pur
2279 1823 27 46 son
2331 1823 41 47 nom
2407 1832 14 39 je
2448 1827 16 44 ne
2479 1826 110 47 demande
2611 1833 33 41 que
2666 1834 16 41 la
2698 1829 102 48 totalité
2823 1830 16 48 de
2850 1830 114 50 chacgeran

1764 1861 26 40 des
1814 1858 98 44 Anticles
1934 1868 16 35 cy
1972 1859 66 45 dessus
2066 1860 47 45 avec
2135 1866 13 40 la
2170 1862 100 45 totalité
2295 1866 104 43 generale
2427 1864 16 46 du
2468 1871 56 40 tout.

1783 1903 48 45 vous
1854 1910 67 45 aurés
1940 1905 76 52 ensuite
2045 1906 14 49 la
2082 1907 64 47 bouté
2171 1908 18 55 de
2219 1920 126 47 m'envoyer
2376 1917 2 45 a
2399 1915 14 53 la
2435 1915 33 53 fin
2490 1925 21 43 de
2529 1925 92 52 chaque
2651 1931 76 44 Année
2757 1933 1 45 a
2789 1936 36 46 moy
2844 1936 21 47 en
2883 1936 76 49 partice

1790 1942 52 36 nolle
1857 1943 15 32 de

1747 1956 24 44 la
1810 1952 127 56 mortalité
1963 1956 52 55 qu'il
2038 1959 1 53 y
2062 1963 60 47 aura
2152 1960 33 44 que
2207 1958 53 48 dans
2274 1972 13 41 le
2306 1970 56 47 cours
2381 1962 13 56 de
2416 1967 72 50 laditte
2523 1968 99 58 Année,
2641 1970 48 58 ainsi
2712 1974 32 55 que
2763 1973 25 55 les
2802 1975 131 59 naissances

1764 2010 16 39 en
1814 2012 20 38 me
1864 2008 133 46 manquant
2024 2006 13 49 la
2067 2008 67 49 Classe
2163 2010 52 49 d'ont
2233 2012 85 49 etoitnt
2347 2018 22 44 les
2384 2016 74 48 negues
2484 2019 78 48 Morts.
2584 2028 51 40 Vous
2664 2035 18 34 me
2711 2031 131 42 manquerés
2864 2028 16 46 de
2904 2031 65 45 même

1754 2055 26 44 les
1799 2057 135 52 neguillous
1956 2059 15 50 et
1998 2059 108 51 negrettes
2140 2071 30 40 que
2200 2071 45 42 vous
2267 2071 60 39 aurés
2353 2063 42 54 suit
2424 2064 69 51 passer
2526 2068 19 41 uu
2563 2066 113 55 travail,
2689 2071 17 50 et
2719 2071 50 50 dans
2790 2069 66 52 quelle
2873 2072 62 49 classe

1747 2113 26 48 ils
1797 2109 75 48 seront
1892 2108 76 51 entrés
1995 2109 105 54 pendant
2124 2110 13 45 le
2161 2110 85 55 coursde
2273 2110 112 58 l'annér.
2417 2122 105 48 m'ayant
2550 2118 34 52 une
2612 2116 42 54 fois
2674 2123 18 44 en
2715 2123 55 49 voyé
2787 2121 16 46 la
2823 2118 51 56 notte
2897 2130 34 41 que

1741 2170 32 44 je
1800 2170 46 45 vous
1867 2162 112 52 demande,
1994 2163 12 40 it
2038 2158 169 61 m'instruisant
2239 2166 146 48 exactement
2413 2164 106 59 d'années
2535 2174 20 43 en
2582 2167 99 58 années,
2701 2175 11 51 de
2744 2170 122 57 mortulités
2886 2170 65 51 Maisse
