2512 1672
287 248 0 0 1

445 96 211 49 habitation
700 103 92 39 Des
816 92 163 48 Parreux

355 212 20 44 la
401 204 187 56 convercture
632 204 20 48 de
671 207 18 44 la
712 204 127 56 sucrerce
873 205 74 47 etant
1000 206 45 55 tres
1071 217 123 43 ancienne

351 283 19 39 et
383 273 43 48 tres
454 275 138 46 mauvaise
651 267 19 45 il
688 265 106 52 faudra
833 268 268 45 necessairement

349 335 123 47 recouorur
502 329 191 52 cebatment
734 334 26 47 et
793 329 91 48 comme
909 337 64 41 onne
987 327 80 50 pent
1107 322 57 51 trop

342 393 133 59 apuporter
506 395 25 54 de
554 388 197 60 precaution
790 386 69 54 pour
891 384 72 46 eoite
991 383 36 48 les
1055 394 52 35 aeci
1131 393 68 37 dens

356 441 82 58 dafeu
513 445 149 52 monprojet
690 439 43 50 est
758 447 35 47 de
813 438 26 48 la
867 434 158 49 Recouorir
1058 430 144 57 cntuiles

356 518 77 42 auieu
471 507 140 52 dessentes
640 505 120 41 depense
798 499 49 42 qui
871 497 39 50 est
940 496 1 50 a
961 501 130 44 peupris
1117 495 22 43 la

362 581 79 37 même
476 561 86 52 quant
593 563 25 47 au
656 555 90 51 cout.
787 566 69 39 mais
883 549 47 44 qui
955 548 39 49 est
1036 550 142 45 mondré

345 623 26 50 si
391 624 39 48 l'en
451 627 139 42 considere
638 619 18 40 la
683 621 67 39 dure
791 608 202 50 detatuile
1037 617 106 38 quarre

354 680 51 48 elle
429 678 47 45 est
503 673 58 51 bien
599 670 79 48 cinte

290 731 42 59 L^°
358 731 119 62 lebassin
521 741 47 38 qui
590 719 142 55 contrnnt
761 719 16 60 le
793 716 89 65 sirop
921 713 29 62 de
971 712 24 63 la
1016 718 152 45 puigerie

349 798 35 44 est
416 790 0 57 a
446 794 104 52 refaire
580 797 45 37 ais
643 797 13 32 ce
687 779 24 50 S^t
726 779 143 55 Guisque
884 779 33 47 les
947 785 80 35 muns
1050 768 87 50 sont

294 968 36 60 3^e

356 859 142 40 Compies
536 858 70 35 dans
631 847 155 42 plusieurs
808 834 142 48 endroits
988 833 24 43 et
1048 832 52 41 que
1117 824 74 47 leau

359 924 42 36 des
415 908 121 53 savancs
567 899 93 56 filtre
698 905 2 35 a
726 895 114 44 travers
871 896 25 44 et
923 889 37 51 ees
987 894 57 43 gâte
1079 893 17 42 le
1114 880 122 56 sirrox.

380 979 22 38 il
423 962 40 54 ses
489 971 1 35 a
532 967 148 39 nécessaire
718 950 137 53 d'acheter
897 948 28 53 les
943 947 48 58 bois
1013 963 87 41 pour

353 1021 114 51 refaire
502 1029 44 40 ius
570 1026 40 34 des
644 1011 157 49 moulins.
829 1010 121 47 depuise
975 1012 46 42 que
1047 1000 123 53 j'avois

342 1079 250 45 recommandée
623 1085 1 29 a
668 1081 59 36 n^r
771 1068 274 48 Deschapelles;
1063 1071 52 34 car
1150 1064 58 43 etle

352 1130 64 49 etoit
443 1131 232 49 engente.

294 1189 39 56 4^°
365 1184 18 46 il
403 1182 64 52 sera
504 1175 191 60 encouberoin
732 1185 34 48 de
795 1169 144 61 quelques
972 1166 110 59 mulets
1111 1161 64 57 sur

350 1241 58 51 cette
444 1244 3 35 M

326 1299 1 31 0
366 1287 72 51 etant
460 1274 126 59 essentiel
644 1275 22 47 de
697 1271 173 56 remplacer
908 1269 18 44 le
945 1259 117 55 deficit
1101 1256 53 56 des

354 1352 93 41 negres
468 1340 71 46 pour
573 1324 153 58 entrutenir
754 1322 27 50 les
802 1321 56 48 h^onr
883 1320 74 51 dans
979 1323 140 49 lememe

353 1393 130 53 produit
537 1388 23 50 et
588 1384 137 53 l'attelier
764 1380 35 53 des
816 1382 96 48 veveux
955 1384 67 38 deja
1065 1369 101 49 cadue

352 1458 18 59 ai
385 1448 52 74 ctet
474 1436 129 84 Jouffert
646 1438 124 68 quelque
791 1433 219 75 dinsinetiers
1036 1426 80 76 parla
1135 1430 85 58 petite

1517 166 101 66 Perole
1655 172 15 54 il
1688 168 61 59 sera
1787 177 238 55 insdispensable
2066 165 66 64 d'en
2155 166 150 61 achetes
2333 178 23 49 et

1521 240 36 53 Je
1582 244 112 47 compte
1735 246 43 46 que
1807 234 276 53 l'augmentatien
2131 233 54 53 doit
2220 239 26 43 en
2281 230 72 51 etre

1522 306 69 59 portee
1623 301 245 62 jusqu'avingt
1928 298 42 56 ette
2001 296 130 63 depuise
2164 306 18 52 ne
2201 296 78 58 peut
2315 293 47 56 se

1520 369 81 62 faire
1638 371 51 50 que
1718 363 235 55 saccessioement
2001 371 27 51 et
2062 359 124 59 d'année
2225 372 36 38 en
2291 369 102 45 année

1460 464 47 42 6^.
1544 450 90 58 ayaut
1662 441 65 51 fait
1759 438 152 63 l'emplette
1938 435 243 61 d'imbouriquit
2224 432 106 59 eguior

1533 505 19 49 il
1568 499 106 53 faudra
1711 495 180 55 augmenter
1929 495 13 47 le
1961 490 115 52 nombre
2118 487 183 53 descavales
2346 498 30 29 ou

1524 569 143 50 Juisseus
1706 564 139 50 jusqu'a
1890 553 17 44 12
1944 562 26 34 ou
2006 547 51 49 13.
2081 543 96 60 achat
2205 547 47 53 qui
2280 541 121 59 nepent

1533 625 56 52 etre
1619 614 265 60 qu'avantageux
1925 614 129 48 puisque
2078 613 32 37 ces
2142 603 127 47 jumens
2297 598 62 50 bien

1535 683 118 47 choisies
1693 682 23 42 at
1763 671 51 49 bien
1860 667 137 52 fecondes
2032 660 128 51 peuvent
2198 659 52 50 par
2272 655 135 50 laisente

1530 731 147 53 entretenir
1709 729 33 49 les
1762 726 53 47 h^on
1858 728 33 46 de
1920 721 97 51 mutets
2053 720 73 41 saus
2156 716 66 47 qu'on
2244 720 172 38 sot–

1524 787 103 51 obligé
1672 776 283 58 d'usactreter,

1517 858 3 36 a
1554 856 19 37 il
1590 840 72 51 seroit
1688 827 207 58 avantageux
1926 825 70 48 pour
2031 813 59 50 cette
2117 810 50 56 h^on
2203 803 132 60 defaire
2391 818 1 33 –

1542 909 70 33 dans
1631 899 17 41 la
1680 885 124 54 Rioure
1847 892 30 36 un
1914 870 207 52 batardeau
2163 871 40 48 les
2241 867 174 46 maconene

1530 967 25 38 ce
1577 965 54 38 qui
1653 935 218 65 procureroit
1916 929 110 50 untrers
2057 926 81 45 d'eau
2176 928 120 50 déplus
2342 933 33 29 en

1532 996 181 73 empechant
1741 993 38 65 les
1801 981 186 74 filhations
2013 982 26 43 de
2056 977 81 57 l'eau
2178 984 46 47 qui
2257 970 160 60 séchape

1545 1084 3 38 a
1571 1063 97 54 travérs
1684 1056 27 56 les
1725 1056 82 51 pieux
1842 1042 31 51 les
1884 1037 108 58 fascines
2021 1031 25 51 et
2075 1028 17 52 le
2114 1033 122 47 graises
2272 1031 63 44 qui

1550 1106 222 65 Composent
1817 1092 63 58 ettee
1915 1090 178 51 digné.

1498 1166 27 54 8°
1560 1175 20 44 il
1601 1162 78 55 seroit
1709 1153 193 61 avantageux
1945 1151 30 41 de
1981 1142 80 50 faire
2088 1138 145 52 conchure
2270 1133 54 53 sur
2355 1134 65 50 ettee

1549 1222 54 48 sor
1647 1232 41 31 une
1714 1214 91 48 eture
1848 1215 59 36 par
1930 1211 14 36 ce
1969 1205 34 43 que
2021 1198 24 41 si
2060 1196 24 44 la
2115 1194 92 41 guine
2236 1183 99 48 venoit
2363 1191 0 38 a

1549 1281 32 54 se
1597 1279 24 47 de
1651 1272 65 52 lour
1758 1255 152 69 opontoit
1939 1252 49 44 sur
2002 1252 19 45 le
2044 1243 101 55 chanp
2193 1232 80 62 faire
2305 1237 29 39 de

1553 1326 172 61 Sacreblae
1778 1332 34 42 en
1851 1304 132 68 ÿfaisant
2012 1303 153 53 construue
2195 1296 35 47 des
2248 1286 169 57 batimens

1541 1402 97 49 depui
1663 1394 30 37 de
1710 1381 136 48 valeur
1902 1371 24 59 et
1954 1369 74 53 pour
2036 1366 18 41 le
2073 1361 119 44 temde
2223 1358 119 51 quene

1536 1439 228 76 pontrent.
1798 1436 31 62 ※.
