3232 3688
166 1745 71 35 300

916 240 99 83 dans
1064 233 126 87 ledit
1234 233 88 79 cote패
1376 233 70 78 que
1479 233 87 76 luy
1626 233 258 66 deposant
1943 233 162 66 ayant
2176 233 42 35 de
2268 233 126 32 maris

920 318 130 84 audit
1116 314 191 88 homme
1366 306 244 93 comment
1670 312 90 81 cela
1810 295 85 94 luy
1938 288 118 91 etoit
2121 284 166 84 arrive패
2330 268 112 97 qu'il

898 411 70 90 luy
1013 403 251 101 repondit
1338 396 84 93 que
1472 387 151 100 cetoit
1680 385 38 93 le
1776 387 151 72 sieur
1971 372 165 74 Tache
2203 365 115 96 quy

912 489 304 90 desarmait
1275 495 37 78 un
1358 479 229 92 pistolet
1634 478 41 80 de
1724 471 87 67 son
1886 467 92 73 Etoc
2046 454 168 89 lequel
2273 450 162 78 avait

927 585 164 102 party
1135 579 43 88 et
1229 578 84 98 luy
1362 575 134 88 avait
1551 561 132 100 porte패
1738 555 112 82 dans
1915 546 30 80 le
1983 547 96 79 cote패
2131 540 116 70 mais
2320 532 82 84 que

912 687 153 86 cetoit
1118 685 45 68 un
1222 688 106 76 coup
1407 659 115 98 fait
1570 648 425 85 Innocemment
2053 642 44 66 de
2143 629 38 92 la
2225 618 127 88 part
2392 619 36 69 du

912 776 124 82 sieur
1105 769 178 78 Tache
1346 773 68 69 que
1482 746 76 87 luy
1632 735 202 87 ayant
1892 735 129 71 aussy
2071 707 268 83 demande패
2383 699 82 74 s'il

920 858 444 101 avaitu팩quelque
1409 829 286 99 discussion
1766 826 105 85 avec
1923 811 30 94 le
2003 805 68 76 dit
2123 799 104 89 sieur
2266 792 174 80 Tache

916 961 118 93 quil
1090 958 86 88 luy
1216 946 79 89 dit
1344 943 77 88 que
1484 948 85 70 non
1651 925 152 91 quau
1838 911 263 93 contraire
2179 889 143 86 ledit
2373 881 130 85 Tache

912 1047 236 103 Lainoit
1196 1041 270 96 beaucoup
1535 1028 48 87 et
1626 1029 80 83 que
1758 1022 25 64 ce
1834 1002 171 89 netoit
2056 995 136 85 qu'un
2250 972 211 91 malheur

921 1167 190 78 auquel
1193 1143 135 84 ledit
1385 1133 179 87 Tache
1637 1109 204 86 navait
1894 1103 202 87 aucune
2166 1093 146 78 part
2370 1077 41 70 et

921 1270 105 71 quil
1109 1237 160 95 n'etoit
1325 1228 167 88 point
1542 1189 561 118 reprehensible.

1164 1322 81 89 Luy
1298 1328 56 72 est
1401 1314 113 91 tout
1562 1327 29 73 ce
1620 1303 104 95 quil
1792 1312 3 60 a
1850 1296 54 87 dit
1959 1306 214 78 scavoir
2235 1285 213 80 Lecture

927 1431 4 73 a
967 1426 84 80 luy
1093 1422 124 85 faite
1282 1419 44 71 de
1369 1411 42 84 sa
1471 1400 290 88 de패position
1845 1411 2 50 a
1897 1393 65 77 dit
2017 1397 140 67 quelle
2218 1383 242 72 contient

921 1515 151 89 verite패
1124 1509 131 91 quil
1303 1520 4 64 y
1372 1495 239 91 persiste
1665 1496 41 60 et
1754 1499 3 54 a
1812 1488 166 79 signe패
2035 1476 115 75 avec
2212 1472 154 69 nous
2447 1465 53 76 et

914 1614 29 80 le
1006 1606 199 87 Greffier
1261 1591 231 89 commis
1606 1583 186 88 signe패s
1861 1590 3 61 a
1906 1571 50 71 la
2005 1562 205 68 minute
2255 1552 243 78 Rocheron

921 1705 208 85 Esteve,
1166 1707 29 70 et
1246 1687 62 81 L.
1344 1680 289 90 Jivery
1689 1673 202 88 Greffier
1934 1649 249 102 commis

1171 1803 117 93 Jean
1328 1795 275 102 Antoine
1665 1803 180 87 Drieau
1907 1784 59 80 dit
2043 1779 216 87 Lataille
2321 1784 81 85 age
2443 1778 44 72 de

915 1913 176 88 trente
1158 1903 179 98 quatre
1401 1898 74 82 ans
1545 1892 283 89 aubergiste
1878 1878 42 82 En
1956 1893 101 72 cette
2107 1874 114 78 ville
2283 1881 3 66 y
2322 1856 205 94 demeurant

915 2021 118 65 Rue
1095 1993 341 111 Espagnolle
1504 1989 163 93 lequel
1728 1997 146 77 apre패s
1936 1969 205 75 serment
2211 1969 87 73 par
2341 1945 94 96 luy

914 2100 108 93 fait
1072 2097 47 83 de
1158 2102 95 77 dire
1304 2077 162 92 verite패
1516 2087 131 70 nous
1687 2077 155 64 avoir
1898 2054 216 78 declare패
2178 2048 125 73 netre
2344 2043 160 74 parent

923 2192 135 84 allie패
1121 2177 258 80 serviteur
1432 2191 47 54 ni
1519 2154 335 88 domestique
1910 2142 66 74 des
2033 2135 219 85 parties
2300 2127 122 61 nous

922 2287 138 86 avoir
1133 2260 329 112 represente패
1516 2243 266 100 lexploit
1828 2226 400 92 dassignation
2296 2228 3 48 a
2346 2205 93 82 luy

930 2372 173 91 donne패
1158 2362 159 94 pour
1358 2354 219 95 deposer
1640 2354 4 65 a
1699 2347 52 78 la
1794 2318 210 100 requete
2052 2317 53 80 du
2154 2300 277 93 procureur

923 2499 40 60 du
1004 2492 81 84 roy
1146 2487 35 82 ce
1227 2468 103 95 jour
1400 2459 100 86 par
1563 2423 294 99 Lalliquet
1919 2410 215 103 huissier
2165 2397 43 81 de
2234 2404 33 68 ce
2316 2380 115 110 sie패ge

1171 2577 195 81 Depose
1420 2550 87 85 sur
1554 2537 76 91 les
1663 2528 133 97 faits
1849 2514 229 100 enonce패s
2123 2517 45 69 en
2211 2503 160 75 la

908 2655 404 100 remontrance
1374 2650 45 83 en
1467 2627 224 95 plainte
1774 2621 45 92 du
1866 2608 284 100 procureur
2206 2599 50 85 du
2308 2594 74 83 roy
2427 2579 42 82 du

915 2747 264 109 jourdhier
1250 2735 126 93 dont
1433 2719 229 103 Lecture
1734 2729 99 78 luy
1884 2727 3 69 a
1930 2698 94 97 e패te패
2081 2690 134 102 faite
2278 2695 113 81 par
2423 2681 43 74 le

906 2841 203 101 Greffier
1165 2835 235 91 commis
1488 2815 249 100 quetant
1798 2811 43 83 en
1895 2798 69 91 sa
2032 2795 229 90 maison
2336 2793 88 72 vers
2478 2786 48 71 les

926 2995 111 39 deux
1103 2947 179 73 cures
1339 2922 53 98 de
1428 2917 181 96 lapre패s
1674 2905 119 99 midy
1845 2904 44 90 le
1927 2900 282 96 jourdhier
2275 2883 50 87 Il

909 3028 252 95 Entendit
1235 3018 39 81 un
1333 3013 105 96 coup
1532 3003 167 95 darmie
1782 2997 270 93 quetant
2114 2983 172 86 sorty
2341 2973 44 77 Il
2426 2969 59 77 vit

926 3121 42 84 du
1017 3112 196 89 monde
1262 3108 195 84 courir
1534 3104 115 86 che패s
1713 3096 35 91 le
1799 3091 108 71 sieur
1965 3083 174 88 Tache
2223 3080 121 88 quil
2415 3089 2 73 y
2448 3066 74 95 fut

925 3216 138 108 aussy
1115 3208 97 109 qu'a
1255 3198 260 119 lorsqu'il
1589 3192 92 116 fut
1730 3201 183 85 arrive패
1968 3190 127 93 che패s
2142 3172 160 94 ledit
2347 3168 137 102 Tache
