2368 3528
190 129 45 72 Du
287 131 52 72 13.
369 134 90 103 mers
495 130 92 105 1775.

148 213 100 125 c8.
299 227 82 113 51.

1042 174 482 96 Colonies

776 317 40 94 Le
878 317 40 88 S^r
972 317 220 93 Taillevis
1238 327 32 81 de
1324 309 189 116 Perigny
1559 316 220 93 demande
1833 303 24 116 le
1919 303 209 115 payennent

774 421 27 80 de
838 442 51 69 ses
939 417 377 91 appointements
1366 436 176 64 comme
1604 411 246 82 Lieutenant
1899 410 33 83 de
1981 407 89 91 Roy
2119 424 1 62 a

760 511 181 98 Leogane
1008 511 140 98 depuis
1195 513 114 94 1769.
1356 515 214 89 jusqu'au
1630 521 27 61 11.
1677 519 47 75 8^br
1744 507 67 89 1771
1871 507 94 80 datte
2025 508 27 72 de
2092 509 34 71 sa

764 607 189 87 retraites
1001 618 25 73 il
1068 606 158 85 observe
1299 624 62 66 que
1420 608 92 76 cette
1571 620 111 65 grace
1736 603 73 79 sera
1881 617 38 52 un
1966 590 130 90 foille

761 699 417 104 dedommagement
1242 707 52 87 des
1343 706 203 93 depenses
1602 712 66 80 que
1710 693 23 84 le
1789 698 138 78 service
1977 691 30 104 du
2049 691 80 104 Roy

759 804 61 76 lui
863 811 0 65 a
929 807 363 78 occasionnees.

921 889 63 98 Cet
1019 885 159 102 officier
1241 909 0 67 a
1303 885 63 96 ete
1386 884 327 95 effectivement
1775 893 194 83 nomme
2017 878 174 91 lieutent

769 993 32 78 de
839 991 77 84 Roy
979 1011 0 62 a
1049 989 197 93 Leogare
1322 1012 33 67 en
1392 987 122 94 1769;
1570 991 96 73 mais
1697 981 21 94 il
1760 981 141 85 paroit
1951 978 90 94 qu'il
2078 978 33 81 ne

763 1099 84 76 s'est
883 1109 78 69 pas
1009 1095 115 80 rendu
1184 1109 0 49 a
1244 1095 36 70 sa
1340 1087 294 85 destination,
1676 1083 193 89 quoiqu'il
1910 1083 43 78 en
1989 1085 66 65 soit
2096 1083 19 67 il
2150 1084 7 66 a

762 1188 153 80 obtenu
959 1187 32 85 en
1048 1205 89 74 1771.
1188 1191 64 84 une
1302 1205 178 65 pension
1543 1184 33 88 de
1638 1183 173 87 retraite
1867 1183 26 79 de
1949 1183 122 89 1500^lt
2096 1182 58 66 sur

760 1283 45 106 les
858 1280 128 109 fonds
1047 1279 30 106 de
1122 1279 38 103 S^t
1206 1279 256 105 Domingue
1538 1292 60 80 qui
1650 1300 2 64 a
1710 1277 48 84 du
1817 1283 288 81 commencer

779 1402 0 64 a
818 1383 194 112 cormgutes
1066 1383 31 110 du
1136 1383 93 106 jour
1284 1409 38 60 ou
1360 1408 25 58 il
1438 1393 102 77 avoit
1585 1384 110 86 cesse
1733 1377 118 110 d'etre
1896 1390 117 94 paye
2059 1377 32 73 de
2121 1377 55 73 ses

764 1494 372 85 appointements
1215 1489 98 85 dans
1355 1489 25 85 la
1440 1493 202 82 colonie,
1689 1494 56 73 s'il
1799 1493 1 70 a
1854 1485 165 79 touche
2061 1485 86 81 cette

780 1602 231 80 pension,
1035 1600 49 77 les
1127 1597 383 88 appointements
1559 1593 97 90 qu'il
1709 1592 202 84 demande
1984 1589 164 77 seroient

773 1716 39 48 un
851 1697 145 92 double
1061 1701 190 92 employ;
1297 1701 53 80 s'il
1415 1714 33 63 ne
1494 1701 33 76 la
1592 1718 72 57 pas
1717 1718 111 61 recue
1887 1697 308 82 anterieueurt

761 1819 0 61 a
803 1817 30 69 sa
899 1810 156 81 retraite
1127 1807 18 69 il
1205 1807 36 84 n'a
1301 1824 54 62 pu
1403 1803 36 79 la
1505 1803 252 86 demander,
1793 1805 120 79 parce
1967 1802 114 81 qu'ils

777 1923 25 62 ne
852 1909 114 90 setoit
1022 1913 132 82 point
1211 1906 132 86 rendu
1412 1924 0 62 a
1482 1905 31 86 S^t
1563 1903 252 90 Domingue
1872 1912 25 66 et
1941 1903 19 74 il
2016 1908 82 64 veut

761 2012 265 104 aujourdhuy
1082 2009 166 101 ajouter
1318 2012 59 67 une
1440 2007 158 85 seconde
1676 2010 194 97 susprise
1933 2010 1 64 a
1991 2012 72 66 une

769 2121 214 84 premiere
1055 2124 59 73 qui
1168 2125 137 76 n'avoit
1358 2127 60 72 pu
1466 2114 196 75 reussir,
1697 2109 54 76 des
1798 2108 257 77 demandes

767 2206 272 89 semblables
1090 2221 241 74 annoncent
1394 2201 190 92 combien
1646 2209 28 86 il
1729 2200 96 89 faut
1875 2202 77 75 etre
2014 2201 39 74 en

765 2309 110 97 garde
938 2318 135 79 contre
1136 2314 47 104 des
1238 2310 198 107 officiers
1483 2316 64 91 qui
1592 2311 35 101 se
1696 2295 207 117 fluttent
1971 2293 208 113 toujours

758 2404 75 96 d'en
897 2397 197 137 imposer
1158 2426 84 104 par
1296 2394 243 95 l'honneur
1594 2393 28 102 de
1668 2389 84 103 leur
1807 2387 188 135 Etan

1290 2566 183 79 Neant
