2432 3704
1067 170 135 110 Au
1257 152 108 141 Cap
1416 147 34 113 le
1512 159 71 102 20.
1627 172 137 83 Août
1845 123 185 127 1768.

978 297 204 114 Moubug

910 598 178 127 Vous
1164 645 143 72 avons
1381 579 249 124 l'honneur
1688 573 30 116 de
1750 595 99 91 vous
1890 599 196 92 envoyer

571 734 342 113 Monsieur
983 714 30 122 le
1083 711 121 126 Duc,
1248 751 129 88 ainsy
1420 750 66 86 que
1529 732 102 83 vous
1683 692 39 118 le
1764 700 213 121 désirés,
2000 683 30 110 la

600 851 250 109 procédure
899 839 272 113 Criminelle
1227 854 221 90 instruite
1526 854 24 79 à
1577 829 32 105 la
1665 823 360 109 Jurisdiction–

601 991 46 89 du
686 988 88 103 Cap
857 996 157 83 contre
1062 1010 37 64 le
1181 999 200 73 nommé
1450 968 108 92 Tach
1634 975 277 79 Armurier
1996 953 42 83 de

581 1096 166 116 lad^te
793 1092 175 132 Ville.
1033 1087 41 135 Il
1129 1080 107 124 vous
1293 1100 97 101 sera
1427 1074 136 131 facile
1628 1082 262 111 Monsieur
1936 1065 21 116 le
1992 1059 138 131 Duc,

600 1241 42 112 de
681 1235 124 120 Juger
869 1263 99 80 par
1016 1230 33 108 la
1089 1228 156 104 lecture
1317 1227 58 106 des
1407 1268 156 66 pieces
1627 1247 66 92 qui
1733 1220 34 108 la
1815 1242 278 96 composent

578 1372 237 105 Combien
867 1372 31 102 il
951 1370 61 98 est
1057 1368 176 109 fondé,
1270 1392 77 85 par
1393 1378 76 92 son
1514 1394 266 79 innocence,
1818 1402 0 61 a
1879 1395 190 74 espérer

592 1533 32 92 la
673 1532 136 91 grace
865 1533 129 83 qu'il
1066 1504 225 108 sollicite
1363 1502 65 104 des
1476 1502 169 111 bontés
1725 1502 40 106 du
1813 1528 266 77 souverain

822 1646 292 104 Nous
1188 1678 167 73 avons
1437 1629 275 122 l'honneur
1777 1625 134 118 d'être
1968 1672 126 69 avec

618 1812 38 68 un
712 1788 96 90 tres
866 1784 222 93 sincere
1151 1786 44 87 et
1245 1782 84 90 tres
1367 1777 222 94 parfait
1646 1783 368 85 attachement

459 1916 458 109 Monsieur
982 1905 61 118 Le
1098 1903 143 107 Duc,
1339 1915 192 103 Vostres
1571 1915 250 101 humbles
1887 1936 34 76 et
1978 1891 92 120 trés

585 2041 364 121 Obeissants
1048 2039 431 162 Serviteurs※

622 2221 51 93 Le
706 2232 121 91 prince
868 2225 23 102 de
917 2229 107 100 Rohem

1799 2276 191 109 Bongurs

217 208 48 79 S^t
323 179 241 142 Domingue

329 333 93 77 pre
