2784 3552
621 235 55 85 Ce
736 246 283 107 acceptant
1078 273 32 82 le
1154 246 116 113 plus
1306 247 246 106 prétieux
1657 272 85 97 que
1771 274 217 86 puisse
2038 283 94 80 être

671 406 40 64 en
758 376 41 115 sa
837 376 201 115 faveur,
1069 378 33 109 le
1140 379 297 118 suppliant,
1468 390 151 111 désire
1658 408 104 80 par
1834 416 32 56 ce
1914 424 79 63 don

601 503 270 89 reconmaitre
947 501 65 94 les
1075 510 90 88 bons
1227 521 207 78 services
1503 520 40 78 de
1580 513 174 85 ladite
1830 517 232 81 Julienne

616 634 30 83 et
702 622 37 90 de
781 639 152 70 nourrir
982 632 273 96 entretenir
1312 630 151 94 ledit
1526 629 330 102 Augustin,
1891 666 30 67 et
1977 639 66 92 lui

593 740 131 126 faire
782 745 312 125 apprendre
1144 783 35 71 un
1247 766 173 107 Metier,
1470 773 96 104 afin
1651 764 105 86 qu'il
1824 762 103 84 soit
1979 783 86 64 enl

605 872 91 82 étât
763 875 47 64 de
871 878 172 82 gagner
1092 882 223 84 savie,
1353 885 24 82 et
1432 889 144 79 eviter
1619 904 103 66 par
1772 913 29 47 ce
1874 915 137 61 moyen

591 999 133 100 qu'il
765 992 198 91 devienne
1029 1026 17 65 à
1078 999 199 119 chargé
1311 1028 24 69 à
1368 1000 34 86 la
1459 1000 191 122 Colonie
1715 1031 34 91 et
1790 1008 116 116 seres
1946 1006 126 107 Prace

687 1099 175 120 Signé
927 1111 242 116 Sébastiin
1218 1110 249 121 Bourgne,

780 1232 268 102 Accordé
1075 1263 38 72 en
1169 1232 356 106 Considération
1588 1245 38 96 de
1674 1251 176 96 Lutilité
1913 1249 96 93 dont
2057 1250 31 101 le

614 1362 86 106 dit
743 1366 238 106 Augustin
1025 1388 170 81 pourra
1238 1375 93 81 être
1384 1397 15 62 à
1445 1374 38 87 la
1529 1371 198 91 Colonie
1788 1403 38 59 en
1879 1386 183 80 servans

594 1482 137 78 dans
793 1515 31 56 la
914 1492 330 104 Compagnie
1314 1497 59 85 des
1435 1502 401 96 Chasseurs.
1892 1511 200 86 Signé,

635 1598 308 125 Fedmond,
995 1638 30 94 et
1088 1637 150 86 qu'il
1319 1623 58 96 se
1439 1648 297 90 soumettra
1818 1675 11 80 à
1854 1636 59 124 lui
1966 1646 122 92 faire

627 1760 308 102 apprendre
1001 1773 31 69 un
1106 1767 203 91 métier,
1352 1779 151 99 sans
1568 1778 152 106 quela
1770 1779 263 87 présente

610 1892 352 108 permission
1041 1880 244 102 devendre
1346 1884 37 105 de
1445 1916 72 100 nul
1570 1887 109 131 éffet
1758 1902 145 117 Signe
1957 1890 180 108 Preville

953 2017 364 97 ardevant
1422 2018 72 81 les
1564 2022 314 102 Ilotaires
1968 2038 187 89 Royaur

618 2164 2 61 a
681 2139 208 94 Cavenne
932 2168 38 66 et
1031 2153 245 94 Provinse
1346 2134 38 100 de
1417 2143 39 96 la
1533 2140 192 137 Boyane
1767 2148 307 120 française

617 2295 35 56 en
703 2289 260 79 amérique
1036 2290 463 87 soussignés※–

833 2398 94 120 fut
991 2400 219 123 présent
1300 2411 37 112 le
1377 2415 126 117 sieur
1576 2419 279 122 Sébastien
1928 2429 195 120 Gourgue

660 2546 314 104 Habitant
1068 2555 23 94 de
1130 2559 102 95 cette
1286 2563 192 117 Colonie
1534 2601 278 84 demeurant
1872 2610 297 85 ordineurement

588 2688 104 68 sur
731 2692 75 84 son
845 2684 268 110 habitation
1181 2701 212 99 quartier
1460 2706 47 98 de
1539 2717 38 98 la
1639 2720 188 95 Comtee
1875 2738 252 77 paroisse

630 2816 125 84 Notre
811 2808 199 97 Dame,
1065 2813 36 95 de
1180 2805 233 117 Rourae,
1435 2835 141 105 étant
1631 2823 111 121 logé
1779 2858 44 90 ce
1862 2831 108 105 jour

643 2932 187 99 nouvelle
909 2942 116 98 Ville
1071 2947 52 102 de
1167 2964 254 107 Chyenne,
1443 2960 85 100 rue
1572 2961 45 94 de
1677 2966 319 108 Chuiseuil

601 3045 207 114 Paroisse
884 3067 76 91 S^t
1001 3064 304 118 Sauveur,
1372 3086 177 106 Lequel
1584 3105 34 95 en
1687 3127 112 83 vertu
1860 3102 41 102 de
1947 3107 41 95 la

606 3200 342 115 Permissiom
1032 3240 41 95 et
1129 3239 275 109 agrement
1471 3252 48 73 de
1585 3252 319 93 messieurs
1979 3262 118 105 les.

2493 2040 0 110 "
