2944 3672
141 236 219 48 deposer

125 292 64 63 La
236 281 188 84 lequer

72 466 3 66 s
144 475 45 53 en
252 464 60 58 la

95 550 143 61 ureur
296 534 50 66 du
388 537 67 70 roy

69 626 114 79 faite
239 633 86 69 par
368 614 33 66 Le

75 709 311 74 mnoissance
425 701 77 63 des

75 804 114 64 ance
249 788 171 69 sinon

118 879 98 71 leur
266 867 249 83 armurier

92 969 104 73 olle.
236 953 39 83 Il
345 950 50 86 Ly

99 1065 84 79 une
228 1050 241 92 paillasse

69 1160 120 74 Tant
247 1157 239 77 Informe

89 1243 2 77 b
164 1234 150 83 audit
353 1231 162 78 endroit

81 1343 1 62 n
133 1335 93 69 luy
281 1330 57 72 dit
398 1330 73 71 que

97 1422 404 79 Innocemment

78 1513 335 86 npistolet

113 1613 207 79 lautre
374 1606 125 88 feroit

78 1705 159 75 etant
299 1693 177 83 party

110 1790 57 76 dit
224 1785 100 73 Tan

109 1899 90 67 par
256 1878 71 80 oui
378 1872 127 77 dire.

96 1986 127 68 avoir
282 1970 201 74 lecture

72 2069 65 73 Vil
205 2060 187 75 Quelle

71 2173 52 56 la
185 2154 170 87 signe
387 2154 105 76 avec

78 2252 77 73 nes
245 2259 1 58 a
306 2246 71 68 lai

154 2329 245 94 Rivery

109 2562 2 63 p
225 2531 112 90 cent

77 2635 38 60 de

95 2703 305 94 dpoillier
441 2691 40 74 en

81 2794 350 89 pagnolle

95 2910 110 61 pres
257 2877 260 86 serment

107 3000 153 58 avoir
319 2969 213 77 declare

98 3074 406 87 idomestique

73 3181 165 92 rente
289 3165 233 99 Lexploit

1112 199 356 100 dassignation
1537 212 1 62 a
1587 194 80 99 luy
1729 191 165 100 donne
1927 192 144 97 pour
2126 185 185 102 deposer
2381 201 1 63 a
2444 188 157 78 la

1098 298 196 97 requete
1358 299 43 90 du
1451 292 276 93 procureur
1786 289 55 67 du
1887 286 68 84 roy
2007 285 41 90 de
2087 293 21 80 ce
2148 280 107 91 jour
2321 278 82 86 par
2455 267 222 92 Laliquet

1100 396 187 71 huissier
1334 385 47 76 de
1409 390 34 75 ce
1482 372 170 89 siege.

1288 457 191 91 Depose
1524 448 86 93 sur
1660 450 56 89 les
1765 444 134 95 faits
1963 439 197 81 enonces
2224 452 41 56 en
2302 434 35 84 la
2381 422 303 92 remontrance

1108 577 34 72 en
1192 549 242 92 planite
1483 542 42 83 du
1587 541 55 90 dit
1704 523 287 104 procureur
2041 527 35 73 du
2119 538 68 72 roy
2234 516 44 91 du
2319 516 107 81 jour
2461 501 147 79 dhier

1106 644 112 69 dont
1277 631 223 85 lecture
1553 623 79 96 luy
1690 641 2 54 a
1744 616 80 93 ete
1854 607 135 102 faite
2054 617 113 80 par
2204 597 31 76 le
2301 589 208 96 Greffier

1103 730 200 92 commis
1372 730 72 79 que
1493 712 55 93 le
1589 704 271 98 jourdhier
1928 699 100 73 vers
2069 686 67 78 les
2189 685 121 83 neuf
2369 688 4 56 a
2428 671 142 80 dix

1100 816 170 93 heures
1341 814 54 85 du
1447 820 158 73 matin
1695 793 29 84 le
1763 797 115 77 sieur
1949 775 264 96 Vrigneau
2284 769 115 76 vint
2446 765 113 81 ches
2619 756 66 85 luy

1101 906 278 107 deposant
1450 910 4 84 a
1509 892 153 103 leffet
1717 891 40 82 de
1805 871 309 89 brocanter
2170 843 291 102 ensemble
2528 838 74 90 des

1126 995 252 96 pistolet
1464 999 79 82 que
1592 997 87 73 luy
1719 973 292 94 deposant
2059 968 182 80 ayant
2310 963 110 72 pris
2495 951 111 68 ceux

1102 1101 140 86 dudit
1309 1087 134 93 sieur
1504 1084 282 82 Vrigneau
1866 1060 82 96 luy
2002 1057 179 78 donna
2270 1072 40 52 en
2366 1040 249 85 Echange

1141 1218 43 58 ne
1228 1196 173 83 paire
1463 1194 4 64 a
1511 1200 92 81 luy
1666 1159 426 117 appartenant
2157 1147 231 101 quapres
2453 1148 77 88 que
2575 1136 42 73 le

1100 1307 63 71 dit
1226 1297 264 91 Echange
1559 1277 79 105 fut
1699 1273 107 101 fait
1875 1262 88 99 luy
2016 1253 292 105 deposant
2366 1236 230 93 decharge
2640 1242 1 63 a

1109 1393 56 100 les
1214 1383 259 105 pistolets
1552 1392 96 80 que
1695 1358 156 84 ledit
1906 1355 140 83 sieur
2108 1343 271 84 Vrigneau
2442 1326 193 83 venoit

1105 1519 38 74 de
1190 1492 92 93 luy
1333 1485 267 96 donner,
1637 1481 35 57 et
1727 1460 44 74 de
1813 1454 49 80 la
1924 1457 147 70 meme
2127 1448 200 79 charge
2396 1421 187 85 desdits

1124 1586 274 101 pistolets
1475 1578 44 85 Il
1583 1581 274 85 chargea
1935 1557 110 91 ceux
2111 1552 130 96 quil
2300 1532 360 100 Echangeoit

1104 1714 70 73 au
1209 1699 133 86 sieur
1410 1681 260 94 Vrigneau
1738 1678 74 84 que
1882 1663 87 77 sur
2044 1651 62 86 les
2150 1659 107 77 onze
2325 1642 160 75 heures
2554 1627 75 92 luy

1100 1794 283 103 deposant
1440 1788 47 94 et
1530 1775 144 99 ledit
1725 1768 122 79 sieur
1907 1753 266 104 Vrigneau
2241 1742 183 102 furent
2490 1737 121 78 chez

1122 1907 31 79 Le
1190 1899 117 79 sieur
1373 1889 173 86 Tache
1612 1890 4 62 a
1675 1871 152 98 Leffet
1893 1860 46 85 de
1978 1852 143 104 faire
2189 1842 178 88 recoler
2448 1849 39 82 un
2532 1833 130 88 petit

1151 1992 289 82 morceaux
1513 1972 36 83 de
1591 1966 95 90 bois
1780 1974 41 66 de
1883 1954 37 96 la
1967 1950 42 96 fu
2090 1946 88 87 dun
2245 1942 81 83 des
2356 1936 87 88 dits
2486 1932 207 87 pistolete

1121 2112 75 69 que
1244 2089 36 87 le
1328 2083 89 83 dit
1471 2077 107 84 sieur
1652 2063 263 86 Vrigneau
1984 2064 42 70 en
2054 2040 237 95 Extrant
2347 2025 138 91 ches
2547 2026 29 87 le

1101 2189 136 94 sieur
1295 2184 179 89 Tache
1545 2165 96 94 luy
1693 2147 260 106 demanda
2053 2139 74 88 sil
2180 2143 258 81 pouvait
2501 2125 104 92 luy

1117 2272 325 97 racomoder
1511 2263 141 91 ledit
1741 2262 219 83 morceau
2037 2245 44 70 de
2111 2239 85 73 bois
2268 2248 1 58 a
2335 2231 75 91 son
2450 2223 203 96 pistolet

1116 2406 3 60 a
1171 2400 135 72 quoy
1358 2364 148 76 ledit
1559 2351 211 87 Tache
1829 2338 287 107 repondit
2197 2338 127 93 quil
2372 2337 83 66 nen
2518 2331 124 84 avait

1118 2503 97 68 pas
1301 2475 40 70 le
1384 2478 187 83 temps
1631 2469 91 82 que
1770 2456 35 68 le
1872 2449 73 88 dit
2012 2443 117 84 sieur
2196 2437 332 83 Vrigneau

1105 2580 253 91 saddressa
1439 2564 195 92 enssuite
1695 2579 55 60 au
1817 2553 208 89 garcon
2106 2544 41 84 du
2209 2554 135 69 sieur
2401 2535 200 80 Tache

1104 2693 162 92 apres
1350 2681 90 95 luy
1516 2675 140 90 avoir
1725 2650 197 99 parte
1963 2644 90 99 luy
2107 2635 284 109 deposant
2454 2636 32 72 et
2532 2623 133 86 ledit

1102 2784 122 84 sieur
1280 2775 307 92 Vrigneau
1670 2761 43 78 se
1755 2743 394 92 retirerent,
2185 2734 134 81 ledit
2384 2727 140 69 sieur

1098 2878 274 100 Vrigneau
1446 2876 179 92 ayant
1701 2852 158 87 Laisse
1912 2851 67 74 ces
2054 2846 118 87 deux
2261 2827 228 100 pistolets
2566 2821 64 88 sur

1100 2961 220 103 letably
1399 2979 1 65 a
1457 2966 118 69 cote
1632 2943 88 92 dou
1799 2938 360 101 travailloit
2213 2927 40 98 le
2315 2933 214 90 garcon

1112 3083 72 84 que
1230 3071 94 94 vers
1413 3057 59 82 les
1540 3074 78 65 une
1694 3039 156 91 heure
1918 3046 60 82 de
2021 3032 223 99 lapres
2345 3011 129 95 midy
2520 3004 150 75 dudit

1115 3162 113 98 Jour
1308 3159 38 96 le
1393 3167 202 85 garcon
1670 3141 43 72 de
1767 3138 99 97 luy
1920 3135 294 96 deposant
2287 3121 121 79 dont
2487 3117 39 68 Il
2571 3120 52 66 ne

1097 3252 139 111 scait
1312 3264 99 80 pas
1487 3247 43 90 le
1567 3232 107 100 nom
1757 3227 210 116 propre
2037 3245 42 70 de
2132 3208 425 119 lappellant
