3808 3008
2006 258 32 62 du
2101 267 21 54 7.
2154 256 90 61 aout
2302 253 89 77 1719.

2003 371 337 97 Information.

2088 712 108 234 chy

2836 317 264 95 Altait
3175 319 36 100 des
3265 360 160 59 minuttes
3452 360 22 63 du
3500 360 98 66 grfffe

2815 410 155 93 crimimel
3027 411 34 93 du
3078 412 86 93 siege
3207 425 117 84 royal
3374 416 22 90 de
3420 417 53 68 S^t
3511 426 96 66 Louis.

2471 489 402 107 Information
2954 496 91 90 faite
3095 503 68 88 par
3213 528 92 66 nous
3340 528 2 66 &
3436 523 91 75 jean

2401 593 229 85 Baptiste
2690 600 222 80 DEcopin,
2942 603 218 63 Lieutenant
3207 600 85 66 cevil
3357 607 19 56 et
3393 604 182 69 cimnel

2407 681 29 52 de
2471 668 25 58 la
2525 668 139 66 partie
2708 677 30 53 du
2757 663 60 69 sud
2851 663 35 71 de
2911 663 49 68 S^t
2985 663 286 72 Domingue,
3286 667 0 60 a
3340 683 25 43 la
3405 664 148 71 Requete

2399 743 27 70 de
2464 748 81 59 jean
2626 735 146 67 Thomy
2826 734 249 66 demandeur
3118 738 38 65 Et
3199 734 352 78 compleignant

2393 803 191 69 habitant
2633 800 257 70 demeurant
2967 802 38 80 au
3038 803 191 79 quartier
3295 823 44 62 des
3371 825 215 60 anglois,

2388 882 24 66 Le
2467 871 213 84 Procureur
2753 874 116 86 fiscal
2942 877 141 75 joint.
3124 881 178 83 Contre
3398 909 172 60 mathieu

2387 964 188 65 janson,
2618 957 188 82 habitant
2867 966 30 75 du
2927 962 111 79 port
3073 961 183 73 Ervaillon
3357 965 214 79 deffendeur

2378 1033 29 72 Et
2456 1040 194 74 acuse,
2705 1038 1 70 A
2782 1036 183 81 laquelle
3026 1049 271 70 jnformation
3391 1056 138 61 avons

2385 1112 163 69 procede
2607 1116 99 70 ainsi
2765 1116 95 65 qu'il
2923 1119 203 63 Ensuit.

2804 1205 106 110 Du
2961 1219 190 97 septieme
3225 1243 114 67 aoust
3391 1242 69 81 mil
3495 1245 69 76 sept

2792 1311 67 79 cent
2918 1322 67 71 dix
3058 1308 127 71 nous,
3214 1312 37 56 au
3311 1311 134 64 malin

2469 1414 176 81 Claude
2710 1423 118 73 joseph
2899 1418 35 79 La
2981 1416 177 80 Place,
3211 1440 118 56 Major
3394 1422 35 63 du

2378 1488 221 84 Regimrent
2657 1488 41 76 des
2732 1491 122 79 milice
2901 1503 23 68 de
2947 1498 29 74 la
3011 1498 151 73 partie
3203 1494 29 77 du
3255 1490 64 77 sud
3371 1490 29 70 de
3429 1493 111 69 Sainnt

2380 1565 261 82 Domingue,
2671 1570 232 60 demeurant
2961 1569 35 53 En
3048 1571 29 71 ce
3106 1569 227 82 quartier
3372 1569 2 82 E
3407 1569 159 82 paroisse

2381 1638 192 66 d'aquin,
2605 1642 67 62 age
2724 1637 32 58 de
2797 1634 115 73 trente
2954 1632 67 75 six
3084 1645 58 50 ans
3171 1654 39 45 ou
3256 1634 219 77 Environ,
3494 1645 96 65 lequel

2375 1722 93 69 apres
2506 1697 174 96 serment
2736 1713 56 75 par
2835 1701 50 91 luy
2929 1701 81 85 fait
3059 1702 25 75 de
3109 1718 70 51 dire
3234 1716 119 62 verite
3394 1708 27 91 et
3444 1726 83 58 qu'il

2380 1793 79 57 nous
2487 1781 84 64 adit
2627 1782 107 81 n'Etre
2813 1785 191 71 parent,
3037 1783 124 81 allie,
3211 1784 186 70 serviteur
3459 1793 28 54 ni

2367 1851 253 85 Domestique
2691 1863 32 71 des
2756 1858 156 76 parties
2957 1859 20 66 et
3002 1864 79 80 nous
3105 1879 2 74 a
3163 1864 236 92 represente
3442 1865 151 93 l'eExploit

2363 1926 251 91 d'assignation
2715 1950 0 52 a
2759 1934 69 80 luy
2872 1946 145 62 donee
3091 1956 71 71 par
3216 1941 160 91 Grauge
3418 1948 159 69 huissier

2357 2015 19 57 le
2412 2009 189 73 troirieme
2668 2010 31 63 du
2754 2011 219 86 courant,
3016 2037 97 51 pour
3185 2029 167 71 deposer
3423 2040 2 43 a
3459 2023 33 69 la

2353 2088 178 81 Requete
2585 2092 116 85 dudit
2747 2098 89 95 jean
2903 2098 206 99 Thomy,
3148 2105 22 93 le
3216 2107 235 96 procureur
3486 2112 81 83 fisal

2360 2164 137 69 joint.

2515 2219 244 97 Depose
2852 2219 39 93 fir
2944 2242 46 75 des
3023 2241 93 76 faits
3169 2247 231 70 mentionnes
3440 2245 26 61 En
3493 2248 19 63 la

2358 2320 163 61 plainte
2600 2319 108 67 dudit
2745 2326 79 57 jean
2890 2318 154 67 Thomy
3104 2319 28 61 de
3160 2322 196 64 laquelle
3417 2320 61 66 luy

2350 2406 121 65 avons
2515 2393 83 78 fait
2674 2385 102 79 faire
2858 2379 198 95 Lecture,
3105 2383 78 93 que
3232 2389 34 90 le
3315 2409 91 61 jour
3467 2410 34 54 de

2345 2467 223 65 dimanche
2655 2464 182 74 trentieme
2897 2468 37 72 de
2978 2473 149 60 juillet
3182 2474 157 65 dernier
3424 2478 33 65 la

2331 2526 86 77 nuit
2487 2526 151 90 Environ
2721 2549 78 68 onze
2877 2547 144 81 heures,
3072 2535 20 80 el
3156 2541 125 71 trouva
3383 2548 27 85 au
3441 2563 86 59 pied

2334 2605 26 73 du
2442 2606 127 92 Morne
2639 2608 32 90 S^t
2697 2610 120 90 George
2899 2618 29 72 Le
2969 2616 167 96 nomme
3210 2632 213 81 janson,
3446 2634 136 79 habitant
