2688 3528
874 289 38 83 de
968 281 199 95 l'autre
1225 284 170 81 pare.

1489 279 86 51 ..

129 376 180 95 Soulard
377 374 173 88 serrurier
666 375 111 88 pour
825 387 166 71 plusieurs
1045 374 173 77 serrures,
1265 364 133 90 gonds,
1435 352 238 98 pentures,

1723 247 210 100 3540..
1969 245 61 96 15.

577 465 129 68 crochets
757 473 22 49 et
835 457 76 69 main
957 454 154 69 d'ocuvre
1181 443 174 66 suivant
1410 433 154 71 compte
1630 433 119 56 ...
1767 424 109 68 390.

93 540 204 81 Villedrouin
372 556 14 63 a
430 535 134 82 Leogane
669 543 91 62 pour
828 517 133 82 travail
1018 513 103 72 d'un
1184 515 97 73 negre
1339 504 49 82 qui
1434 509 2 58 a
1487 495 157 70 blanchi

577 602 96 67 toutte
736 600 26 63 la
830 607 119 52 maison
1012 581 222 71 principalle
1292 573 161 68 suivant
1507 563 166 69 quittance
1737 568 48 55 ..
1815 553 64 67 30.

70 696 204 89 Minuton
344 684 179 90 Tapissier
667 692 106 66 pour
837 662 203 93 garniture
1111 663 51 76 des
1202 651 143 84 chassis
1389 644 53 85 des
1488 639 111 88 portes
1640 643 32 58 de

582 762 25 71 la
646 754 134 75 Salle,
831 749 82 66 deux
968 754 113 59 paires
1126 737 34 60 de
1205 723 135 78 chassis
1390 722 56 67 des
1506 710 155 78 fenettes

585 834 47 74 des
672 827 165 75 cabinets
889 825 35 64 de
959 804 322 89 l'apartement
1343 794 155 79 fairant
1544 785 72 76 face
1657 795 19 49 a

578 905 165 75 lavelle.
803 900 110 65 facon
974 885 256 71 seulement,
1296 876 36 70 les
1374 869 193 69 cannevas
1608 867 27 56 et

569 977 93 78 Cloux
725 980 63 66 aux
851 968 81 78 frais
990 963 32 69 de
1073 954 63 74 M.
1181 950 52 73 De
1259 946 207 83 Perrigny
1536 946 254 59 .....
1813 929 55 69 18.

84 1083 26 77 Le
147 1080 98 86 noble
312 1096 33 58 m^r
376 1091 14 79 a
433 1078 97 91 Leog^e

641 1076 116 57 pour
831 1057 40 58 6.
901 1048 171 82 couplets,
1096 1056 3 64 3
1134 1041 170 82 serrures,
1334 1041 34 64 8.
1394 1031 109 72 barils
1529 1027 126 80 chaux

603 1127 55 72 4^l
690 1125 94 67 cloux
830 1139 1 48 a
884 1118 144 67 essentes,
1065 1123 49 56 3^s
1141 1108 107 63 blanc
1289 1103 24 71 de
1343 1104 131 68 cernze,
1505 1109 88 55 pour
1630 1096 60 51 uue

585 1193 91 78 porte
729 1205 97 55 neuve
873 1189 163 69 donnant
1089 1172 64 75 sur
1216 1171 30 67 la
1289 1166 140 78 Gallerie
1459 1153 103 77 suiv^e
1581 1148 131 78 comple
1749 1153 30 67 ..
1792 1147 92 76 171.

88 1298 31 71 Le
151 1287 113 81 Brun
354 1274 178 86 menuisier
627 1276 114 73 pour
796 1264 112 83 facou
958 1264 31 70 de
1028 1257 78 79 deux
1150 1246 100 86 portes
1278 1244 141 82 cocheres
1463 1240 124 72 neuves,
1619 1233 73 67 tros

577 1348 146 73 cloisons
778 1346 135 66 neuves,
952 1334 2 63 4
1005 1329 102 78 portes
1152 1324 4 76 2
1190 1319 139 76 fenetres
1385 1319 155 64 neuves,
1563 1305 193 72 clairevoye

578 1411 41 78 des
643 1407 138 80 fenetres
833 1404 30 66 de
904 1397 143 78 cuisie,
1093 1395 34 69 2.
1153 1387 202 68 cadenats,
1381 1393 39 69 10.
1435 1387 1 64 L
1490 1377 153 73 cloux,

588 1484 182 70 garniture
822 1481 36 60 de
905 1486 30 53 2.
963 1472 119 70 chassis
1114 1466 158 68 doubles,
1299 1466 26 57 et
1367 1472 46 56 un
1440 1455 119 69 simple
1621 1460 31 59 en

576 1552 168 69 Cannevas
791 1553 25 50 et
859 1542 118 65 cloux,
1024 1544 74 61 deux
1146 1533 84 66 petits
1268 1524 205 69 planchers
1521 1522 108 66 neufs

582 1634 31 44 un
666 1618 218 63 tourniquet
937 1610 80 65 deux
1074 1599 146 72 dressoirs
1268 1610 31 52 en
1336 1589 135 64 echelles
1519 1587 125 61 fermes
1687 1587 26 53 en

578 1679 161 78 planches
770 1686 85 65 dans
895 1673 20 73 le
945 1671 58 79 bas
1054 1675 20 64 le
1104 1666 73 74 tout
1219 1664 84 72 reste
1350 1658 36 75 au
1405 1657 63 76 Roy
1509 1648 90 71 suiv^t
1620 1643 160 79 compte.
1806 1639 99 78 515.

75 1764 124 78 Perrot
238 1762 100 86 Garde
379 1769 183 74 Magazin
669 1755 118 72 pour
846 1744 50 70 une
937 1734 135 86 cloison
1131 1730 154 75 formant
1338 1741 32 54 un
1411 1724 147 76 cabinet
1599 1718 69 73 sous
1690 1715 20 72 la

582 1828 179 78 gallerie,
801 1824 98 75 portes
939 1815 147 75 fenetres,
1126 1807 114 75 peinites
1270 1814 18 56 et
1340 1801 103 78 serree
1532 1801 237 51 ....
1810 1785 103 67 300.

100 1925 35 65 La
205 1914 100 80 motte
353 1912 187 77 menuisier
676 1922 100 61 pour
840 1902 111 72 facon
1010 1898 34 60 de
1082 1899 1 69 3
1142 1890 111 81 portes
1289 1889 18 68 et
1360 1887 41 78 4.
1437 1885 144 75 fenetres
1634 1885 24 62 et

575 1999 160 58 ouvrages
779 1978 31 65 de
865 1973 200 79 menuiserie
1120 1971 163 70 suivant
1333 1962 154 76 compte
1567 1968 139 46 ...

104 2083 143 77 Payen
303 2075 184 77 Gaboteur
609 2076 104 58 pour
797 2064 88 73 123.
916 2059 81 75 pieds
1052 2054 31 66 de
1115 2059 59 65 bois
1218 2057 166 69 equarres
1422 2050 25 64 et
1484 2041 110 74 rond,
1621 2036 155 78 employe

579 2155 32 51 au
644 2140 133 69 comble
840 2134 36 61 du
935 2127 161 74 magazin
1151 2119 171 74 cy-dessus
1380 2114 223 71 mentionne,
1631 2113 22 53 et

586 2217 56 65 aux
708 2209 143 63 latrines
902 2199 144 70 suivant
1102 2191 177 70 quittance

1792 2152 106 102 150.

91 2292 90 88 d'un
215 2287 146 95 Capit^e
395 2285 170 90 Espagnol
664 2298 100 48 pour
849 2280 33 71 22
936 2265 196 95 planches
1179 2261 89 74 pour
1329 2257 39 87 les
1422 2250 106 90 portes
1566 2259 49 61 des
1646 2257 119 81 remises

583 2357 25 63 et
657 2352 103 60 autres
828 2352 10 60 a

1814 1963 61 91 37

1777 2326 125 60 132.

80 2436 110 80 Cofte
273 2430 189 81 marchaud
642 2439 86 66 pour
778 2432 81 61 30^lt
886 2418 109 80 Cloux
1044 2418 13 65 a
1096 2427 24 61 2^s
1147 2416 41 76 5^et
1214 2410 167 79 suivant
1437 2408 205 76 quittance
1708 2411 70 58 ..
1822 2400 47 76 67
1907 2409 59 57 ..
1993 2410 52 59 10.

88 2537 110 61 Jeronu
227 2533 23 60 et
289 2520 135 73 Leonard
469 2525 115 64 macon,
650 2527 119 51 pour
840 2508 130 71 compte
1009 2500 213 70 d'ouvrages
1251 2495 22 62 de
1318 2494 223 69 maconnerie
1591 2482 166 69 quittane

568 2603 23 45 la
640 2581 194 82 nourriture
894 2587 57 58 aux
1000 2572 78 73 frois
1120 2573 30 61 de
1192 2574 58 61 M.
1276 2562 51 73 De
1359 2557 190 79 Perrigny
1630 2564 124 45 ....
1780 2546 118 70 120.

78 2669 105 80 Denis
216 2662 93 88 hab.
336 2661 81 90 aug^r
438 2657 171 85 hoave.
648 2659 110 79 pour
822 2663 38 52 un
907 2647 134 79 compte
1100 2640 121 78 debois
1250 2640 25 70 de
1310 2646 193 76 charpente
1550 2640 91 75 pour
1670 2638 19 72 le

595 2740 149 58 magazin
799 2722 80 70 dont
930 2717 17 68 le
982 2712 137 69 comble
1170 2714 12 57 a
1228 2706 74 75 neuf

76 2832 187 62 Rcourd
332 2802 240 88 Gaboteur.
660 2809 120 67 pour
832 2791 79 88 fret
950 2787 98 86 desd.
1093 2785 68 80 bois
1206 2792 38 75 au
1272 2779 79 78 bord
1397 2784 43 73 de
1468 2782 32 79 la
1546 2786 55 71 mer

1780 2693 85 68 387

585 2871 171 69 suivant
812 2863 151 75 compte
1034 2859 192 75 quittance

1696 2855 189 74 ..66.

642 2944 37 67 La
744 2940 107 72 facon
916 2938 37 58 de
992 2934 255 74 couverture
1312 2932 97 63 dud.
1464 2934 203 68 magazin

580 3026 28 55 en
636 3010 127 79 paille,
812 3017 101 70 payee
963 3010 67 57 aux
1090 3010 117 71 negres
1278 3002 96 72 sans
1417 3000 206 74 quittance
1678 2999 40 73 cy
1756 2998 45 69 ..
1822 2996 68 66 30.

1725 3046 232 93 6014..
2006 3045 40 90 5.

588 3175 169 86 arrete
848 3175 21 98 le
932 3178 154 101 present
1149 3187 148 86 compte
1360 3191 14 87 a
1423 3177 56 91 six
1549 3188 78 93 mille
1697 3177 317 104 quatorzelevres
2061 3187 73 90 cinq
