2304 3528
752 298 396 110 Compte
1256 293 475 104 particulier
1840 320 33 79 de
1919 317 174 78 dépense

580 427 120 94 faittes
761 443 84 71 par
921 447 238 63 occonomié
1234 429 78 80 par
1373 419 22 79 le
1437 412 63 76 S^r
1569 411 63 85 De
1681 409 250 100 Perrigny,
1987 409 76 86 lors

595 514 139 82 major,
771 509 290 88 commandant
1123 508 88 76 pour
1274 507 19 63 le
1318 509 69 72 Roy
1437 523 13 51 à
1513 505 213 90 Léogane,
1758 525 119 61 pour
1933 503 183 79 rétablir

571 599 34 66 les
659 597 209 75 bâtimens
955 600 51 71 du
1064 593 402 70 Gouvernement,
1526 586 159 76 terreiis
1740 591 22 70 et
1822 584 175 74 jardins
2052 599 39 51 en

573 683 272 81 dépendans,
908 681 100 75 leurs
1078 681 136 74 hayes
1266 681 25 56 et
1348 666 184 73 clôtures
1595 665 189 81 pendant
1842 658 42 81 les
1942 659 95 75 trois

584 781 68 62 mois
721 768 161 78 qu'ont
962 763 110 66 duré
1148 761 45 56 les
1264 758 361 75 ouvrage.

704 865 147 65 Pour
933 856 275 67 nourriture
1285 854 36 57 de
1393 848 89 62 deux
1540 852 89 59 cens

570 942 355 87 quarantesept
991 938 189 75 journées
1236 938 41 57 de
1327 930 154 82 négres,
1543 931 143 63 maçons

561 1033 27 60 et
626 1015 283 96 charpentiers
985 1034 14 53 à
1062 1007 117 76 trente
1236 1003 73 92 sols
1358 1012 98 78 par
1512 1006 104 74 jour

681 1178 127 90 pour
875 1160 267 97 fournitures
1217 1156 37 98 de
1301 1165 37 82 ses
1398 1165 182 83 propres

557 1260 246 86 tombereaux
864 1270 24 68 et
942 1250 144 76 muilets
1159 1267 58 61 qui
1261 1256 58 58 ont
1380 1238 234 85 approché

577 1361 172 69 majeure
798 1337 139 89 partie
998 1334 50 87 des
1109 1323 262 74 matereaux
1474 1322 40 87 cy
1584 1325 156 52 ...
1798 1307 117 89 400.

672 1451 135 71 pour
881 1430 51 76 six
1001 1435 150 72 négres
1230 1420 37 76 de
1290 1415 128 71 place
1478 1424 50 63 qui
1577 1422 61 54 ont

562 1533 53 66 eté
644 1524 192 73 employés
879 1515 167 72 pendant
1104 1509 85 59 deux
1238 1505 62 63 ans
1357 1499 71 63 aux
1495 1490 163 63 travaux

570 1599 48 65 des
650 1593 174 72 terreuis,
866 1591 108 68 après
1031 1591 109 55 avoir
1192 1574 102 73 servi
1357 1569 47 67 les
1457 1557 188 69 ouvriers

565 1676 127 72 comme
763 1664 260 69 manoeuvres
1070 1647 190 74 pendant
1321 1642 43 68 les
1422 1635 244 71 travaux.

563 1748 20 64 le
636 1741 44 79 S^r
739 1737 41 75 De
815 1729 217 76 Perrigny
1072 1745 31 56 en
1155 1726 127 73 payon
1362 1710 85 71 trois
1495 1717 83 62 cens

568 1807 87 80 livies
697 1802 149 79 deloier
910 1794 36 70 de
989 1806 182 63 chaque,
1202 1794 30 60 et
1287 1775 209 86 répondoit
1545 1784 41 61 de
1618 1773 64 75 leur

583 1882 231 72 mortalité;
854 1892 25 55 ce
908 1889 56 63 qui
1033 1869 138 74 fairoit
1239 1860 110 77 pour
1417 1854 46 67 les
1532 1845 126 80 vingt–

576 1948 121 77 quatre
754 1962 73 59 mois
889 1941 82 66 trois
1014 1934 88 75 mille
1148 1932 56 75 six
1246 1950 77 53 cens
1375 1924 142 74 livres.
1580 1917 29 74 Il
1650 1917 73 71 n'en

565 2024 94 80 porte
702 2020 43 84 icy
807 2035 36 56 au
870 2012 77 84 RRoy
1001 2026 65 67 que
1128 2000 151 82 moitié;
1318 2003 30 63 et
1404 2004 36 67 ne
1484 1989 198 74 demande

569 2102 68 77 lien
683 2115 94 60 pour
834 2092 18 66 le
900 2087 143 69 service
1104 2082 105 77 qu'y
1251 2082 61 66 ont
1359 2068 105 79 fait

570 2169 376 83 continuellement
1020 2165 41 63 au
1102 2161 57 68 vû
1217 2149 41 73 de
1327 2146 101 68 tout
1486 2146 19 64 le
1540 2131 184 81 quartier

559 2262 46 93 ses
648 2253 197 91 propres
925 2246 141 94 negres
1167 2232 44 102 cy

787 2353 257 98 Total
1212 2344 52 103 Cy
1329 2384 191 48 ...

1762 2185 196 87 1800.

1636 2342 372 109 ..2570..
2042 2345 83 72 10.

587 2524 214 84 certifié
842 2516 244 81 veritable
1120 2513 139 70 comme
1296 2516 31 77 cy
1359 2511 161 66 dessus,
1564 2519 43 60 au
1657 2510 205 77 montant
1949 2499 50 81 de

575 2603 97 105 deux
722 2610 96 79 mille
850 2606 198 104 cinqcens
1090 2597 215 88 soixante
1339 2597 61 78 dix
1441 2598 147 71 livres
1631 2596 60 73 dix
1741 2600 61 116 sol
1853 2594 283 122 Perrigny

1782 1086 166 93 370..
1986 1074 63 90 10^l.
