2784 3592
383 297 64 61 Bon
496 296 16 63 à
545 295 162 66 Brules,
729 313 70 50 celle
847 313 33 51 du
950 304 108 62 milien
1129 304 27 63 au
1204 313 98 56 quart
1350 299 108 72 pleine
1523 303 27 69 de
1583 293 108 80 paille
1761 294 54 63 &t
1853 295 77 62 celle
1983 297 33 73 du
2041 298 72 77 Sud

379 372 25 62 au
452 365 86 76 deux
580 356 86 86 liers
702 355 104 90 pline
848 355 18 88 de
927 353 152 90 Bagasse
1128 359 134 83 verte,
1286 363 92 78 toutes
1414 358 86 73 trois
1536 359 177 73 renversées

378 442 88 75 plus
501 422 23 84 le
552 429 60 84 case
648 447 15 53 à
684 447 22 53 la
727 423 146 85 Prouets,
902 418 139 84 sertat
1076 428 97 80 aussy
1200 429 23 70 de
1280 421 212 84 Boutique,
1534 395 212 109 l'hopital
1796 395 23 102 et
1854 395 103 103 vingt
2000 397 66 92 six

378 500 81 77 pares
497 499 13 83 à
547 494 101 88 negres
691 490 208 78 entièrement
942 492 201 80 renversés.

731 548 186 85 Survent
973 548 42 79 les
1054 545 185 80 dannes.

386 622 18 75 de
435 624 25 78 la
510 640 87 57 nous
628 640 74 60 nous
739 613 168 85 sommes
937 611 224 77 transporté
1203 630 76 60 dans
1309 614 19 76 le
1352 598 168 90 jardin,
1538 608 32 70 ou
1619 594 106 87 stant
1780 594 88 85 nous
1904 620 88 58 avons
2022 602 112 75 trouvé

372 685 97 71 toutes
497 684 27 70 les
559 682 118 90 connes,
698 682 62 98 tant
795 690 118 81 grandes
948 676 48 98 que
1031 682 98 90 jeures
1162 676 23 94 et
1210 674 162 96 resettons
1412 689 22 75 de
1453 687 65 77 tout
1557 686 58 76 age
1696 668 244 73 entierement
1987 666 155 70 couchées

372 757 18 62 et
425 736 206 79 larabinées

381 800 71 66 nous
488 801 95 72 avons
619 796 262 79 pariellement
922 795 107 78 visité
1071 789 30 85 les
1136 795 215 79 Batiments
1380 789 256 83 qu'occuppet
1666 785 65 70 sur
1791 784 268 73 l'habitation
2100 787 18 71 le

375 861 90 69 sieur
518 867 110 56 mailin
670 856 227 73 chorurgien,
918 856 21 70 et
976 865 106 55 avons
1118 850 148 77 trouvé
1308 854 37 67 sa
1398 850 132 68 cuisine
1572 855 31 64 de
1646 848 36 73 sa
1730 847 111 76 remise
1898 846 238 73 Entierement

370 916 190 70 renversées,
586 914 32 72 sa
670 913 111 73 maises
834 911 31 76 en
897 915 79 72 plus
1013 913 121 69 grande
1182 908 131 77 partie
1366 909 216 69 découverte
1635 912 26 68 et
1698 903 158 76 panchée
1925 907 0 58 –

380 981 64 67 dela
496 985 76 65 nous
606 982 76 69 nous
722 991 151 63 sommes
902 970 238 85 transporté
1180 967 12 68 à
1232 966 30 69 la
1319 965 233 84 Briquerie,
1580 973 24 74 et
1639 983 104 64 avons
1772 961 134 82 trouvé
1940 962 19 69 la
2004 960 116 85 maison

374 1043 179 78 occuppée
598 1044 56 72 par
722 1045 123 72 nicolas
879 1046 129 70 péan,
1042 1039 39 76 les
1114 1032 79 78 deux
1254 1031 91 79 cases
1377 1036 13 70 à
1418 1031 157 80 Briques
1614 1027 241 76 entièrement
1899 1026 226 77 renversées,

367 1108 18 67 le
441 1105 177 80 fourneau
679 1117 13 52 à
725 1101 120 78 chaux
900 1093 177 84 détruit,
1099 1095 86 78 dans
1218 1091 120 82 lequel
1377 1095 18 60 le
1428 1091 47 76 dit
1519 1085 143 81 sievr,
1701 1087 46 76 De
1780 1081 222 81 Villedroüin
2087 1091 18 57 à

382 1168 162 65 désaré
593 1167 1 62 y
632 1165 95 72 avoir
771 1161 111 79 pordu
937 1165 151 73 environ
1137 1155 89 76 deux
1281 1153 79 74 cent
1409 1149 134 66 barils
1580 1153 29 68 de
1658 1152 168 73 chaux,
1852 1152 101 67 ainsy
1980 1149 45 68 que
2080 1145 23 62 le

379 1225 156 79 tambour
586 1228 24 65 de
655 1221 47 82 fer
753 1237 47 59 qui
850 1220 145 79 servait
1034 1215 18 68 à
1092 1217 29 66 la
1155 1212 116 81 gueule
1333 1216 35 62 du
1396 1211 47 79 dit
1494 1209 202 78 fournau,
1718 1221 53 63 qui
1798 1220 59 54 ont
1890 1215 47 54 été
1965 1203 162 66 entrainés

375 1300 64 62 par
486 1296 25 57 le
564 1291 256 65 débordement

388 1357 56 75 qui
484 1354 80 78 sont
599 1351 80 80 tous
707 1352 38 79 les
785 1362 206 69 nomrages
1031 1348 56 75 que
1146 1348 79 57 nous
1254 1348 103 55 avons
1398 1335 206 84 remarqué
1663 1330 67 67 sur
1771 1329 31 65 la
1837 1331 79 79 ditte
1952 1334 199 76 principalle

381 1427 263 73 habitation,
666 1438 76 60 nous
788 1411 205 80 déclarant
1042 1408 25 77 en
1094 1405 95 75 outre
1235 1414 88 69 ledit
1357 1400 105 84 Sieur
1537 1403 53 77 De
1618 1392 239 86 Villedroüin
1914 1398 71 63 avoir
2019 1392 117 69 trouvé

380 1495 77 66 sous
495 1498 45 59 les
566 1506 106 55 ruiner
719 1488 83 76 d'une
861 1492 50 51 des
949 1498 88 43 cases
1074 1478 18 70 à
1123 1474 160 82 Bagasse
1353 1475 51 70 une
1446 1473 100 74 vache
1605 1462 182 77 Ecravée,
1807 1471 51 69 une
1906 1462 99 71 gazelle
2032 1457 121 72 d'environ

384 1568 50 53 dux
493 1552 68 70 mois
603 1555 24 68 et
652 1558 30 66 un
718 1549 132 74 pouliy
888 1542 28 63 de
981 1540 78 63 neux
1134 1552 72 57 mois
1249 1545 89 65 royé
1381 1539 83 62 dans
1512 1528 28 75 la
1578 1526 214 68 Savane,
1813 1528 100 67 dont
1950 1519 149 73 acte.

465 1614 68 71 fait
563 1619 24 67 et
624 1628 116 60 passé
783 1604 61 68 sr
902 1601 140 76 laditte
1084 1599 159 76 présente
1297 1593 209 82 habitation
1571 1588 50 82 les
1647 1594 67 73 jour
1768 1586 28 68 Et
1828 1595 28 64 an
1910 1603 50 61 que
2009 1600 116 59 devant

375 1694 23 53 en
427 1693 143 56 présence
625 1692 33 58 du
687 1678 86 64 Sieur
812 1669 59 70 jean
937 1665 189 72 nuroches
1167 1664 173 78 fabitant
1380 1670 142 64 voisin,
1552 1676 33 59 du
1615 1658 105 72 sieur
1761 1657 69 77 jean
1896 1669 121 60 moulin

368 1754 185 61 cherurgien
594 1738 25 69 et
644 1741 41 55 des
711 1738 113 63 sieurs
860 1734 114 71 nicolas
1005 1741 84 65 peau
1149 1732 95 71 malon
1298 1728 18 65 et
1348 1726 139 77 fonquet
1520 1722 239 78 charpsentier
1807 1720 35 77 les
1874 1721 84 72 quels
1984 1732 40 64 ont
2045 1718 95 77 signé

382 1801 64 84 avec
474 1801 21 79 le
523 1802 39 73 dit
590 1797 89 78 sieur
713 1791 180 86 requerant
941 1788 93 81 après
1070 1786 136 83 lecture
1254 1784 25 74 et
1315 1794 75 68 nous
1426 1776 129 75 notaire
1597 1776 87 76 sous
1714 1770 105 82 signé

431 1879 107 93 ainsi
584 1870 147 108 signé
782 1885 2 78 a
827 1859 33 91 la
912 1853 148 103 minute
1126 1844 272 117 fradureau
1425 1842 49 98 de
1510 1837 240 96 villedmin
1846 1834 3 85 J
1915 1825 49 91 du
1993 1838 149 89 Rochme

393 1964 238 96 Moutier,
665 1951 246 109 fouquet,
967 1945 171 107 Seans,
1166 1971 1 63 a
1218 1943 23 89 la
1277 1939 133 92 Coms
1468 1939 119 95 no^re
1644 1930 82 90 R–

370 2211 42 69 Et
459 2211 31 69 le
537 2215 93 66 même
682 2219 68 62 jour
807 2233 31 48 au
885 2233 42 48 dit
974 2219 72 63 an,
1072 2210 84 72 deux
1208 2209 124 73 heures
1369 2209 31 73 de
1452 2209 172 74 relevée,
1650 2231 83 52 nous
1775 2218 140 65 notaire
1962 2219 68 65 Aes
2055 2215 53 69 dit

383 2274 21 65 et
431 2277 68 69 sous
536 2270 111 74 signé
679 2290 68 48 nous
795 2274 147 70 sommes
969 2272 100 76 trans
1101 2273 100 69 porté
1238 2274 58 76 sur
1343 2276 290 74 l'habitation
1691 2294 27 53 de
1765 2282 132 63 mondit
1923 2276 58 66 S^r
2008 2286 58 60 de

387 2332 177 74 perrigny
606 2334 118 63 située
782 2332 33 60 au
852 2334 76 72 comy
985 2335 28 59 de
1056 2350 26 46 la
1131 2336 171 72 France,
1323 2334 11 71 à
1366 2336 91 71 même
1521 2338 208 71 requisition
1777 2341 198 67 Etanme
2039 2336 70 72 fing

382 2397 49 77 que
487 2396 135 76 ressus,
640 2402 34 61 ou
705 2388 95 84 etant
838 2400 95 74 avons
969 2388 141 86 trouvé
1135 2388 28 66 la
1221 2390 113 75 maison
1380 2388 232 86 principalle
1664 2392 225 74 entièrement
1941 2398 206 73 nécouverte,

375 2466 35 72 La
464 2466 135 71 cuisine
646 2466 30 70 et
713 2456 217 79 lhopital
963 2460 210 64 renverses,
1218 2454 33 72 La
1290 2452 177 78 Sucrerie
1517 2459 33 68 En
1588 2462 67 63 Bon
1705 2454 110 64 Etat,
1849 2450 27 70 la
1932 2466 171 58 purgerie

373 2546 34 64 au
442 2522 109 83 tiers,
568 2528 34 80 ou
649 2518 146 90 environ
857 2512 196 68 récouverte
1109 2511 26 68 et
1184 2508 120 71 toutes
1347 2513 45 83 les
1442 2528 76 65 aises
1548 2528 20 66 à
1599 2526 139 67 negres,
1768 2525 14 65 à
1831 2502 271 83 l'Exception

364 2605 27 56 de
424 2600 62 64 six
544 2592 227 76 renversées,

362 2665 92 74 plus
493 2662 79 68 nous
611 2666 112 61 avons
755 2649 126 88 trouve
932 2645 119 70 toutes
1076 2644 41 71 les
1155 2644 140 93 conies
1332 2642 171 95 grandes,
1523 2645 112 71 jeunes
1667 2645 27 68 et
1733 2655 197 76 rejttons,
1949 2660 13 54 à
1989 2644 163 85 l'Exception

378 2737 45 52 des
454 2725 149 68 numeros
646 2716 77 79 huit
755 2722 29 73 et
821 2722 77 73 neuf
952 2713 231 82 totalement
1227 2713 180 66 couchées
1445 2726 22 54 et
1500 2714 235 71 carabinées
1774 2733 0 53 –

373 2794 90 65 nous
508 2791 0 69 a
552 2789 129 72 deplus
743 2789 151 70 néclaré
955 2775 141 79 mondit
1117 2775 52 80 S^r
1201 2775 52 84 De
1280 2775 236 81 Villedroüin
1583 2778 23 68 Et
1634 2779 17 72 le
1684 2782 101 75 Sieur
1836 2790 39 66 De
1903 2774 207 81 Villedroüin

371 2855 53 67 son
466 2851 90 65 frere
619 2873 32 50 ou
704 2866 95 56 nôme
862 2853 63 65 sur
988 2851 43 72 la
1068 2851 84 68 ditte
1210 2851 301 74 habitation,
1537 2853 10 69 à
1574 2859 21 62 ce
1627 2855 174 66 present,
1838 2866 52 52 que
1922 2855 21 63 le
1980 2873 137 44 nomme

358 2928 83 66 Jean
476 2915 170 80 puptisté
693 2932 82 65 negre
817 2920 29 77 de
868 2913 148 82 jardin,
1050 2918 142 68 voulant
1239 2911 112 68 sortir
1409 2913 30 71 de
1456 2922 53 71 ses
1544 2929 71 62 case
1679 2926 0 59 a
1715 2919 53 68 eté
1797 2914 158 78 Emporté
1985 2923 64 59 dans
2079 2931 53 57 une

369 2988 67 69 hoie
491 2992 31 73 ou
552 2995 18 70 il
613 2998 0 67 a
661 2977 49 88 été
747 2982 127 79 trouvé
935 2975 85 82 nort
1063 2975 24 72 le
1142 2975 207 83 lendemoin
1416 2980 91 76 matin
1568 2980 103 79 vingt
1708 2978 91 81 huit
1848 2980 36 65 du
1927 2991 67 54 mois
2030 2991 122 54 nernier

521 3063 62 72 qui
618 3047 92 72 sont
758 3051 80 71 tous
892 3047 49 77 les
995 3048 231 77 nommages
1268 3050 19 65 et
1342 3043 297 90 négradations
1669 3043 170 88 trouvés
1870 3052 24 72 et
1930 3049 207 77 remarqués

376 3133 63 65 sur
511 3133 49 66 les
599 3120 103 82 dittes
740 3124 89 82 deux
889 3115 317 93 habitations,
1233 3115 81 75 dont
1367 3117 22 73 Et
1421 3126 28 78 de
1475 3118 83 89 quoy
1589 3128 109 80 avons
1744 3123 102 87 dresé
1872 3127 56 74 sur
1953 3125 36 76 les
2007 3119 96 95 lieux

2527 313 34 94 Le
2609 321 0 80 p

2512 396 19 56 ce
2559 393 69 66 qu'il

2519 458 81 66 fait

2515 532 135 49 nomme

2514 577 138 70 Monsie

2512 652 66 54 cette
2622 652 0 58 p

2512 706 71 54 avec
2628 706 18 54 le

2514 754 141 80 notaire

2525 832 112 75 Villed

2522 930 125 81 elels
