3808 3040
666 332 57 83 que
754 332 107 91 ledit
930 332 150 80 janson
1181 340 138 72 venoit
1388 347 25 72 de
1444 336 157 77 donner
1657 336 38 83 au
1745 347 88 80 Coup

660 424 24 64 de
743 422 198 68 pistolet
1010 425 123 68 audit
1188 422 153 68 Thomy
1415 427 19 64 Et
1479 438 84 56 qu'il
1617 429 25 64 En
1706 422 94 67 Etoit

655 501 181 67 témoin,
874 511 0 56 a
912 497 83 72 quoy
1055 500 104 55 ledit
1219 493 148 73 Coutois
1416 502 241 72 Repliqua
1734 516 93 55 qu'il

666 578 137 67 n'avoit
874 572 107 71 Rien
1037 570 91 70 uû;
1164 570 239 71 cependant
1484 582 61 55 luy
1601 577 153 59 coulois
1804 577 61 53 dit

653 672 2 51 a
714 658 66 61 lui
826 658 239 63 déposant
1144 660 89 59 qu'il
1303 656 164 64 croyoit
1518 663 103 56 avoir
1677 672 42 33 viê
1780 651 32 62 du

635 741 101 73 sang
816 749 34 53 au
903 730 89 65 coté
1051 726 116 66 dudit
1221 724 160 69 Thomy
1435 727 29 71 Et
1501 738 56 59 que
1594 716 83 69 s'en
1747 716 138 67 allant

646 813 100 80 chez
797 809 69 86 luy
929 810 27 76 jl
1033 807 103 83 avoit
1195 806 146 68 trouvé
1406 799 37 81 au
1502 803 128 71 Bout
1677 803 31 76 de
1731 798 25 79 la
1785 787 104 74 place

656 891 26 68 de
734 887 68 76 lui
866 885 247 82 déposant
1178 883 97 79 ledit
1323 876 144 86 janson
1550 874 55 81 qui
1653 879 204 65 allumoit

633 978 33 86 sa
714 975 176 89 pipe,
919 969 138 81 lequel
1124 970 114 87 aprés
1280 962 225 78 plusieurs
1554 959 187 89 discours
1797 957 50 72 luy

654 1055 218 59 demanda
962 1057 34 49 on
1049 1039 99 75 Etoit
1222 1034 212 77 Thomy,
1470 1052 2 57 a
1503 1050 98 58 quoy
1649 1024 130 70 ledit

632 1129 146 70 Coutois
831 1124 68 63 luy
953 1122 234 80 repondit
1257 1122 102 68 qu'il
1418 1109 167 79 croyoit
1650 1114 84 65 qu'il
1783 1098 101 54 Etoit

651 1200 85 71 allé
798 1200 1 59 a
840 1199 22 67 la
926 1195 158 77 Messé
1177 1203 1 65 a
1219 1205 117 62 aquin
1425 1210 80 43 avec
1551 1188 28 56 le
1636 1191 243 51 nommé.

630 1280 157 83 Gillet,
822 1276 182 87 surquoy
1069 1275 98 82 ledit
1231 1277 140 76 janson
1460 1254 374 96 Repliqua:

638 1368 27 82 si
714 1368 30 72 je
795 1367 150 57 scavois
996 1361 145 63 trouver
1255 1356 25 79 ce
1347 1358 180 74 Bougre
1583 1350 35 75 la
1732 1350 30 62 de

636 1464 220 89 piqueray
916 1455 52 84 des
997 1453 151 90 deux.
1196 1451 32 60 En
1283 1451 113 65 même
1451 1441 89 72 tems
1587 1438 59 88 luy
1694 1438 157 60 janson

638 1541 225 64 Remonta
942 1544 1 49 a
993 1531 162 69 cheval
1256 1521 26 84 Et
1309 1523 167 75 s'enfut
1560 1525 48 67 au
1658 1509 162 80 Galop

644 1628 31 52 du
729 1616 82 71 coté
854 1613 33 67 de
940 1607 262 72 l'habitation
1306 1608 122 66 dudit
1482 1596 191 76 Coutois.
1733 1602 86 61 qui

631 1698 47 64 Est
723 1691 79 73 tout
872 1695 23 67 ce
929 1687 95 70 qu'il
1094 1700 1 48 a
1130 1682 63 72 dit
1248 1678 228 72 scavoir.

841 1776 182 93 Decluse
1098 1800 1 48 a
1151 1790 55 84 luy
1257 1780 116 96 faite
1439 1788 32 87 de
1522 1771 33 101 sa
1590 1773 259 98 déposition

636 1891 0 41 a
675 1879 51 80 dit
774 1876 117 71 jcelle
956 1874 189 66 contenir
1201 1871 160 79 verité,
1411 1884 0 60 y
1476 1869 1 62 a
1549 1864 288 72 persisté,
1864 1869 1 59 a

617 1960 159 76 signé,
797 1958 35 63 Et
870 1957 109 75 aprés
1016 1967 96 58 qu'il
1173 1954 1 54 a
1236 1954 123 76 requis
1410 1954 179 70 salaires
1634 1947 56 75 luy
1746 1964 129 54 avons

631 2048 121 69 taxé
809 2041 42 76 la
895 2026 160 71 somme
1120 2024 35 92 de
1232 2027 93 89 six
1385 2024 284 80 livresainsi
1715 2023 132 86 signés

636 2129 2 56 a
668 2112 27 70 la
750 2106 169 79 muinutte
1002 2108 250 81 flatron.
1309 2114 238 86 DEcopin.
1585 2112 26 74 Et
1642 2131 245 73 Caramajour

618 2187 215 81 Grefbier.

1064 2290 169 113 Dudit
1287 2330 76 73 jour
1433 2321 38 62 au
1525 2314 176 72 matin.

666 2391 264 101 Antoine
1013 2410 222 82 vincent,
1270 2408 194 83 habitant
1534 2426 305 61 demeurant

621 2513 31 70 au
683 2496 155 89 quartier
888 2495 25 90 Et
944 2494 193 91 paroisse
1199 2494 192 87 d'aquin,
1434 2508 82 76 agé
1572 2496 211 91 d'Environ

616 2575 109 106 trente
776 2575 73 105 six
922 2585 95 68 ans,
1075 2579 139 93 lequel
1250 2573 146 105 daprés
1447 2573 197 107 serment
1747 2594 73 55 par

1777 2666 0 64 1

2093 496 0 0 1

2423 346 49 104 luy
2542 346 98 104 fait
2717 354 0 76 a
2780 347 70 90 dire
2913 346 148 94 verité
3117 358 28 91 Et
3180 352 91 90 qu'il
3341 370 91 64 nous
3460 370 0 68 a
3502 369 77 63 dit

2434 452 85 69 n'Etre
2573 436 174 73 parent,
2778 436 120 85 allié,
2940 434 199 80 serviteur
3205 439 30 76 ni
3271 438 302 79 Domestique

2429 528 40 59 des
2509 518 171 69 parties
2720 522 25 58 Et
2775 518 85 65 nos
2900 516 0 61 a
2950 513 261 69 representé
3266 511 291 69 l'Exploit

2435 588 292 87 dassignation
2813 595 0 64 a
2882 586 62 86 luy
3006 585 198 90 donnée,
3248 601 74 62 par
3384 586 168 87 Grauugé

2428 666 160 83 huissier
2662 665 31 67 le
2767 663 209 80 tosieme
3062 671 31 65 de
3118 666 24 68 ce
3210 669 129 87 mois,
3370 679 92 73 pour
3506 680 147 78 déposen

2427 731 0 61 a
2454 730 20 77 la
2521 727 162 93 requête
2743 744 34 79 de
2824 739 87 72 jean
2999 732 182 97 Thomy,
3221 736 27 93 le
3289 735 255 80 procureur

2412 800 141 79 fiscal
2627 798 170 84 joit.

2552 891 296 100 Dépose
2953 889 67 78 sur
3076 898 44 81 les
3148 896 108 85 faits
3313 905 265 72 mentionnés

2402 984 33 69 En
2474 993 39 55 la
2568 982 217 76 plainte
2867 982 101 75 dudit
3001 990 77 61 jean
3150 979 139 71 Thomy
3339 984 33 55 de
3394 977 189 75 laquelle

2406 1062 55 72 luy
2528 1068 109 62 avoir
2704 1053 97 82 fait
2874 1058 207 78 lecture,
3134 1073 62 65 que
3232 1066 25 59 le
3292 1069 244 70 dimanche

2400 1141 200 73 trentieme
2678 1138 149 67 juillet
2899 1140 206 68 dernier,
3130 1145 144 67 Environ
3357 1138 72 73 cinq
3485 1139 103 72 heure

2401 1218 29 76 du
2464 1216 118 72 soir,
2621 1215 62 80 luy
2739 1221 219 74 déposant
3009 1209 314 66 Retournant
3395 1205 75 69 sur
3502 1210 63 60 son

2408 1293 243 73 habitation
2765 1296 30 68 Et
2834 1299 173 64 venant
3056 1288 35 61 de
3139 1290 85 62 chés
3263 1286 35 68 Le
3322 1286 85 70 sieur
3461 1286 134 63 Gillet

2387 1380 34 64 Il
2508 1373 242 71 Remontra
2825 1383 2 61 a
2863 1371 28 62 la
2962 1371 186 64 dessente
3225 1363 27 63 du
3318 1357 136 74 morne
3530 1357 56 75 des

2406 1446 183 82 anglos
2632 1444 132 89 lesdits
2808 1445 108 85 sieurs
2958 1446 153 85 Thomy
3160 1443 25 56 Et
3235 1440 164 76 Gillet;
3442 1442 57 75 que
3530 1443 95 64 ledit

2370 1541 133 75 Lillet
2572 1536 47 61 dit
2677 1535 0 54 a
2730 1537 53 75 luy
2836 1533 237 78 déposant
3147 1532 90 63 qu'il
3306 1531 158 71 navoit
3511 1527 64 61 qu'a

2384 1618 282 69 Retourner
2726 1620 72 46 sur
2840 1610 42 72 ses
2924 1610 97 82 pois
3079 1615 223 70 parceque
3367 1601 98 72 ledit
3505 1606 109 76 Thomy

2384 1684 87 69 Etoit
2519 1675 174 114 Blassé
2757 1675 71 90 d'an
2884 1688 87 102 Coup
3043 1696 39 94 de
3146 1686 222 96 guilolet
3431 1702 64 81 que
3535 1692 47 75 luy

2391 1768 106 56 avoit
2545 1768 142 61 donné
2756 1768 21 62 le
2820 1789 190 55 nommé
3084 1766 238 78 janson;
3375 1785 68 55 que
3502 1767 63 62 lui

2389 1847 221 82 Déposant
2672 1851 119 68 Etant
2876 1845 249 72 Retourné
3193 1846 91 79 chés
3341 1842 170 76 Gillet

2391 1942 82 55 avec
2530 1935 46 61 les
2622 1934 67 60 sus
2725 1943 170 61 nommés
2962 1933 31 63 Il
3064 1928 63 73 fit
3189 1926 257 74 dépouiller
3507 1921 99 59 ledit

2381 2011 177 77 Thomy
2614 2009 35 61 Et
2693 2010 120 65 trouva
2898 2011 91 65 qu'il
3062 2001 98 78 Etoit
3221 1994 172 84 Blessé
3437 1994 35 77 au
3533 1997 81 65 coté

2388 2090 171 84 gauche
2657 2089 73 99 d'un
2792 2091 80 93 coup
2940 2099 38 85 de
3032 2087 235 83 pistolet
3330 2101 2 81 a
3386 2085 221 75 plomb,

2389 2195 85 91 dont
2528 2182 44 102 le
2604 2180 121 99 sang
2792 2176 175 76 sortoit
3050 2171 29 95 Et
3119 2172 65 97 que
3224 2176 57 92 luy
3335 2167 237 99 déposant

2394 2286 219 85 appercu
2713 2268 92 82 dans
2850 2263 51 99 la
2972 2255 159 102 playe
3218 2256 158 88 Environ
3436 2254 151 66 quinze

2396 2379 2 59 a
2452 2364 94 64 seire
2633 2372 135 57 grains
2807 2357 37 54 de
2900 2352 212 70 plomb;
3168 2362 57 52 que
3260 2343 89 63 ledit
3409 2340 161 53 Thomy

2380 2457 58 49 dit
2499 2457 1 45 a
2549 2435 71 88 luy
2675 2431 264 91 déposant
3008 2428 101 72 ainsi
3165 2434 57 73 que
3278 2427 113 78 Gilet
3460 2421 125 82 qu'ils

2390 2526 162 67 avoient
2634 2514 262 73 Remontré
2967 2515 125 72 ledit
3141 2510 166 76 janson
3418 2506 161 72 Environ

2380 2621 83 57 par
2510 2607 19 61 le
2593 2595 156 86 travers
2814 2617 42 51 de
2897 2600 42 65 la
3004 2592 238 86 Barriere
3308 2594 24 73 de
3373 2598 226 74 l'habitation
