2158 3538
329 112 44 70 be

186 172 158 57 17.
421 159 51 61 17
525 142 5 71 6
618 119 52 88 6.

892 250 438 101 Etrais
1430 243 85 99 des
1548 249 276 91 Registres
1865 236 69 78 du

961 366 201 143 Greffe
1208 372 43 105 du
1289 378 151 126 siege
1516 358 211 134 Royal
1766 379 40 91 du
1855 349 100 146 Cap

538 681 147 97 Vu
754 664 130 108 par
959 646 167 94 nous
1191 634 236 123 Baptiste
1476 629 150 108 Estere
1656 619 271 125 Conseiller
1984 611 46 90 du

582 790 64 101 roy
718 780 240 112 sévéchal
1030 792 98 97 juge
1180 786 123 94 Civil
1388 760 44 118 Et
1467 758 212 120 Criminel
1739 764 50 96 du
1821 746 120 105 siege

585 919 147 106 royat
789 911 48 91 du
872 905 162 110 Cap,
1077 909 57 96 la
1198 896 267 101 procedure
1531 894 123 92 par
1765 881 138 64 nous

562 1032 623 118 Extraordinairement
1249 1038 246 95 instruite
1620 1038 27 72 à
1666 1041 48 65 la
1756 996 208 113 requête

583 1188 52 108 du
678 1174 303 119 procureur
1033 1177 50 96 du
1128 1185 74 93 roy
1230 1182 57 75 de
1364 1169 74 100 ce
1474 1152 130 116 siege
1664 1154 309 104 procedant

583 1311 73 98 de
711 1306 87 101 son
862 1297 160 109 office
1115 1297 317 82 demandeur
1498 1299 39 74 et
1601 1282 399 86 accusateur

565 1448 245 91 Contre
890 1444 44 93 le
993 1442 244 84 nommé
1297 1424 105 89 tach
1490 1426 402 93 arqueburier

569 1592 97 94 En
708 1571 129 112 Cette
894 1578 104 102 ville
1126 1568 204 86 accusé
1397 1557 390 84 Contumace
1861 1524 58 92 la

563 1722 480 95 Remontrance
1123 1721 44 85 en
1206 1676 232 128 plainte
1485 1674 53 119 du
1576 1661 299 130 procureur
1938 1668 44 95 du

574 1862 145 97 Roy
796 1863 52 68 de
917 1871 38 82 ce
1010 1847 137 103 siege
1238 1840 65 84 du
1337 1837 173 86 treire
1594 1841 89 93 may
1730 1830 230 75 dernier

590 1989 294 82 Tendante
993 1998 2 59 a
1059 1991 121 74 avoir
1251 1975 94 82 acte
1422 1977 68 70 de
1535 1962 49 89 sa
1634 1961 292 88 plainte

611 2130 218 97 permis
882 2111 335 105 d'informer
1324 2112 29 76 et
1404 2114 93 85 que
1574 2101 65 69 le
1697 2087 84 76 n^e
1846 2086 91 68 Tach

592 2255 174 104 seroit
806 2253 208 105 decrére
1076 2268 53 76 de
1175 2270 159 71 prise
1396 2257 53 62 de
1511 2219 169 125 Corps
1750 2241 110 80 par
1915 2227 92 73 nous

611 2411 222 103 decerné
932 2410 194 78 Contre
1188 2394 136 86 led.
1386 2381 99 84 Tach
1570 2379 76 91 Le
1740 2388 134 76 même
1922 2378 97 83 jour

602 2547 190 115 treire
909 2530 96 123 may
1046 2528 199 99 dernier
1403 2546 90 84 qui
1531 2529 141 80 donne
1736 2513 89 89 aite
1889 2508 55 72 au

575 2687 428 131 procureur
1061 2683 62 114 du
1174 2701 93 91 roy
1311 2684 91 75 de
1470 2661 69 105 sa
1598 2659 396 97 plainte–

160 324 128 135 Sent^e
311 320 194 137 défiitive

599 2846 249 112 permis
904 2819 333 123 d'informer
1325 2838 71 69 Et
1458 2822 77 81 que
1606 2795 237 106 l'homme
1887 2778 136 82 d'ont

612 2972 185 109 s'agit
858 2977 98 88 tué
1040 2964 139 104 par
1262 2946 209 95 led.
1514 2935 117 92 Tach
1721 2913 171 109 seroit
1935 2918 76 80 vû

573 3104 59 106 Et
705 3113 180 105 visité
1012 3109 146 111 par
1207 3093 175 94 deux
1440 3049 398 147 Chisurgient
1906 3032 62 103 du
