2752 3592
49 292 85 73 Dere
175 298 79 66 celle
307 289 37 79 du
373 289 73 86 Sud

45 394 35 104 al
119 379 27 113 1e
177 383 104 114 Vingt
329 408 69 84 six

55 606 2 75 t
107 598 87 81 nous
233 614 92 60 avons
353 593 121 77 trouvé

49 673 225 76 ntierement
319 664 167 65 touchées

41 786 22 74 or
126 778 265 80 l'hobitation
438 788 22 65 le

64 856 109 68 reciise
239 844 243 73 Entierement

41 907 150 72 panchée

55 987 25 57 ns
106 962 134 84 trouvé
277 963 26 71 la
346 967 127 76 maison

41 1033 154 69 erement
231 1033 247 65 renversées,

53 1095 31 70 De
110 1081 237 84 Rilledroüin
442 1094 1 45 a

39 1163 128 66 haux,
193 1163 98 61 ainsy
321 1163 49 53 que
421 1142 29 66 le

61 1217 50 68 qui
143 1216 55 69 ont
230 1210 49 67 été
307 1207 176 60 entrainés

50 1325 27 67 ur
121 1325 28 67 La
182 1325 83 81 ditte
298 1330 215 74 pricipalle

39 1404 167 66 ledroüin
261 1397 79 64 avoir
371 1394 126 62 trouvé

42 1465 93 75 dée,
156 1468 59 76 une
258 1460 105 76 gazelle
388 1454 129 80 d'Environ

49 1537 95 61 ne,
166 1528 99 63 oont
305 1538 1 46 a
331 1524 127 59 cte.

49 1603 25 56 de
122 1596 28 59 Et
181 1596 32 56 an
267 1595 51 57 que
367 1594 119 60 devant

52 1666 22 64 de
120 1669 63 58 jean
251 1668 123 53 moulin

61 1724 55 55 tier
165 1718 147 79 lesquels
345 1726 38 65 ont
411 1718 93 81 signé

71 1781 110 78 Signé

56 1867 114 105 min,
205 1851 9 112 J
274 1832 59 104 du
358 1833 123 82 Rocteu

52 2237 54 50 ons
143 2219 151 77 notaire
337 2215 69 75 dus
438 2215 54 69 dit

66 2294 28 65 de
146 2279 125 83 mondit
298 2280 58 66 S^r
383 2276 64 71 de

81 2353 25 51 on
156 2344 200 59 lauenne
419 2338 73 61 fers

50 2400 227 60 Entierement
333 2397 188 62 necouverte

87 2458 115 62 Etat,
234 2459 34 54 la
320 2461 176 63 purgerie

55 2528 73 60 res,
154 2531 18 57 à
220 2504 276 84 l'Excéption

51 2647 29 83 Et
120 2657 202 72 rejettons,
340 2670 0 45 a
374 2646 173 85 l'Enception

59 2734 66 62 rées

69 2785 104 77 Sieur
224 2777 281 86 DeVilleeoüin

47 2867 138 58 resent,
225 2871 55 54 que
312 2871 20 54 le
371 2873 142 52 nomme

65 2937 1 60 a
103 2929 48 67 eté
184 2923 162 71 emporté
369 2925 77 64 dans
473 2935 53 52 une

55 2997 1 62 t
95 2995 89 64 huit
231 2993 36 62 du
310 2992 67 54 mois
412 2989 119 58 neririé

62 3061 166 82 trouvés
261 3062 24 62 et
319 3052 218 83 remarqués

47 3141 39 78 ons
130 3136 106 90 drepé
267 3129 59 86 sur
350 3135 28 79 les
402 3128 106 92 lieux

871 301 30 72 le
944 287 166 86 présent
1147 301 140 60 procés
1324 279 140 88 verbal
1528 279 93 87 pour
1666 278 119 86 servir
1856 277 27 78 et
1928 277 106 91 valoir
2099 281 99 90 audit
2237 275 263 92 SBequerant

854 381 19 62 ce
893 380 74 65 qu'il
997 353 336 88 appartiendra,
1364 351 89 72 dont
1501 346 111 77 acte;

849 440 87 76 fait
972 440 26 74 et
1027 425 112 88 passé
1177 415 51 71 les
1265 418 65 81 dits
1376 411 77 94 jour
1485 409 29 76 et
1553 427 36 51 an
1648 426 57 61 que
1771 403 125 95 oussus
1936 400 27 88 en
1983 399 150 84 présence
2202 409 47 64 des
2283 393 150 91 témoins
2461 409 20 72 cy
2502 397 100 82 dessus

856 511 157 57 nommés
1041 503 135 53 connus
1209 487 25 70 et
1258 492 113 66 requis
1406 486 23 55 et
1463 479 66 63 clos
1576 475 59 70 sur
1702 472 33 75 la
1782 468 153 74 présente
1988 465 227 74 habitation
2267 461 28 73 En
2331 459 148 73 présence
2537 473 26 51 de

854 553 178 74 Monsieur
1085 551 188 64 Dubrueil
1314 557 26 59 de
1386 544 191 71 foureaux
1638 533 289 69 commandant
1972 541 32 59 de
2060 528 99 62 milice
2203 524 43 66 est
2275 526 187 64 habitant
2506 518 28 72 en

848 627 69 67 cette
958 626 123 64 plaine
1139 612 52 70 qui
1220 604 48 80 s'y
1297 606 36 72 Est
1375 597 226 81 transporté,
1622 600 34 68 de
1693 608 23 57 ce
1753 594 138 77 requis,
1906 588 23 67 et
1961 602 56 55 ont
2059 585 40 70 les
2130 583 73 68 dits
2245 580 155 72 témoins
2442 583 116 74 Agné

848 700 74 58 avec
962 684 23 61 le
1006 686 51 66 dit
1102 680 93 63 sieur
1241 671 238 73 requerant,
1500 664 89 71 ledit
1616 661 103 58 sieur
1774 657 60 62 son
1870 652 108 68 frere
2043 654 103 63 après
2183 638 136 72 lecture
2403 639 21 58 et
2477 640 87 58 nous

853 739 138 65 notaire
1037 732 84 70 sous
1150 728 156 84 signé.
1370 728 109 74 ainsi
1554 713 144 86 signé
1756 728 1 58 a
1797 710 26 72 la
1881 711 144 77 minute
2076 702 347 87 fredimande

852 821 285 90 Villedorn,
1195 805 51 85 du
1272 804 112 79 beuil
1431 810 28 68 de
1493 798 221 92 fonseaux
1809 787 270 97 Montin,
2123 773 257 105 fouquet,
2419 773 92 66 Pean

863 928 21 72 et
908 921 27 74 le
958 911 125 88 bome
1126 905 85 92 no^r
1285 895 284 100 depositaire
1630 888 265 89 d'iculle.

1177 1005 363 151 Collationné
1672 1037 53 126 Le
1775 1023 94 104 Gron

1673 1179 186 102 Creie

1645 1311 3 73 N
