3808 3040
659 315 315 89 Domestique,
1019 326 36 79 des
1079 312 175 78 parties
1287 312 20 84 Et
1347 328 74 75 nous
1461 331 0 72 a
1521 312 287 91 represente패

658 390 168 81 l'Exploit
880 388 258 81 d'assignation
1198 396 0 57 a
1227 388 49 59 luy
1307 401 126 48 donne패
1487 394 66 73 par
1607 389 180 77 Geage
1823 383 115 78 huissier

656 472 16 63 le
702 470 198 61 quatrieme
951 475 35 47 de
1007 473 20 47 ce
1083 467 101 71 mois,
1215 473 107 65 pour
1383 469 157 68 de패posser
1591 468 0 43 a
1621 467 26 44 la
1713 462 152 71 reque팩te

661 548 23 61 de
723 538 69 53 jean
842 526 166 78 Thomy,
1048 534 22 72 le
1109 523 200 80 procureur
1366 519 114 72 fiscal
1547 517 104 78 joint

786 596 180 81 Depose
1053 598 51 75 sur
1159 591 39 87 les
1235 592 89 79 faits
1385 591 227 81 mentionne패s
1649 589 26 78 Et
1699 604 20 63 la
1756 591 157 72 plainte

665 684 99 69 dudit
802 677 80 70 Jean
950 673 177 85 Thomy,
1154 674 29 59 de
1211 673 188 69 laquelle
1455 669 58 62 luy
1569 678 114 57 avons
1734 656 97 76 fait

650 754 187 75 Lecture,
876 751 57 71 que
999 749 238 72 dimanche
1323 739 191 75 trentiene
1580 754 32 53 du
1667 753 78 54 mois
1786 744 42 56 de

652 832 129 71 juillet
832 829 198 68 cirnier,
1071 825 22 64 Le
1134 825 165 69 nomme패
1372 819 144 75 janson
1589 817 80 69 vint
1721 827 1 58 a
1758 821 138 62 cheval

645 913 95 71 chez
800 916 59 66 luy
918 910 228 74 de패posant
1222 904 27 72 ou
1315 902 31 71 jl
1418 911 165 61 mangea
1649 908 27 44 un
1721 896 166 66 moreau

647 983 169 67 EtBut
869 990 40 58 un
950 982 148 74 Coup;
1124 974 22 62 Et
1194 983 83 59 dans
1319 970 40 78 la
1411 967 267 78 conversation
1763 967 39 61 jl

645 1068 174 69 jusulta
892 1067 25 81 le
949 1062 93 60 sieur
1099 1053 213 74 Laurent,
1357 1052 123 79 cousin
1535 1060 31 70 de
1616 1047 54 81 luy
1708 1043 230 81 de패posant,

650 1146 29 64 En
735 1143 47 78 luy
832 1143 116 69 disant
1014 1141 58 72 que
1116 1137 30 59 ce
1201 1132 122 80 n'Etoit
1361 1134 81 71 pas
1531 1138 36 60 un
1628 1130 138 74 visage

668 1215 145 72 Comme
868 1210 68 80 lui
1017 1222 51 63 qui
1134 1202 178 80 l'auroit
1372 1206 74 71 fait
1505 1203 118 74 cou,
1644 1196 145 68 Ensuite
1854 1192 29 60 de

665 1304 88 88 quoy
831 1293 192 79 partant
1082 1296 113 63 dudit
1267 1290 154 91 Thomy
1512 1281 55 95 luy
1604 1279 286 97 deposant.

668 1392 43 71 luy
769 1385 134 72 ayant
972 1381 54 56 dit
1095 1382 64 65 qu'il
1228 1374 27 65 ne
1298 1376 154 76 croyoit
1506 1384 75 59 pas
1644 1375 66 68 que
1771 1366 92 49 ledit

659 1448 146 74 Thomy
894 1445 57 73 Eut
1009 1455 31 55 Eu
1108 1455 99 59 aucun
1269 1442 225 74 Commerce
1577 1451 79 54 avec
1718 1440 58 66 sa

683 1528 206 86 femme,
945 1548 25 59 je
1038 1537 192 80 repliqua
1328 1520 64 91 que
1434 1514 94 94 s'il
1576 1517 33 70 En
1688 1512 107 59 Etoit

661 1622 238 77 persuade패
964 1622 32 61 jl
1067 1616 37 61 le
1149 1612 155 72 tuerant
1396 1610 155 71 Ensute
1622 1606 47 72 de
1725 1613 94 65 quoy

659 1700 169 68 sortant
878 1698 33 66 de
935 1700 27 56 la
1029 1695 173 63 Maison
1306 1690 116 69 dudit
1478 1682 241 76 De패posant
1781 1678 95 64 ledit

667 1782 144 69 janson
881 1777 57 72 dit
1007 1787 89 62 qu'il
1177 1768 123 74 alloit
1363 1764 204 78 chercher
1621 1756 100 68 ledit
1769 1754 133 81 Thomy

666 1864 105 72 pour
851 1858 135 69 vinider
1057 1851 93 67 cette
1216 1844 160 76 affaire
1458 1835 288 71 Ensemble.

798 1933 193 83 Declare
1067 1940 20 66 En
1137 1944 98 64 outre
1310 1935 92 81 ledit
1451 1935 238 80 Deposant
1752 1931 78 73 que

675 2024 46 79 les
758 2026 91 75 sieur
908 2016 184 69 Laurent
1163 2016 23 52 Et
1235 2015 151 77 Pelerin
1475 2011 128 76 ayant
1646 2009 57 78 Ete패
1729 2004 168 81 assigne패s

675 2102 97 68 chez
827 2097 56 79 luy
952 2103 102 69 pour
1104 2095 173 75 de패poser
1346 2085 30 81 ce
1423 2080 212 71 jourd'huy
1699 2075 36 65 En
1781 2077 43 63 la

678 2171 180 90 pre패sente
926 2166 352 85 jnformation,
1320 2160 46 71 les
1396 2169 65 80 dits
1492 2161 122 83 sieurs
1676 2158 90 66 sont
1829 2150 84 85 hors

676 2251 98 84 d'Etat
825 2266 81 50 par
963 2247 208 64 Maladie
1257 2251 40 77 de
1349 2244 69 80 s'y
1476 2247 138 56 rendre
1706 2246 23 75 ce
1770 2252 115 50 qu'ils

667 2322 237 86 esperoient
978 2322 104 71 faire
1140 2320 270 78 neaumoins
1461 2325 145 71 jeudy
1657 2324 213 64 prochain

670 2401 248 75 Requerant
987 2399 84 62 acte
1140 2403 26 56 de
1198 2404 58 52 son
1293 2399 74 60 dire
1451 2398 21 65 Et
1531 2405 42 64 la
1631 2404 206 68 de패charge

665 2496 29 52 de
738 2479 224 64 Lamende
1045 2478 273 70 Encourrue팯
1391 2477 92 69 pour
1527 2476 25 60 le
1605 2483 215 62 deffant

651 2566 21 70 ce
698 2564 57 63 que
823 2562 68 72 luy
964 2570 109 64 avons
1115 2563 224 68 accorde패,
1370 2577 0 48 a
1407 2566 26 55 la
1495 2561 167 70 charge
1719 2561 110 66 par

662 2634 41 77 les
720 2637 42 82 dit
821 2634 100 80 sieur
974 2632 182 56 Laurent
1221 2640 23 53 Et
1280 2632 164 73 Pelerin
1527 2649 35 56 de
1627 2630 265 84 Comparoir

1314 2732 2 59 C

2041 1238 4 40 1

2186 411 2 62 "

2399 324 68 71 par
2495 322 159 75 devatil
2723 317 96 81 nous
2876 315 114 81 geudy
3047 318 211 70 prochain
3375 316 126 60 pour

2389 398 142 78 donier
2595 390 87 88 leur
2755 386 335 90 deposition.
3180 389 86 85 Qui
3309 389 36 70 Est
3405 386 80 68 tout
3533 388 25 54 ce

2391 474 96 71 qu'il
2548 476 1 49 a
2584 469 53 71 dit
2724 467 223 75 scavoir.

2496 541 221 87 Liiture
2779 555 1 56 a
2810 555 40 68 luy
2911 532 90 82 faite
3056 550 33 69 de
3112 537 46 82 sa
3200 524 310 94 deposition,
3534 535 1 59 a
3565 521 45 73 dit

2404 625 99 77 jcelle
2559 617 232 76 contitaur
2833 620 127 82 vente패
3033 611 6 89 y
3090 624 5 75 a
3133 606 236 91 pertiste패,
3401 606 2 78 a
3430 604 163 76 signe패,

2380 705 30 65 Et
2443 706 30 61 na
2518 709 139 71 requis
2707 694 236 74 salaire.
2988 708 105 62 ainnsi
3137 682 139 85 signe패s
3315 695 1 48 a
3338 690 24 58 la
3407 684 156 57 minutte

2389 773 292 91 Rossignol.
2717 770 199 89 DEcopin.
2948 772 24 61 Et
3010 772 236 84 Casamajor
3299 760 201 83 Greffier.

2843 893 93 83 Du
2990 912 92 60 neuf
3154 890 134 93 aoust
3334 897 60 89 mil
3434 911 80 72 sept
3547 907 79 64 cent

2832 974 46 75 dix
2929 972 114 73 neuf,
3079 994 31 38 au
3161 973 185 62 matin.

2470 1047 243 94 Alexic
2812 1066 316 74 Marcolin,
3159 1037 190 90 habitant
3395 1059 1 69 a
3421 1061 21 66 la
3488 1070 128 48 grande

2376 1139 74 75 terre
2500 1147 26 72 de
2541 1137 49 58 S^t
2612 1132 119 85 Louis,
2771 1140 1 61 y
2818 1132 272 82 demeurant,
3124 1124 183 83 paroisse
3354 1132 30 77 de
3418 1123 48 63 S^t
3501 1121 124 55 Louis,

2396 1208 67 64 age패
2513 1199 183 67 d'Environ
2782 1195 224 71 quarante
3072 1205 91 60 ans,
3203 1201 127 63 lequel
3411 1201 168 62 apre패s

2379 1259 167 85 serment
2594 1258 70 79 par
2691 1262 54 78 luy
2806 1259 69 69 fait
2943 1273 23 45 de
2994 1256 74 66 dire
3118 1253 132 72 verite패
3306 1257 24 74 Et
3358 1262 97 65 qu'il
3506 1266 85 56 nous
3620 1266 0 49 a

2386 1349 50 47 dit
2491 1350 86 60 nEtre
2637 1337 150 69 parent
2837 1340 111 63 allie패s
3000 1329 179 66 serviteur
3242 1346 26 38 ni
3307 1323 272 64 Domestique

2389 1418 26 85 de
2444 1413 167 79 parties
2659 1414 19 55 Et
2714 1406 76 88 nous
2825 1417 2 79 a
2874 1411 14 82 re
2911 1403 217 81 presente패
3192 1395 211 88 l'Exploit
3439 1393 216 91 d'assignation

2396 1514 2 65 a
2419 1502 52 77 luy
2516 1495 146 79 donne패e
2729 1488 65 71 par
2855 1483 167 80 Grauge패
3079 1476 184 87 huissier
3320 1479 18 49 le
3389 1472 230 82 cinquieme

2398 1569 69 63 dece
2514 1560 133 74 mais,
2684 1575 95 57 pour
2831 1552 197 75 deposer
3095 1564 2 53 a
3136 1557 24 45 la
3221 1549 182 67 Reque팩te
3465 1553 49 49 de

2398 1646 76 57 jean
2548 1634 172 77 Thomy,
2754 1634 35 79 le
2842 1621 223 90 procureur
3119 1616 146 79 fiscal
3351 1606 153 78 joint.

2537 1719 270 85 Depose
2887 1710 65 81 sur
3004 1719 33 73 les
3066 1711 104 81 faits
3224 1710 257 76 mentionne패s
3528 1702 32 60 En
3588 1705 20 58 la

2393 1810 170 81 plainte
2627 1810 105 75 dudit
2771 1808 80 64 jean
2921 1797 189 88 Thomy,
3143 1795 33 69 de
3203 1786 212 85 laquelle
3487 1785 66 81 luy

2393 1895 107 67 avons
2548 1879 79 77 fait
2693 1876 196 73 lecture,
2926 1880 67 68 que
3041 1866 24 69 le
3109 1880 174 62 nomme패
3324 1865 180 62 janson

2391 1960 75 63 dina
2536 1953 86 64 che패s
2676 1951 61 75 luy
2792 1952 20 65 le
2863 1947 285 70 dimanche,
3167 1935 203 73 trentieme
3412 1928 168 68 juillet

2391 2046 145 62 dernier
2624 2033 284 76 qu'Ensuite.
2940 2025 23 79 Il
3023 2022 92 80 s'En
3160 2021 75 78 fut
3294 2024 24 58 Et
3366 2011 168 58 Revint
3587 2011 30 53 le

2404 2113 102 72 meme
2557 2110 85 65 jour
2726 2106 185 68 Environ,
2953 2101 169 75 minuit
3206 2097 148 69 ayant
3427 2103 170 52 amere패

2405 2190 79 71 avec
2537 2188 51 61 luy
2651 2189 96 69 deux
2815 2185 139 69 negres
3013 2181 179 68 marrons
3240 2189 80 55 qu'il
3384 2176 45 48 dit
3488 2179 105 44 avoir

2395 2269 155 70 trouve패
2606 2264 104 66 dans
2817 2261 27 71 le
2894 2257 135 70 Grand
3074 2258 187 56 Chemin
3363 2249 83 67 dont
3522 2246 43 61 il

2398 2346 143 74 voulut
2598 2348 191 70 charger
2873 2340 64 54 luy
2990 2335 306 78 deposant,
3327 2334 27 68 ce
3380 2334 91 70 qu'il
3565 2333 27 51 ne

2403 2425 131 88 voulut
2588 2421 152 88 point,
2787 2415 194 92 acepter
3067 2419 175 68 n'ayant
3310 2416 125 83 point
3521 2406 38 61 de

2400 2501 187 76 Barre,
2632 2501 243 74 qu'Ensuite
2970 2503 21 59 jl
3086 2496 90 57 But
3234 2511 37 48 un
3323 2498 84 67 coup
3487 2494 100 65 d'eau

2400 2590 171 83 devie,
2611 2582 31 91 en
2681 2573 99 99 prit
2843 2572 77 72 dans
2962 2582 36 88 un
3061 2565 168 81 poban
3320 2568 21 100 Et
3383 2563 78 78 s'en
3496 2566 91 90 fut.

2901 2691 3 74 L
