3232 3704
934 236 291 72 autrement
1295 236 72 67 que
1421 236 296 63 Rormand
1766 236 87 55 fut
1908 236 133 56 chess
2106 236 1 38 L
2162 236 325 43 OulioTache

953 318 126 92 pour
1150 300 323 94 accomoder
1537 318 2 64 a
1609 294 75 92 son
1746 294 102 90 Etoc
1910 289 258 92 quelques
2251 271 186 82 outits

945 411 100 75 dont
1100 400 43 71 Il
1202 392 146 81 avait
1405 387 155 83 besoin
1657 376 128 91 qu'un
1856 369 261 74 moment
2172 366 156 77 aprés
2406 349 83 86 luy

944 489 266 108 deposant
1274 482 87 92 fut
1427 481 127 89 aussy
1599 474 106 77 chés
1777 456 120 97 ledit
1942 452 113 87 sieur
2113 438 170 92 Tache
2341 445 126 80 pour

947 574 278 98 chercher
1296 572 80 78 une
1427 555 169 100 Gouge
1673 555 150 87 dons
1880 539 53 97 Il
1997 540 161 87 avait
2224 525 277 76 besoin–

946 703 117 73 qu'en
1131 659 240 98 entrant
1432 656 117 80 dans
1623 643 52 86 la
1716 640 261 85 bontique
2053 625 36 80 Il
2166 609 240 95 demanda
2476 622 43 63 au

946 801 179 82 garçon
1193 773 51 82 du
1297 759 137 94 sieur
1486 759 182 67 Tache
1738 759 92 82 une
1892 742 158 89 gouge
2127 726 100 88 que
2266 722 114 75 pour
2427 702 100 73 lors

942 885 228 87 setant
1234 874 212 76 tourné
1498 862 51 73 du
1595 851 120 74 coté
1756 839 46 80 du
1854 830 142 77 sieur
2057 816 186 81 Tache
2302 804 33 81 Il
2388 807 66 64 vit

949 1000 80 67 que
1081 976 157 81 ledit
1292 971 143 72 sieur
1486 939 190 96 terche
1753 930 182 82 tenoit
1995 929 41 73 un
2103 904 231 90 pistolet
2401 909 3 61 a
2445 894 41 73 la

958 1091 126 61 main
1196 1072 111 66 mais
1377 1059 110 69 quil
1551 1057 48 62 ne
1649 1042 67 71 fit
1774 1024 330 82 nullement
2155 1011 280 74 attention

950 1180 283 74 comment
1296 1156 126 70 ledit
1485 1144 108 82 sieur
1651 1127 153 82 Tache
1869 1113 183 82 tenoit
2105 1106 134 74 ledit
2294 1095 220 80 pistolet

948 1284 42 65 ni
1047 1282 29 66 ce
1113 1262 120 86 quil
1301 1269 41 59 en
1397 1244 152 87 fesait
1633 1229 181 79 etant
1884 1211 167 83 sorty
2107 1200 113 75 dans
2295 1186 217 84 lememe

955 1374 249 79 moment
1276 1360 126 78 pour
1443 1324 292 100 retourner
1794 1320 44 71 en
1896 1302 307 89 samaison
2290 1302 3 62 a
2363 1279 90 87 son

946 1481 231 71 ouvrage
1258 1442 268 100 quetant
1592 1423 131 92 prest
1796 1418 35 68 de
1870 1405 206 88 rentrer
2133 1412 46 67 en
2229 1390 292 81 samaison

942 1584 99 69 quy
1082 1557 58 89 Est
1193 1545 257 74 vis-a-vis
1505 1528 121 87 celle
1681 1522 174 79 dudit
1916 1511 133 89 sieur
2098 1502 180 78 Tache
2339 1493 132 79 qu'il

933 1648 251 104 Entendit
1252 1655 42 64 un
1357 1655 116 72 coup
1562 1615 176 92 darme
1816 1619 217 83 partir
2120 1619 83 69 que
2276 1585 217 98 setant

949 1761 262 85 detourné
1283 1744 36 78 Il
1380 1729 272 77 entendit
1729 1715 135 73 crier
1947 1706 136 84 chés
2171 1693 22 84 le
2244 1692 136 74 sieur

942 1862 166 85 Tache
1186 1866 49 74 ou
1298 1839 49 90 Il
1404 1834 195 82 courut
1669 1809 126 96 tout
1868 1805 38 92 de
1953 1794 128 83 suite
2171 1800 93 89 quy
2311 1784 171 84 etant

938 1964 163 89 rentré
1153 1951 38 84 Il
1264 1942 223 74 trouva
1565 1926 33 90 le
1650 1919 208 92 garion
1952 1903 43 65 de
2031 1895 82 88 luy
2174 1877 325 93 deposant

947 2059 181 93 lequel
1185 2049 95 72 luy
1317 2034 104 84 dit,
1478 2026 62 74 la
1605 2015 95 86 mon
1766 2004 298 100 bourgeois
2151 1983 33 99 Je
2221 1984 95 84 suis
2383 1975 157 81 mort,

942 2166 41 80 et
1039 2158 31 84 le
1108 2152 112 87 sieur
1288 2135 185 84 Tache
1538 2120 71 94 qui
1662 2117 153 84 crioit
1880 2117 53 72 en
1989 2100 211 85 disant
2264 2092 53 68 at
2388 2090 91 65 mon

946 2257 118 98 Dieu
1147 2257 45 89 je
1231 2253 125 58 viens
1433 2227 51 82 de
1523 2216 149 108 faire
1729 2215 48 81 un
1871 2201 290 87 malheur
2219 2205 100 81 que
2377 2182 94 91 luy

951 2360 289 96 déposant
1309 2348 191 92 ayant
1554 2322 191 89 relevé
1810 2313 100 90 son
1974 2312 198 84 garçon
2260 2291 38 89 Il
2402 2282 23 80 le

963 2458 289 83 conduisit
1336 2450 93 84 sur
1485 2449 100 71 une
1633 2428 295 82 paillasse
2021 2423 61 66 au
2127 2411 127 72 bout
2305 2414 51 65 de
2406 2405 50 66 la

936 2562 312 98 Boutique
1315 2563 112 79 avec
1493 2518 454 121 quelqu'autres
2014 2501 332 104 personnes
2421 2496 112 96 quy

952 2656 327 94 laiderent,
1323 2664 81 76 que
1466 2639 243 91 layant
1756 2619 110 100 fait
1922 2617 220 88 coucher
2206 2603 95 84 sur
2352 2596 147 89 ladite

968 2771 257 89 paillasse
1299 2748 48 101 Il
1409 2740 75 103 luy
1538 2734 291 81 demanda
1921 2717 107 96 quy
2085 2715 57 70 est
2215 2714 30 75 ce
2290 2708 99 81 quy
2435 2685 96 86 luy

957 2873 150 91 avait
1178 2863 175 82 donné
1400 2858 36 59 ce
1483 2848 123 76 coup
1680 2842 123 77 quil
1865 2819 80 94 luy
2009 2800 264 107 repondit
2339 2809 98 80 que

952 3006 166 49 retoir
1213 2964 239 79 meur
1522 2941 191 76 Tache
1807 2925 128 84 mais
2023 2915 127 82 quil
2220 2898 224 86 lavait

960 3058 112 92 fait
1144 3045 478 94 jnnocemment,
1663 3044 4 74 a
1722 3024 137 89 joute
1926 3015 131 90 quil
2106 3016 34 68 ne
2208 3012 67 70 se

958 3156 347 84 ressouvient
1365 3142 93 86 pas
1536 3136 60 74 si
1657 3129 28 84 le
1727 3129 122 75 sieur
1917 3121 288 88 Vrigneau
2267 3096 250 99 Laissant

962 3243 59 124 les
1079 3234 254 130 pistolets
1392 3220 95 130 sur
1553 3214 218 133 letably
1831 3208 39 88 du
1930 3210 146 97 sieur
2163 3211 236 97 Tache,
2431 3200 57 87 la
