2784 4128
956 130 79 133 pa

274 465 33 75 on
365 468 3 71 a
417 437 208 101 demandé
651 434 34 101 la
727 428 193 106 proedure

209 569 2 69 a
260 551 76 91 M^r
378 553 25 91 de
437 541 135 97 Rohan
606 556 25 76 et
665 536 32 99 de
731 537 209 105 Bongars–

215 642 28 121 le
276 637 42 167 23
338 646 90 168 Juin
461 631 77 148 1787

1333 491 672 129 Memoire

1243 750 255 97 Pour
1566 724 49 121 le
1675 717 146 128 Sieur
1890 709 148 117 Tach
2116 708 408 129 Arquebusier

1547 852 48 96 au
1636 839 191 123 Cap,
1850 827 66 104 ile
1967 852 39 85 et
2056 827 92 107 côte
2189 813 66 117 S^t
2277 809 316 130 Domingue

1174 1137 430 109 L'exposant
1670 1139 113 95 avoit
1840 1134 142 94 pensé
2025 1144 143 89 n'avoir
2218 1135 104 98 qu'à
2366 1121 119 96 verser
2527 1117 54 96 des

993 1238 159 88 Larmes
1234 1245 63 82 sur
1351 1238 35 92 la
1434 1242 111 85 perte
1613 1227 77 98 d'un
1730 1226 235 99 homme,
1992 1232 84 88 dont
2116 1232 22 88 il
2185 1239 1 67 a
2240 1226 56 83 été
2336 1219 36 94 la
2419 1227 118 88 Cause

981 1346 230 68 innocente
1281 1337 102 71 dans
1423 1332 406 73 l'instapt-meme
1905 1342 46 54 où
1976 1328 26 67 il
2047 1319 51 74 lui
2143 1316 178 75 donnoit
2386 1327 72 60 une

980 1424 156 85 preuve
1183 1415 41 86 de
1264 1414 244 99 l'affection
1574 1410 109 99 qu'il
1729 1410 55 92 lui
1831 1410 102 81 avoit
1979 1413 170 82 toujours
2222 1401 197 92 portée:
2465 1402 163 84 mais,

996 1532 61 69 une
1137 1504 229 92 sentence
1424 1500 35 86 de
1531 1505 103 88 mort
1692 1520 55 69 que
1812 1497 48 82 les
1926 1500 115 83 Juges
2087 1491 41 81 du
2167 1486 101 91 Cap
2321 1505 61 67 ont
2435 1479 168 95 residué

988 1601 142 74 contre
1184 1595 101 82 lui,
1326 1616 0 59 a
1407 1589 142 92 ajouté
1603 1612 20 64 à
1691 1589 74 89 son
1833 1585 224 92 affliction
2135 1581 23 89 la
2202 1587 164 75 douleur
2412 1576 145 85 d'avoir

988 1683 27 89 à
1066 1681 202 90 solliciter
1332 1682 59 88 des
1461 1674 144 89 Lettres
1682 1677 40 72 de
1779 1680 163 82 Grace,
1973 1667 92 90 dans
2116 1687 33 64 un
2194 1675 86 81 Cas
2341 1663 23 92 le
2393 1666 87 88 plus

998 1772 244 88 graciable
1306 1776 34 73 en
1372 1768 79 94 effet
1529 1776 60 76 qui
1667 1768 41 91 se
1765 1761 205 94 présenta
2034 1764 283 74 jamais,
2362 1775 41 51 la

1002 1872 158 82 rigueur
1217 1858 30 74 de
1312 1882 21 76 ce
1405 1864 224 94 Jugément
1701 1866 94 79 aura
1866 1848 145 76 dequoi
2068 1844 375 107 surprendre.
2471 1843 44 96 Il

989 1953 171 81 servira
1216 1952 33 88 de
1291 1955 158 83 preuve
1523 1955 64 80 que
1655 1942 26 83 la
1731 1939 170 81 droiture
1969 1944 33 75 de
2051 1932 246 92 sentiments
2359 1930 26 81 la
2434 1946 102 72 mieux

996 2031 235 77 établie,
1265 2054 28 69 ne
1334 2029 118 99 saffit
1512 2040 76 75 pas
1663 2029 207 84 toujours
1931 2047 35 49 au
2020 2018 331 94 Magistral,
2384 2036 91 71 pour

1000 2122 304 86 l'empêcher
1375 2119 30 74 de
1476 2115 274 83 commettre
1827 2121 72 75 une
1957 2122 216 70 injustice
2225 2105 180 84 énorme
2481 2102 43 74 et

1020 2204 319 87 mcurtriere.

1200 2300 323 103 L'Exposant
1579 2312 131 84 réside
1773 2305 101 82 dans
1938 2295 22 91 la
2031 2300 79 84 ville
2195 2285 37 91 du
2260 2281 209 104 Cap–

1011 2403 28 89 Il
1091 2403 1 79 y
1144 2424 0 63 a
1203 2403 172 94 toujours
1428 2412 159 77 exercé
1633 2410 86 78 avec
1778 2396 66 88 une
1904 2396 204 88 conduite
2161 2391 449 99 irréprochable,–

1007 2493 30 96 la
1094 2490 234 103 profession
1378 2484 350 107 d'Arquebusier.
1785 2482 38 101 Il
1880 2484 212 98 s'occupoit
2127 2484 110 78 dans
2287 2477 37 89 sa
2360 2472 219 101 Bourique

1001 2595 28 82 le
1062 2591 62 92 13.
1143 2591 41 80 du
1238 2612 61 59 moi
1379 2591 35 80 de
1454 2596 109 70 Mai
1616 2577 144 99 1766.
1797 2575 192 98 lorsqu'un
2062 2574 75 86 S^r
2184 2574 203 89 Vigneau
2439 2559 185 96 habitant

1016 2680 35 83 du
1085 2681 161 95 Cap,
1279 2678 22 82 le
1364 2681 201 87 chargea
1619 2672 36 86 de
1724 2674 139 91 recolés
1924 2691 37 77 un
2022 2672 125 91 petit
2222 2675 190 81 morceau
2458 2655 29 82 de
2527 2653 85 80 bois

1013 2797 26 65 à
1075 2774 135 100 l'afut
1278 2773 31 79 de
1356 2771 69 91 son
1480 2764 224 100 Pistolet.
1758 2756 272 102 L'Exposant
2088 2770 28 78 ne
2175 2763 72 78 put
2314 2753 126 85 point
2491 2747 3 63 a

1016 2863 135 94 faire
1226 2864 71 73 cette
1359 2857 260 99 oppération
1667 2853 100 96 dans
1843 2846 30 100 le
1941 2850 225 96 moment,
2193 2840 22 76 il
2263 2844 22 71 la
2340 2835 120 93 remit
2522 2832 22 80 à

1013 2944 168 110 l'après
1248 2945 137 78 midi.

1207 3036 175 87 Dans
1474 3041 48 79 cet
1569 3034 260 82 intervalle,
1863 3032 107 78 entra
2014 3029 104 81 dans
2188 3015 23 91 la
2242 3011 230 95 Boutique
2522 3008 36 85 de

1015 3125 321 97 l'Exposant,
1368 3148 35 69 un
1462 3146 154 66 nommé
1649 3116 87 92 Tan
1822 3134 154 71 garçon
2022 3112 41 87 du
2102 3107 61 84 S^r
2196 3112 201 88 Billouet
2449 3103 88 84 M^e

1008 3210 306 85 chaudronier
1377 3207 83 82 dont
1504 3204 33 83 la
1604 3199 180 86 Maison
1852 3203 78 78 étoit
1998 3193 104 86 dans
2189 3189 27 87 la
2285 3196 109 79 même
2450 3203 58 69 rue

1022 3298 32 83 et
1107 3293 164 109 enface
1316 3293 48 97 de
1440 3293 86 87 celle
1602 3293 24 76 de
1672 3284 333 103 l'Exposant,
2066 3302 33 78 Le
2150 3303 143 75 nommé
2327 3272 82 99 Tan
2489 3270 58 97 que

1016 3453 83 34 crou
1196 3449 0 24 a
1277 3415 94 66 corde
1416 3398 88 70 lui,
1549 3404 77 63 par
1677 3391 42 76 les
1811 3387 187 80 services
2060 3382 83 82 qu'il
2188 3394 30 62 en
2263 3379 210 73 recevoit,
2495 3372 89 78 étoit

1037 3499 117 87 venu
1221 3486 25 97 le
1321 3488 102 95 priet
1482 3497 25 91 ce
1550 3472 180 115 Jour-l'à
1789 3473 33 99 de
1873 3467 49 109 lui
1974 3474 225 92 permettre
2257 3452 310 99 d'accommode
