3872 3008
405 2020 64 66 L^e

693 329 154 87 faisant
956 324 137 87 Route
1153 327 106 75 pour
1301 320 106 79 saint
1466 312 144 84 Louis,
1645 333 94 58 qu'un
1781 316 154 67 jnstant

691 434 104 62 aprés
834 423 69 67 Elle
947 416 166 71 Entendit
1157 418 115 53 chrer
1332 417 38 53 un
1420 407 79 70 coup
1564 414 32 39 de
1656 404 120 60 posta
1811 394 72 72 let

698 509 218 60 qu'Environ
998 503 57 53 une
1102 502 122 47 denie
1288 489 102 64 heure
1452 485 133 65 après
1627 480 27 47 le
1705 480 197 52 nommé

692 571 236 78 humbert
986 561 141 77 cobert
1202 559 47 75 dit
1297 560 157 73 Coutois
1513 559 80 59 vint
1652 541 91 79 chés
1780 544 79 58 Elle

697 646 295 84 déposante,
1027 646 84 71 qu'il
1168 638 56 64 luy
1254 636 51 64 dit
1368 636 99 69 avoir
1537 630 136 58 trouvé
1754 619 98 74 dans
1890 619 59 67 son

692 725 248 76 Chemin,
983 717 117 78 lesdits
1156 716 168 67 Thomy
1381 706 31 72 Et
1441 693 173 83 Gillet,
1644 695 63 63 que
1770 682 117 71 ledit

684 809 119 73 Gillet
874 802 62 75 luy
975 807 108 65 avoit
1170 788 60 72 dit
1302 796 3 63 a
1339 789 66 64 ly
1461 777 150 74 coutois
1661 775 71 69 que
1810 768 33 60 le

704 882 184 75 nommé
956 880 167 69 janson
1228 862 135 73 venoit
1416 869 27 48 de
1500 863 147 62 donner
1698 863 40 55 un
1796 846 80 78 coup

697 978 29 60 de
772 950 231 86 pistolet
1060 951 40 70 au
1161 938 201 81 nommé
1429 930 157 74 Thomy
1654 927 28 79 Et
1708 922 263 79 qu'Effectivement

689 1050 53 71 luy
781 1044 150 62 coutois
987 1035 105 64 avoit
1154 1039 47 58 vû
1251 1031 30 60 du
1326 1020 118 81 sang
1512 1014 67 70 sur
1640 1000 191 70 l'habit
1887 997 30 57 du

696 1127 38 62 dit
783 1115 186 84 Thomy.
1023 1116 83 79 qui
1150 1105 53 72 Est
1253 1101 94 67 tout
1431 1102 26 76 ce
1488 1092 157 74 qu'Elle
1706 1091 3 77 a
1742 1086 52 80 dit
1828 1079 132 69 scavoir

817 1214 216 90 Lecture
1107 1216 0 68 a
1159 1226 64 71 Elle
1281 1206 104 79 faite
1443 1222 37 64 de
1504 1202 51 89 sa
1584 1203 252 84 deposition
1923 1207 0 53 a

702 1306 51 73 dit
805 1303 109 78 jcelle
989 1300 192 69 contenir
1255 1286 191 75 verité,
1488 1295 2 63 y
1547 1295 2 62 a
1602 1274 239 66 persisté
1899 1269 2 48 a

700 1385 171 57 declaré
925 1377 26 55 ne
1014 1368 148 69 savoir
1220 1363 162 72 signer
1441 1364 31 58 de
1501 1371 26 39 ce
1581 1359 226 61 Enquire

689 1443 181 68 suivant
962 1428 411 78 l'ordonnance.
1411 1428 31 63 Et
1480 1440 128 55 aprés
1651 1420 181 69 qu'Elle
1924 1427 1 57 a

702 1532 143 59 requis
891 1510 164 69 salaire
1129 1506 83 73 luy
1265 1508 136 65 avons
1448 1498 126 77 taxé
1605 1500 23 57 la
1654 1497 217 66 somme

701 1610 28 59 de
779 1608 96 62 huit
925 1593 90 76 livre
1093 1586 120 78 signés
1245 1600 1 46 a
1273 1584 23 62 la
1345 1579 187 67 minutte
1643 1570 216 81 DEcopin
1936 1571 24 66 et

678 1682 289 82 Casamajor,
1012 1674 195 79 Greffier.

1130 1763 152 94 Dudit
1323 1780 94 73 jour
1465 1764 174 90 premier
1679 1753 243 99 septembre

1136 1869 62 72 mil
1232 1871 79 70 sept
1346 1852 73 66 cent
1466 1860 44 67 dix
1581 1844 139 69 sneuf,
1749 1843 37 59 au
1833 1844 91 59 matiu

714 1970 280 74 Catherine
1071 1960 180 86 Cogre,
1291 1958 156 82 femme
1529 1971 25 46 de
1588 1956 209 66 huuebert
1832 1947 126 67 Cobert

701 2060 46 47 dit
784 2053 179 74 coutois,
1001 2043 234 63 habitante
1317 2046 34 62 de
1378 2051 24 64 ce
1445 2030 207 78 quartier
1688 2027 30 79 Et
1743 2021 196 82 paroisse

699 2133 155 65 d'aquin
933 2142 1 45 y
984 2118 325 76 demeurant,
1344 2121 77 56 agée
1476 2111 209 63 d'Environ
1765 2100 189 74 quarante

691 2206 70 68 ans
837 2194 194 76 laquelle
1092 2196 117 68 aprés
1259 2188 194 62 serment
1530 2190 90 55 par
1663 2173 82 65 Elle
1800 2164 96 74 fait

693 2288 22 45 de
745 2283 74 54 dire
875 2279 131 61 verité
1057 2278 28 69 Et
1120 2273 146 76 qu'Elle
1333 2273 100 63 nous
1458 2280 1 42 a
1505 2268 58 55 dit
1609 2264 101 73 n'Etre
1765 2260 173 70 parente

708 2358 167 80 alliée,
913 2352 195 70 servante
1180 2359 35 39 ni
1270 2339 281 79 Domestique
1617 2342 47 76 des
1702 2331 200 74 partis

685 2439 26 60 Et
753 2438 93 70 nous
894 2443 1 45 a
949 2428 266 85 representé
1274 2422 247 88 l'Exploit
1575 2405 345 92 d'assignation

702 2529 0 42 a
740 2521 62 61 Elle
862 2523 146 58 donnée
1079 2517 79 63 par
1240 2510 202 73 Graugé
1528 2487 218 89 huissier
1832 2480 42 53 le

686 2596 211 67 trentieme
972 2596 38 66 du
1064 2606 103 57 mois
1232 2592 162 73 d'aoust
1448 2595 227 70 dernier,
1727 2592 147 61 pour

2465 308 150 103 deporer
2674 304 1 77 a
2713 319 29 72 la
2772 295 158 99 requête
2981 292 108 104 dudit
3122 295 93 86 Jean
3295 289 189 100 Thomy,
3549 294 32 55 le

2489 384 219 77 procureur
2757 383 140 84 fiscal
2970 381 101 86 joint

2624 462 253 94 Dépose
2946 459 61 87 sur
3034 459 47 83 les
3107 442 109 89 faits
3273 445 266 84 mentionnés
3590 429 37 63 en

2449 568 30 66 la
2517 544 212 80 plainte
2804 541 26 76 Et
2867 538 201 81 nouvelle
3139 519 162 82 requête
3363 517 114 74 dudit
3516 504 95 68 jean

2451 628 183 93 Thomy,
2671 628 216 82 dexquelles
2941 621 76 77 luy
3064 605 108 90 avon
3232 592 87 85 fait
3366 574 237 79 lecture,

2477 705 79 95 que
2596 701 29 93 le
2672 716 85 68 jour
2823 706 33 66 de
2903 689 300 86 Demanche
3288 670 232 79 trentieme
3587 656 46 68 de

2449 790 159 79 juillet
2659 784 199 79 derieu,
2889 780 166 75 Environ
3118 765 92 81 cinq
3258 761 137 77 heures
3445 756 41 75 du
3518 748 106 61 sour

2445 858 103 81 Etant
2605 851 119 83 assire
2774 847 74 79 sur
2904 846 26 72 le
2984 846 100 71 Bois
3108 836 35 78 de
3197 825 327 86 l'jndigotterie
3586 813 85 63 avec

2452 943 57 79 ses
2559 932 182 87 enfairs,
2772 927 141 86 ayant
2980 933 40 69 vu
3076 926 44 71 au
3153 927 133 67 grand
3330 901 186 66 chemin
3603 889 67 67 Elle

2469 1011 254 100 appercut
2783 1002 40 75 les
2852 996 192 75 nommés
3097 992 155 85 Thomy
3303 976 37 90 Et
3379 971 135 66 Gillet
3576 965 69 64 qui

2462 1089 186 81 venoient
2706 1084 34 73 de
2764 1082 28 71 la
2850 1074 188 80 Riviere
3104 1054 308 89 donnante,
3461 1049 181 75 fairent

2455 1178 129 62 Route
2652 1166 95 61 pour
2776 1151 129 71 saint
2973 1143 133 65 louis,
3157 1149 65 52 que
3282 1139 98 50 dans
3402 1127 26 56 le
3483 1124 136 52 meme

2461 1246 94 69 tens
2610 1239 77 69 Elle
2741 1230 55 66 vit
2835 1234 41 57 un
2935 1216 183 75 cavalier
3183 1206 155 71 qu'Elle
3394 1198 23 64 ne
3489 1189 160 66 coment

2459 1317 120 80 point
2640 1309 152 83 lequel
2870 1300 190 77 venant
3131 1292 35 64 du
3222 1287 79 76 coté
3339 1293 38 68 de
3396 1275 54 66 S^t
3498 1270 127 66 Louis

2470 1393 128 80 alloit
2661 1398 4 59 a
2699 1388 25 63 la
2804 1371 254 82 Remontre
3137 1364 130 80 desdits
3313 1353 129 79 Gillet
3483 1352 24 55 Et
3532 1346 134 62 Thomy

2461 1463 169 82 Ensorte
2687 1460 61 82 que
2772 1444 163 87 s'Etant
2981 1437 106 87 joint
3163 1437 70 68 Elle
3288 1428 183 76 entendit
3532 1410 98 73 tirer

2474 1573 34 40 an
2560 1547 95 72 Coup
2728 1548 33 60 de
2828 1526 263 76 pistolet;
3132 1505 257 85 qu'Ensuite
3481 1503 99 61 Elle

2472 1615 241 115 apperut
2779 1605 145 86 lesdits
2962 1609 137 70 Gillet
3145 1595 33 94 Et
3214 1590 145 96 Thomy
3403 1589 61 86 qui
3503 1564 155 85 present

2470 1722 27 61 Le
2542 1716 175 61 Chemin
2787 1720 32 51 de
2849 1701 41 60 S^t
2920 1701 128 56 Louis
3114 1700 55 46 au
3229 1676 180 73 galop,
3454 1666 127 63 qu'uun

2479 1796 143 72 quart
2699 1786 161 76 dheure
2938 1776 121 81 aprés
3106 1780 29 56 le
3171 1763 198 70 nommé
3444 1746 192 69 jansen

2482 1880 82 56 vint
2649 1872 96 57 chés
2791 1865 125 53 Elleb
2971 1852 69 65 qui
3081 1844 65 64 luy
3196 1840 232 64 demanda
3508 1829 34 55 ou
3583 1816 87 62 Etoit

2471 1958 59 79 son
2595 1962 127 59 mary
2780 1931 164 78 coutois,
2971 1925 30 87 la
3033 1916 98 95 quoy
3182 1918 73 80 Elle
3312 1895 294 100 deposante

2470 2037 262 87 Repondit
2800 2017 105 90 qu'il
2944 2012 105 80 Etoit
3101 2002 105 73 chez
3269 2001 265 71 Madame

2491 2110 243 92 queprard,
2774 2102 252 86 qu'Ensuite
3092 2088 83 82 Elle
3240 2076 303 90 déposante
3598 2075 2 45 –

2483 2210 215 59 demanda
2776 2185 145 74 audit
2979 2180 154 68 janson
3222 2175 24 69 ce
3273 2169 109 69 qu'il
3435 2158 109 71 avoit
3586 2155 78 62 fait

2483 2288 37 69 Et
2550 2282 65 75 que
2660 2276 59 76 son
2788 2283 113 66 mare
2982 2261 63 60 luy
3099 2262 117 50 avoit
3287 2246 63 70 dit
3409 2241 101 67 qu'il
3564 2230 118 63 avoit

2490 2374 141 61 donné
2683 2374 39 53 un
2772 2357 94 89 coup
2942 2364 40 72 de
3026 2337 243 76 pistolet
3339 2342 1 39 a
3429 2323 248 87 Thomy,

2493 2460 68 58 que
2588 2443 117 77 ledit
2772 2443 163 66 janson
3035 2426 78 80 luy
3154 2414 257 89 repondit
3486 2421 72 59 que
3605 2408 72 60 cela

2498 2530 112 85 n'Etoit
2657 2515 180 89 point,
2877 2510 101 90 mais
3006 2516 71 79 que
3128 2501 96 91 s'il
3287 2493 119 64 avoit
3466 2490 167 60 donné
3687 2499 26 48 un

2484 2611 100 98 coup
2670 2617 39 87 de
2754 2596 252 95 pistolet
3065 2586 142 87 audit
3266 2583 176 98 Thomy
3531 2578 29 76 jl
3613 2577 71 61 n'en

2071 1094 1 54 #
2130 1094 26 72 du
2201 1082 86 82 coté

2056 1199 0 111 D
