3232 3728
171 345 143 79 uisse
363 350 97 74 etre

156 487 37 64 ce
240 485 83 66 don

175 581 226 79 Julienne

227 737 30 55 et
309 709 73 85 lui

175 833 96 85 sort
321 852 40 70 en

214 983 136 56 moyen

151 1050 103 147 Ceras
282 1054 174 129 Graces

147 1308 30 107 lle
250 1321 97 86 dont
398 1313 30 100 le

164 1478 1 52 n
218 1456 169 73 servain

223 1571 195 133 Signé

158 1695 12 143 à
189 1696 63 150 lui
301 1714 124 105 faire

152 1857 228 79 présente

145 1971 104 97 Egne
299 1944 182 122 Presille

149 2103 56 98 res
303 2100 196 96 Royaex

146 2207 274 120 francaise

160 2521 38 89 en
263 2506 244 113 Jourgue.

155 2721 0 0 #
213 2684 279 72 ordencuremen

153 2793 27 95 de
226 2796 245 95 paroisse

153 2941 17 80 de
205 2936 115 85 poir

170 3056 181 81 uiseuil

166 3164 100 105 ede
317 3170 32 99 la

164 3347 49 172 un
320 3319 92 202 les

1122 343 180 114 Chefs
1443 345 242 103 Gouverneur
1756 372 23 74 et
1834 350 258 101 ordonnateur
2147 384 39 67 de
2233 369 94 78 cette
2397 360 243 105 Colanie,

1150 488 52 69 mis
1247 492 182 79 ensuitte
1507 491 26 76 de
1572 492 26 83 la
1643 492 182 92 requête
1896 504 71 80 qui
2013 502 246 89 precéde,
2297 515 21 79 à
2357 517 97 74 par
2519 505 117 75 cesr

1118 604 239 89 presentes
1430 598 86 96 fait
1582 602 338 95 donnation
2026 602 185 97 Entre
2277 604 133 96 vesse
2483 607 179 95 errevoca

1042 711 130 101 able
1225 724 30 94 en
1293 730 32 90 la
1407 724 191 99 meilleure
1659 716 138 110 forme
1850 741 0 84 &
1956 720 184 110 maniere
2254 722 92 103 que
2383 736 229 96 donnation

1093 861 222 112 puisse
1438 879 41 102 le
1512 871 124 110 faire
1693 874 140 107 pour
1899 859 99 86 avoir
2080 859 181 85 Lieu.※

1278 963 234 108 Au
1562 984 175 85 nommé
1779 960 400 123 Augristen:
2246 977 167 85 mulatre
2454 973 134 97 creole

1142 1116 38 74 de
1232 1126 105 64 cette
1389 1110 218 109 Colonie,
1652 1139 82 80 agé
1779 1113 38 82 de
1876 1108 75 93 dite
1989 1108 75 97 ans
2131 1116 60 80 son
2244 1126 0 66 E
2334 1108 135 109 Clave,
2506 1124 30 62 et

1144 1230 69 93 fils
1274 1229 53 83 de
1365 1239 31 101 la
1464 1229 252 111 negresse,
1762 1236 175 76 nommée
2028 1226 213 86 Julinne
2310 1257 145 61 aussi
2523 1242 92 95 Suy

1136 1343 227 86 Esclave
1424 1357 151 82 criole
1651 1353 38 82 de
1734 1363 106 75 cette
1901 1343 204 108 colonie,
2135 1350 121 101 empsé
2286 1367 31 73 on
2385 1340 144 99 duitle

1132 1469 48 85 de
1227 1477 24 83 la
1307 1470 231 114 requete)
1578 1472 239 114 d'environ
1888 1472 247 110 quarante
2191 1501 128 72 ans,
2358 1496 104 65 tous
2526 1474 95 99 deux

1125 1612 334 91 demeurants
1514 1605 357 99 ordinairement
1925 1636 86 62 avec
2080 1609 148 88 ledit
2306 1627 62 73 S^r
2430 1611 256 114 Gourgeue

1145 1730 71 98 sur
1258 1735 71 89 son
1414 1730 390 99 Habitation,
1839 1746 36 86 et
1924 1731 121 104 étant
2095 1740 376 93 pareillement
2562 1770 37 62 ce

1139 1905 92 79 jour
1282 1859 118 125 logés
1459 1859 185 104 nouvelle
1703 1859 109 104 ville
1880 1877 50 107 de
1981 1905 219 79 cayenne,
2225 1860 84 101 rue
2351 1859 34 95 de
2427 1880 210 84 Choiseuil

1172 2005 112 105 mâme
1341 1988 271 107 paroisse
1680 1988 84 88 S^t
1806 1988 245 99 Sauveur,
2093 2005 17 97 à
2160 2005 34 105 ce
2236 2020 236 69 présent
2540 1988 34 100 et

1141 2124 302 102 intervenant
1531 2126 27 82 le
1628 2127 71 128 dit
1770 2127 327 128 Augustin,
2159 2145 35 61 ce
2238 2148 256 107 acceptant
2530 2141 141 85 yates

1176 2247 32 107 la
1282 2248 73 121 dite
1437 2249 172 105 Julienne
1674 2263 57 90 sa
1805 2272 139 89 mere,
1985 2260 0 97 d
2091 2286 65 85 son
2197 2303 65 64 age
2303 2296 65 66 de
2426 2282 196 76 minorité

1160 2390 173 136 ladite
1407 2392 210 125 Julanne
1682 2443 21 61 à
1748 2441 30 67 ce
1824 2435 220 100 autorisie
2098 2441 115 94 par
2269 2411 39 98 le
2383 2398 67 108 dit
2506 2416 105 94 Sr

1197 2520 243 133 Gourgue.

1371 2632 199 120 De
1632 2659 135 102 tous
1819 2639 83 130 les
1954 2642 191 133 droits
2188 2681 56 93 de
2322 2681 299 90 maitrise

1175 2805 27 73 et
1253 2769 227 120 servitude
1540 2820 69 72 que
1652 2805 27 77 le
1731 2775 61 114 dit
1843 2776 62 117 S^r
1965 2785 209 122 Gourgue
2250 2826 2 67 a
2320 2803 89 89 sur
2450 2797 55 106 les

1181 2920 57 109 dit
1283 2917 246 129 Auguutin
1621 2922 171 134 mulatre
1855 2953 49 101 de
1958 2923 68 136 loi
2071 2924 133 137 faire
2249 2927 311 129 approidre

1170 3050 304 112 onméction)
1523 3056 29 100 et
1609 3056 29 99 ce
1670 3059 114 112 sans
1859 3066 226 119 aucuses
2152 3073 217 106 reserves
2479 3090 89 111 n'y

1193 3188 320 120 réstrictions
1564 3185 320 128 quelonques
1981 3190 72 103 les
2104 3194 64 124 lui
2228 3198 400 124 transporsant

1193 3319 32 67 et
1286 3298 127 107 s'en
1458 3306 416 117 déssaisissant
1926 3324 41 97 en
2059 3315 57 111 sa
2160 3316 174 107 saveur
2425 3337 230 103 Voulant
