3232 3680
158 1708 58 43 30000

927 257 276 92 Boutique
1267 254 119 91 dans
1444 258 73 83 une
1588 251 133 81 autre
1777 237 257 82 chambre
2112 241 99 82 que
2262 235 204 75 pour–

949 360 105 89 lort
1108 357 67 88 cet
1241 351 201 86 homme
1502 337 225 94 parloit
1800 331 110 68 bien
1973 314 465 90 distinesement,

963 452 116 88 qu'il
1133 463 3 66 a
1188 446 61 86 dit
1302 437 128 92 qu'il
1490 425 254 93 souffrait
1798 417 260 83 beaucoup
2130 403 40 70 et
2206 400 147 77 avait
2406 395 47 74 de

955 539 212 88 grandes
1234 530 230 92 douleurs
1538 519 116 78 dans
1722 519 39 64 le
1805 505 158 82 ventre
2037 504 33 78 et
2115 505 121 75 qu'en
2299 485 121 88 effet
2483 490 32 66 Il

959 639 138 70 avait
1178 633 80 78 reçu
1335 621 35 86 le
1414 625 117 78 coup
1608 609 40 79 du
1697 603 117 74 coté
1871 596 120 75 droit
2055 597 44 76 un
2156 602 90 65 peu
2323 588 48 65 au
2405 577 132 76 dessous

960 732 78 70 des
1069 719 128 81 côtes
1303 712 122 83 mais
1507 716 77 66 que
1636 694 63 70 cet
1765 686 218 74 homme
2048 694 2 54 a
2103 689 39 61 en
2208 663 137 82 même
2391 660 145 82 temps

951 828 70 65 dit
1087 823 38 67 et
1175 811 232 78 déclaré
1450 805 76 76 que
1585 791 156 76 cetoit
1793 791 124 64 par
1977 766 263 85 accident
2320 759 50 57 et

960 901 459 94 Innocemment
1477 890 93 75 que
1609 891 46 71 le
1695 892 130 71 coup
1907 870 39 83 du
2004 859 245 93 pistolet
2320 851 129 73 Etoit

973 999 180 97 party
1226 989 340 94 Larmurier
1627 994 94 82 quy
1788 958 382 92 accomodait
2245 960 113 73 pour
2398 945 87 81 lors

960 1095 138 88 ledit
1152 1079 263 102 pistolet
1488 1077 237 91 nayant
1780 1075 174 67 aucun
2041 1054 153 78 dessein
2256 1048 39 78 de
2326 1045 27 77 le
2390 1047 109 81 tuer

965 1189 246 75 nayant
1287 1185 143 72 meme
1492 1176 227 75 aucune
1789 1171 202 68 raison
2058 1163 119 67 pour
2229 1163 35 63 en
2327 1163 128 62 avoir

957 1298 150 65 conçû
1177 1275 26 79 le
1257 1275 149 78 desseim
1490 1261 188 86 ajoute
1738 1258 25 76 le
1829 1259 297 79 deposant
2187 1257 148 61 avoir
2402 1259 81 56 ous

956 1377 80 78 dire
1106 1382 84 71 que
1241 1363 343 83 Larmurier
1652 1355 127 75 dont
1843 1349 31 75 Il
1956 1346 210 89 Ignore
2224 1343 31 73 le
2308 1356 102 61 nom

958 1478 151 74 avait
1160 1473 77 69 reçu
1315 1452 164 92 lesdits
1544 1439 271 104 pistolets
1895 1437 41 80 en
2003 1437 169 97 hoque
2238 1435 42 82 du
2326 1455 169 64 neautre

954 1577 152 68 paire
1178 1563 121 78 quil
1365 1559 162 73 avait
1589 1551 124 71 cedé
1793 1547 155 80 qu'un
2033 1539 288 65 armurier
2391 1542 128 61 voisin

947 1662 154 83 avait
1168 1655 231 88 chargé
1450 1640 169 96 lesdits
1693 1628 255 102 postelets
2051 1641 111 72 avec
2217 1623 41 81 la
2305 1629 180 84 charge

953 1765 38 77 de
1029 1747 108 94 ceux
1225 1766 107 73 par
1369 1750 95 80 luy
1515 1733 141 81 cedes
1759 1727 119 84 mais
1953 1733 133 80 quil
2148 1724 63 85 len
2267 1719 139 88 avait

955 1854 214 87 averty
1235 1857 164 77 qu'au
1440 1836 120 93 reste
1638 1833 40 72 Il
1756 1831 52 71 ne
1870 1823 162 80 scait
2094 1830 76 76 ces
2236 1817 225 84 derniers

962 1957 127 93 faits
1163 1958 114 83 que
1319 1952 125 88 par
1526 1953 87 75 oui
1674 1930 159 68 dire.

1130 2035 96 87 Luy
1294 2032 63 87 Est
1425 2035 127 85 tout
1608 2043 32 75 ce
1695 2033 114 83 quil
1878 2036 1 72 a
1934 2024 76 83 dit
2097 2019 235 86 scavoir
2390 2012 135 79 lecture

960 2164 3 66 a
1027 2142 94 91 luy
1196 2136 138 91 faite
1421 2132 39 78 de
1514 2134 62 78 sa
1642 2126 317 87 deposition
2048 2139 2 60 a
2107 2120 76 75 dit
2248 2106 160 86 qu'elle

958 2242 269 88 contient
1292 2232 182 88 verité
1528 2232 133 88 quil
1720 2245 3 69 y
1783 2225 225 87 persiste
2093 2231 33 59 et
2180 2223 2 58 a
2254 2203 158 90 signé

965 2361 112 69 avec
1146 2342 124 82 nous
1333 2335 41 74 et
1424 2327 28 81 le
1521 2320 216 97 Greffier
1804 2317 229 88 commis
2116 2296 183 92 signés
2360 2305 3 58 a
2412 2291 61 72 la

960 2426 266 90 minutte
1303 2413 55 102 J.
1384 2404 317 99 Rolland,
1758 2399 238 103 Esteve,
2036 2411 39 79 et
2124 2387 84 94 LJ
2255 2379 225 97 Rivery

935 2526 226 103 greffier
1230 2514 325 91 commis.

1194 2627 74 73 Du
1320 2630 228 80 quatorze
1614 2610 95 98 may
1781 2614 74 82 mil
1921 2612 94 92 sept
2068 2614 94 81 cent
2235 2605 234 84 soixante

944 2713 58 81 six
1068 2710 120 85 sept
1265 2698 188 92 heures
1494 2698 45 84 du
1605 2694 212 85 matin.

1212 2791 238 105 Augustin
1510 2790 208 96 Robert
1784 2792 202 98 auvray
2042 2789 286 98 capitaine
2377 2784 54 90 En

953 2901 174 94 second
1186 2904 93 83 sur
1324 2893 44 81 le
1420 2890 209 89 Navire
1710 2886 29 78 le
1792 2886 98 91 frere
1944 2894 28 71 et
2026 2893 49 77 la
2142 2874 105 84 sœur
2293 2889 37 67 du
2376 2887 119 68 havre

954 3012 35 62 de
1023 3006 225 74 present
1339 2995 203 72 mouillé
1598 2998 36 61 en
1684 2991 111 73 cette
1851 2985 117 82 rade
2035 2993 88 71 agé
2178 2978 37 81 de
2259 2976 260 80 quarante

938 3093 121 96 sept
1139 3101 86 61 ans
1313 3076 161 96 lequel
1548 3074 155 100 aprés
1751 3068 209 98 serment
2021 3079 98 75 par
2153 3063 70 92 luy
2278 3059 91 98 fait
2423 3054 36 76 de

943 3193 84 78 dire
1078 3179 158 96 verité
1300 3170 138 87 nous
1476 3168 143 86 avoir
1671 3168 218 85 declaré
1955 3163 103 92 netre
2111 3167 237 83 parent
2401 3143 102 94 allie
