3672 2880
932 464 575 115 Cujourdhuy
1544 464 84 115 Vingt
1691 465 49 95 dix
1796 464 41 102 fun
1885 464 73 96 Mil
1990 486 32 78 sep
2063 492 64 70 ceant
2160 489 145 79 Soireante
2337 478 65 99 Sept
2434 468 24 90 le
2490 468 97 109 Roy
2619 484 89 88 étant
2749 487 16 75 à
2797 480 161 94 Vrosailles
3023 496 48 76 sur
3096 500 80 79 cequi
3200 497 0 75 a
3241 493 40 76 Elé
3297 496 16 81 re
3337 480 146 98 présenté

755 587 1 59 a
787 580 26 74 sa
869 589 122 67 Majesté
1009 590 26 60 de
1060 581 20 72 la
1104 591 58 64 part
1199 593 20 54 du
1250 593 109 56 nommé
1371 574 109 83 jacques
1535 569 155 88 Augerant
1751 573 116 67 désesteur
1897 569 20 71 de
1942 569 26 78 la
2005 569 109 89 Légion
2138 570 27 71 de
2195 570 90 71 l'Isle
2316 571 26 81 de
2367 571 102 88 france
2506 589 185 71 qu'entrainé
2703 585 52 73 par
2786 589 39 64 des
2868 586 198 76 suggestions
3103 576 217 85 Etrangéres,
3338 574 39 86 ils
3420 574 1 81 a

756 660 21 66 et
802 654 21 72 le
861 654 125 73 malheur
1018 667 21 60 de
1064 667 112 61 déserter
1208 668 20 57 de
1254 668 61 54 cette
1338 660 101 68 Légion
1469 644 34 71 où
1515 644 21 66 il
1580 644 113 66 s'Etoit
1732 646 112 82 enrollé,
1862 646 80 86 qu'un
1967 660 145 72 jugement
2151 660 27 53 du
2203 648 191 68 Conseilde
2432 648 106 84 Gurve
2569 661 87 73 rendu
2681 661 47 70 par
2759 654 172 72 Contumace
2975 675 28 44 au
3028 671 60 53 dort
3119 662 73 64 Louis
3237 655 14 68 le
3276 653 60 69 huit
3368 654 93 65 Avril

748 725 110 62 dernier
888 721 107 69 l'auroit
1036 720 160 75 condamné
1224 727 127 63 suivant
1380 737 18 46 la
1427 733 102 55 rigneur
1558 729 36 50 des
1628 721 204 58 ordonnances
1884 735 13 49 à
1914 735 25 60 la
1973 733 79 61 peine
2080 722 31 64 de
2146 720 137 73 Mort;
2306 736 43 54 que
2371 736 73 45 dans
2484 736 36 46 ces
2555 727 226 60 circonstances
2829 718 12 64 il
2870 718 42 73 ose
2953 718 95 77 suplier
3078 718 36 70 sa
3161 718 161 77 Majesté
3357 718 36 72 de

746 782 98 77 Vouloir
871 782 52 76 bien
950 782 24 75 en
1002 782 40 74 Lui
1063 790 188 65 pardonnant
1284 780 30 80 sa
1341 780 103 80 faute,
1460 780 18 66 le
1506 780 74 61 mettre
1602 780 24 61 en
1653 780 58 61 etat
1738 780 18 61 de
1772 780 18 61 la
1812 787 109 64 réparer
1955 780 57 74 par
2040 784 34 57 de
2108 792 142 49 nouveaux
2284 785 159 75 services,
2459 800 13 60 à
2493 800 69 60 quoy
2597 791 90 69 ayant
2710 779 74 78 égard
2829 787 17 59 et
2875 796 142 63 désivant
3045 776 119 82 préféver
3198 798 23 51 en
3249 798 57 47 cette
3334 798 125 50 occatios

753 848 163 72 misvicorde
949 848 13 68 à
984 848 24 67 la
1049 858 122 57 Sererité
1193 849 30 68 de
1251 849 19 70 la
1303 851 158 75 discipline
1495 846 169 73 militaire,
1693 846 23 67 sa
1751 846 139 80 Majesté
1908 848 0 78 a
1943 846 69 80 quitté
2030 848 81 62 remis
2152 858 17 60 et
2204 853 168 70 pardonné,
2395 856 76 66 quitte
2494 857 70 61 reme
2604 859 18 63 et
2657 844 145 76 pardonne
2842 854 23 54 au
2889 849 29 69 dit
2952 853 111 71 Jacques
3103 849 221 64 Augerant,
3347 844 35 67 le
3417 845 69 68 délit

737 929 44 69 par
808 925 27 62 lui
856 923 168 61 commis,
1045 929 54 59 avec
1121 922 86 74 toutes
1256 931 124 69 peines,
1396 920 119 78 offenses
1548 931 21 59 et
1607 931 0 53 A
1688 919 81 68 mendes
1807 919 195 77 Corporelles
2050 923 195 62 Criminelles
2304 929 22 50 et
2364 914 124 78 Civiles
2547 913 60 78 qu'il
2634 920 59 68 peut
2725 929 82 55 avoir
2839 913 151 67 encourües
3039 919 11 54 à
3071 917 16 58 ce
3120 913 70 67 sujet
3228 916 103 62 Envers
3390 910 38 63 sa

725 992 172 83 Majesté
915 992 24 84 en
956 993 119 83 justice,
1105 1011 41 46 met
1164 1011 18 58 à
1206 997 35 78 cet
1271 990 77 85 effets
1372 995 12 80 à
1414 988 124 82 Néant
1574 987 71 80 tant
1675 987 83 75 ledit
1776 987 154 75 Jugement
1978 1006 47 54 par
2055 992 172 65 contunace
2269 985 35 72 du
2340 988 59 77 huit
2435 988 101 64 Avril
2583 995 149 73 dernier,
2756 995 41 73 que
2821 988 71 73 tous
2940 995 95 67 autres
3082 992 36 73 qui
3142 993 172 71 pourroient
3355 996 95 52 avoir

727 1062 50 71 été
794 1062 22 71 en
844 1062 45 73 etre
928 1071 34 66 en
1001 1065 79 70 après
1113 1063 101 77 rendus
1265 1084 61 54 pour
1360 1069 101 71 raison
1500 1059 39 81 du
1573 1057 78 79 même
1696 1057 62 72 déli
1791 1066 90 64 contre
1909 1060 17 71 le
1982 1056 196 77 Supliant,
2195 1056 100 78 lequel
2335 1053 28 76 sa
2396 1052 185 79 Majesté
2603 1065 0 59 a
2631 1073 79 51 remis
2772 1076 11 50 et
2805 1067 174 64 orestitué,
2996 1069 67 55 reme
3102 1072 0 51 e
3164 1064 106 63 restitüe
3315 1069 28 49 en
3382 1058 34 60 sa

724 1137 90 67 bonne
842 1143 157 61 renommée
1032 1154 17 50 et
1077 1145 28 59 en
1145 1139 39 65 ses
1217 1156 79 57 biens
1358 1139 50 72 non
1442 1136 162 72 d'ailleurs
1649 1131 214 83 confisqués,
1879 1146 163 54 imposant
2087 1134 56 67 sur
2177 1144 16 58 ce
2250 1127 117 78 Silence
2401 1132 146 76 perpetuel
2603 1126 11 69 à
2647 1125 51 80 ses
2749 1131 196 70 Procureurs
3001 1136 152 66 Généraux
3213 1120 80 75 leurs
3332 1119 168 81 substituts

728 1241 119 59 présents
888 1240 18 50 et
947 1237 101 61 avenir
1102 1231 24 54 et
1161 1219 18 73 à
1209 1220 71 72 tous
1357 1218 154 74 Autres
1612 1226 12 63 à
1648 1224 125 64 condition
1808 1216 101 81 toutes
1951 1235 53 62 fois
2063 1218 54 78 par
2147 1211 23 85 le
2200 1211 53 80 dit
2295 1229 125 66 Jacques
2473 1216 202 73 Augerant
2740 1210 143 71 supliant
2918 1218 36 59 de
3007 1212 89 72 seroir
3126 1208 131 60 pendant
3292 1204 77 64 toute
3399 1204 24 63 sa
3458 1204 24 63 vie

728 1298 60 75 dans
810 1296 19 74 la
852 1296 102 77 Légion
978 1309 24 59 de
1030 1300 31 71 S^t
1078 1297 191 75 Domingue,
1287 1305 119 66 Mande
1429 1306 12 60 et
1459 1301 119 64 Ordonne
1595 1295 24 65 sa
1672 1297 108 73 Majeté
1791 1296 25 67 au
1838 1297 96 68 Conseil
1958 1301 18 67 de
2000 1301 89 63 guerre
2123 1294 91 72 qu'Elle
2242 1295 55 70 veur
2325 1297 67 67 pour
2416 1298 29 66 cet
2468 1286 60 77 effet
2551 1293 49 65 être
2640 1273 126 79 assemblé
2783 1274 13 73 à
2807 1276 24 71 la
2860 1280 90 78 Légion
2985 1285 31 63 de
3044 1273 19 72 S^t
3080 1270 173 80 Domingue,
3270 1267 162 77 d'Enthariner

719 1369 23 83 le
770 1369 97 83 présent
890 1368 113 72 Brevet
1026 1373 22 71 de
1082 1388 85 58 grace,
1184 1387 148 55 rémission
1360 1380 17 61 et
1406 1362 113 84 pardon
1559 1362 17 82 et
1604 1361 165 82 Dufontent
1786 1369 28 58 en
1831 1360 85 73 icelui
1939 1372 62 66 jouir
2030 1371 11 54 et
2075 1365 68 60 user
2183 1366 68 66 sous
2279 1363 23 72 la
2325 1362 147 76 condition
2517 1365 17 71 ci
2557 1364 108 65 dessus
2722 1360 51 60 par
2806 1352 80 68 ledit
2914 1358 114 61 jacques
3062 1358 204 70 Augenant,
3288 1347 171 82 pleinement

689 1465 0 79 e
730 1448 200 96 paisiblement
964 1467 21 65 et
1005 1449 241 90 perpetuellement
1294 1441 111 96 agant
1439 1440 21 83 sa
1514 1440 138 72 Majesté
1666 1458 62 54 pour
1755 1457 124 56 asivance
1914 1456 34 57 de
1988 1446 22 64 sa
2044 1433 145 88 Volonté,
2209 1441 83 85 signé
2312 1437 22 68 de
2360 1433 29 74 sa
2422 1437 63 67 main
2525 1430 22 76 le
2573 1432 36 92 du
2635 1434 105 90 présent
2766 1438 125 82 Brevet
2924 1435 112 84 qu'Elle
3076 1423 1 95 a
3103 1423 56 94 fait
3193 1429 90 88 contre
3310 1430 97 86 signer

725 1538 43 79 par
797 1540 36 52 moi
862 1519 43 83 son
927 1518 130 104 Conseiller
1079 1516 137 104 secretaire
1252 1529 109 83 d'Etat
1396 1537 22 62 et
1461 1537 29 52 de
1526 1518 51 77 ses
1620 1512 275 91 Commandements
2031 1508 233 104 finances.

1746 1587 159 124 Louis

1221 2233 35 115 le
1307 2216 115 128 duc
1483 2195 73 126 de
1606 2171 235 126 Braile
