<?xml version="1.0" encoding="UTF-8"?>
<alto xmlns:xsi="http://www.w3.org/2001/XMLSchema-instance"
    xmlns="http://www.loc.gov/standards/alto/ns-v4#"
    xsi:schemaLocation="http://www.loc.gov/standards/alto/ns-v4# http://www.loc.gov/standards/alto/v4/alto-4-3.xsd">
    <Description>
        <MeasurementUnit>pixel</MeasurementUnit>
        <sourceImageInformation>
            <fileName>images2/anom_col_e_soldats_1b/FRCAOM06_COLE_241002A_0504_fonduegdmegvv2.jpg</fileName>
        </sourceImageInformation>
        <Processing ID="OCR_c85f24f0-918e-4279-bd25-4a35b2e6a930">
            <processingCategory>contentGeneration</processingCategory>
            <processingStepDescription>Text line recognition</processingStepDescription>
            <processingStepSettings>text_direction: horizontal-tb; models: fondue_gd_megv_v2.mlmodel; pad: 16; bidi_reordering: True</processingStepSettings>
            <processingSoftware>
                <softwareName>kraken</softwareName>
                <softwareVersion>5.3.0</softwareVersion>
            </processingSoftware>
        </Processing>
    </Description>
    <Tags>
        <OtherTag DESCRIPTION="line type" ID="LINE_TYPE_1" TYPE="type" LABEL="default"/>
        <OtherTag DESCRIPTION="region type" ID="REGION_TYPE_1" TYPE="region" LABEL="text"/>
        <OtherTag DESCRIPTION="region type" ID="REGION_TYPE_2" TYPE="region" LABEL="MainZone"/>
    </Tags>
    <Layout>
        <Page WIDTH="2912" HEIGHT="3768" PHYSICAL_IMG_NR="0" ID="page_0">
            <PrintSpace HPOS="0" VPOS="0" WIDTH="2912" HEIGHT="3768">
                <TextBlock ID="textblock_1"  TAGREFS="REGION_TYPE_1">

                    <TextLine ID="38c40192-177d-467f-b8a8-0e0a87240f97" HPOS="381.0" VPOS="1572.0" WIDTH="25.0" HEIGHT="62.0" BASELINE="381.0 1609.0 406.0 1609.0" TAGREFS="LINE_TYPE_1">
                        <Shape>
                            <Polygon POINTS="381.0 1609.0 381.0 1632.0 404.0 1634.0 406.0 1609.0 404.0 1572.0 381.0 1574.0 381.0 1609.0"/>
                        </Shape>
                        <String ID="segment_0" CONTENT="&#34;" HPOS="385" VPOS="1574" WIDTH="0" HEIGHT="58" WC="0.9936">
                            <Shape>
                                <Polygon POINTS="385 1574 385 1632 385 1632 385 1574"/>
                            </Shape>
                            <Glyph ID="char_0" CONTENT="&#34;" HPOS="385" VPOS="1574" WIDTH="0" HEIGHT="58" GC="0.9936">
                                <Shape>
                                    <Polygon POINTS="385 1574 385 1632 385 1632 385 1574"/>
                                </Shape>
                            </Glyph>
                        </String>
                    </TextLine>
</TextBlock>
                <TextBlock ID="3d10e3c6-9987-4ee9-8f40-994aec65f103" HPOS="484.0" VPOS="572.0" WIDTH="1952.0" HEIGHT="2587.0" TAGREFS="REGION_TYPE_2">
<Shape>
                        <Polygon POINTS="484.0 572.0 2436.0 572.0 2436.0 3159.0 484.0 3159.0 484.0 572.0"/>
                    </Shape>
                    <TextLine ID="c50f1b88-7094-49a7-97fb-cf1dbd228dd0" HPOS="598.0" VPOS="575.0" WIDTH="388.0" HEIGHT="82.0" BASELINE="600.0 623.0 986.0 615.0" TAGREFS="LINE_TYPE_1">
                        <Shape>
                            <Polygon POINTS="600.0 623.0 600.0 634.0 678.0 657.0 680.0 657.0 682.0 657.0 762.0 655.0 764.0 655.0 797.0 640.0 858.0 653.0 860.0 653.0 862.0 653.0 908.0 628.0 986.0 625.0 986.0 615.0 979.0 575.0 598.0 592.0 600.0 623.0"/>
                        </Shape>
                        <String ID="segment_1" CONTENT="designée." HPOS="625" VPOS="577" WIDTH="312" HEIGHT="80" WC="0.9821">
                            <Shape>
                                <Polygon POINTS="625 591 626 642 937 627 936 577"/>
                            </Shape>
                            <Glyph ID="char_1" CONTENT="d" HPOS="625" VPOS="591" WIDTH="1" HEIGHT="51" GC="1.0">
                                <Shape>
                                    <Polygon POINTS="625 591 626 642 626 642 625 591"/>
                                </Shape>
                            </Glyph>
                            <Glyph ID="char_2" CONTENT="e" HPOS="666" VPOS="589" WIDTH="2" HEIGHT="65" GC="0.8502">
                                <Shape>
                                    <Polygon POINTS="666 589 668 654 668 654 666 589"/>
                                </Shape>
                            </Glyph>
                            <Glyph ID="char_3" CONTENT="s" HPOS="698" VPOS="588" WIDTH="2" HEIGHT="69" GC="0.9997">
                                <Shape>
                                    <Polygon POINTS="698 588 700 657 700 657 698 588"/>
                                </Shape>
                            </Glyph>
                            <Glyph ID="char_4" CONTENT="i" HPOS="718" VPOS="587" WIDTH="2" HEIGHT="69" GC="1.0">
                                <Shape>
                                    <Polygon POINTS="718 587 720 656 720 656 718 587"/>
                                </Shape>
                            </Glyph>
                            <Glyph ID="char_5" CONTENT="g" HPOS="744" VPOS="585" WIDTH="2" HEIGHT="70" GC="1.0">
                                <Shape>
                                    <Polygon POINTS="744 585 746 655 746 655 744 585"/>
                                </Shape>
                            </Glyph>
                            <Glyph ID="char_6" CONTENT="n" HPOS="786" VPOS="584" WIDTH="1" HEIGHT="60" GC="0.9719">
                                <Shape>
                                    <Polygon POINTS="786 584 787 644 787 644 786 584"/>
                                </Shape>
                            </Glyph>
                            <Glyph ID="char_7" CONTENT="e" HPOS="822" VPOS="582" WIDTH="2" HEIGHT="64" GC="0.9998">
                                <Shape>
                                    <Polygon POINTS="822 582 824 646 824 646 822 582"/>
                                </Shape>
                            </Glyph>
                            <Glyph ID="char_8" CONTENT="́" HPOS="827" VPOS="582" WIDTH="7" HEIGHT="66" GC="0.9997">
                                <Shape>
                                    <Polygon POINTS="827 582 829 647 834 648 832 582"/>
                                </Shape>
                            </Glyph>
                            <Glyph ID="char_9" CONTENT="e" HPOS="848" VPOS="581" WIDTH="2" HEIGHT="70" GC="0.9994">
                                <Shape>
                                    <Polygon POINTS="848 581 850 651 850 651 848 581"/>
                                </Shape>
                            </Glyph>
                            <Glyph ID="char_10" CONTENT="." HPOS="936" VPOS="577" WIDTH="1" HEIGHT="50" GC="1.0">
                                <Shape>
                                    <Polygon POINTS="936 577 937 627 937 627 936 577"/>
                                </Shape>
                            </Glyph>
                        </String>
                    </TextLine>

                    <TextLine ID="2b63361b-cd9c-4fa7-93fa-d960e12feefd" HPOS="732.0" VPOS="638.0" WIDTH="1585.0" HEIGHT="117.0" BASELINE="734.0 724.0 2317.0 697.0" TAGREFS="LINE_TYPE_1">
                        <Shape>
                            <Polygon POINTS="734.0 724.0 734.0 741.0 808.0 753.0 810.0 753.0 883.0 738.0 923.0 755.0 925.0 755.0 927.0 755.0 929.0 755.0 977.0 743.0 1082.0 753.0 1084.0 753.0 1086.0 753.0 1130.0 734.0 1253.0 749.0 1256.0 749.0 1333.0 734.0 1375.0 747.0 1377.0 747.0 1379.0 747.0 1584.0 745.0 1710.0 722.0 1980.0 722.0 2015.0 736.0 2018.0 736.0 2020.0 736.0 2022.0 736.0 2053.0 722.0 2254.0 715.0 2315.0 728.0 2317.0 697.0 2313.0 661.0 2129.0 655.0 2101.0 640.0 2099.0 640.0 2097.0 640.0 2095.0 640.0 2045.0 659.0 2011.0 646.0 2009.0 646.0 2007.0 646.0 2005.0 646.0 1972.0 663.0 1848.0 665.0 1810.0 638.0 1808.0 638.0 1806.0 638.0 1712.0 638.0 1710.0 638.0 1708.0 638.0 1628.0 669.0 1580.0 657.0 1578.0 657.0 1576.0 657.0 1574.0 657.0 1534.0 669.0 1461.0 646.0 1459.0 646.0 1457.0 646.0 1454.0 646.0 1419.0 659.0 1377.0 644.0 1375.0 644.0 1373.0 644.0 1371.0 644.0 1295.0 678.0 1076.0 680.0 1050.0 665.0 1048.0 665.0 1046.0 665.0 1044.0 665.0 994.0 671.0 967.0 653.0 965.0 653.0 962.0 653.0 854.0 653.0 852.0 653.0 849.0 653.0 847.0 653.0 829.0 667.0 732.0 661.0 734.0 724.0"/>
                        </Shape>
                        <String ID="segment_2" CONTENT="Des" HPOS="754" VPOS="653" WIDTH="201" HEIGHT="102" WC="0.9995">
                            <Shape>
                                <Polygon POINTS="754 662 755 744 955 748 954 653"/>
                            </Shape>
                            <Glyph ID="char_11" CONTENT="D" HPOS="754" VPOS="662" WIDTH="1" HEIGHT="82" GC="1.0">
                                <Shape>
                                    <Polygon POINTS="754 662 755 744 755 744 754 662"/>
                                </Shape>
                            </Glyph>
                            <Glyph ID="char_12" CONTENT="e" HPOS="926" VPOS="653" WIDTH="2" HEIGHT="102" GC="0.9985">
                                <Shape>
                                    <Polygon POINTS="926 653 928 755 928 755 926 653"/>
                                </Shape>
                            </Glyph>
                            <Glyph ID="char_13" CONTENT="s" HPOS="954" VPOS="653" WIDTH="1" HEIGHT="95" GC="1.0">
                                <Shape>
                                    <Polygon POINTS="954 653 955 748 955 748 954 653"/>
                                </Shape>
                            </Glyph>
                        </String>
                        <SP ID="segment_3" HPOS="997"  VPOS="670" WIDTH="8"  HEIGHT="76"/>
                        <String ID="segment_4" CONTENT="renseiqnements" HPOS="1026" VPOS="644" WIDTH="444" HEIGHT="107" WC="0.9978">
                            <Shape>
                                <Polygon POINTS="1026 667 1027 748 1470 746 1469 648"/>
                            </Shape>
                            <Glyph ID="char_15" CONTENT="r" HPOS="1026" VPOS="667" WIDTH="1" HEIGHT="81" GC="1.0">
                                <Shape>
                                    <Polygon POINTS="1026 667 1027 748 1027 748 1026 667"/>
                                </Shape>
                            </Glyph>
                            <Glyph ID="char_16" CONTENT="e" HPOS="1062" VPOS="672" WIDTH="2" HEIGHT="79" GC="1.0">
                                <Shape>
                                    <Polygon POINTS="1062 672 1064 751 1064 751 1062 672"/>
                                </Shape>
                            </Glyph>
                            <Glyph ID="char_17" CONTENT="n" HPOS="1097" VPOS="680" WIDTH="1" HEIGHT="68" GC="0.9965">
                                <Shape>
                                    <Polygon POINTS="1097 680 1098 748 1098 748 1097 680"/>
                                </Shape>
                            </Glyph>
                            <Glyph ID="char_18" CONTENT="s" HPOS="1126" VPOS="680" WIDTH="1" HEIGHT="55" GC="1.0">
                                <Shape>
                                    <Polygon POINTS="1126 680 1127 735 1127 735 1126 680"/>
                                </Shape>
                            </Glyph>
                            <Glyph ID="char_19" CONTENT="e" HPOS="1155" VPOS="679" WIDTH="1" HEIGHT="58" GC="1.0">
                                <Shape>
                                    <Polygon POINTS="1155 679 1156 737 1156 737 1155 679"/>
                                </Shape>
                            </Glyph>
                            <Glyph ID="char_20" CONTENT="i" HPOS="1183" VPOS="679" WIDTH="1" HEIGHT="62" GC="1.0">
                                <Shape>
                                    <Polygon POINTS="1183 679 1184 741 1184 741 1183 679"/>
                                </Shape>
                            </Glyph>
                            <Glyph ID="char_21" CONTENT="q" HPOS="1219" VPOS="679" WIDTH="1" HEIGHT="66" GC="0.9999">
                                <Shape>
                                    <Polygon POINTS="1219 679 1220 745 1220 745 1219 679"/>
                                </Shape>
                            </Glyph>
                            <Glyph ID="char_22" CONTENT="n" HPOS="1262" VPOS="678" WIDTH="1" HEIGHT="70" GC="0.9934">
                                <Shape>
                                    <Polygon POINTS="1262 678 1263 748 1263 748 1262 678"/>
                                </Shape>
                            </Glyph>
                            <Glyph ID="char_23" CONTENT="e" HPOS="1297" VPOS="677" WIDTH="1" HEIGHT="64" GC="0.9996">
                                <Shape>
                                    <Polygon POINTS="1297 677 1298 741 1298 741 1297 677"/>
                                </Shape>
                            </Glyph>
                            <Glyph ID="char_24" CONTENT="m" HPOS="1333" VPOS="661" WIDTH="1" HEIGHT="73" GC="0.9812">
                                <Shape>
                                    <Polygon POINTS="1333 661 1334 734 1334 734 1333 661"/>
                                </Shape>
                            </Glyph>
                            <Glyph ID="char_25" CONTENT="e" HPOS="1376" VPOS="644" WIDTH="1" HEIGHT="103" GC="0.9997">
                                <Shape>
                                    <Polygon POINTS="1376 644 1377 747 1377 747 1376 644"/>
                                </Shape>
                            </Glyph>
                            <Glyph ID="char_26" CONTENT="n" HPOS="1412" VPOS="656" WIDTH="1" HEIGHT="91" GC="0.9984">
                                <Shape>
                                    <Polygon POINTS="1412 656 1413 747 1413 747 1412 656"/>
                                </Shape>
                            </Glyph>
                            <Glyph ID="char_27" CONTENT="t" HPOS="1440" VPOS="651" WIDTH="1" HEIGHT="95" GC="1.0">
                                <Shape>
                                    <Polygon POINTS="1440 651 1441 746 1441 746 1440 651"/>
                                </Shape>
                            </Glyph>
                            <Glyph ID="char_28" CONTENT="s" HPOS="1469" VPOS="648" WIDTH="1" HEIGHT="98" GC="0.9999">
                                <Shape>
                                    <Polygon POINTS="1469 648 1470 746 1470 746 1469 648"/>
                                </Shape>
                            </Glyph>
                        </String>
                        <SP ID="segment_5" HPOS="1555"  VPOS="661" WIDTH="8"  HEIGHT="84"/>
                        <String ID="segment_6" CONTENT="que" HPOS="1583" VPOS="658" WIDTH="73" HEIGHT="87" WC="1.0">
                            <Shape>
                                <Polygon POINTS="1583 658 1584 745 1656 732 1655 659"/>
                            </Shape>
                            <Glyph ID="char_30" CONTENT="q" HPOS="1583" VPOS="658" WIDTH="1" HEIGHT="87" GC="1.0">
                                <Shape>
                                    <Polygon POINTS="1583 658 1584 745 1584 745 1583 658"/>
                                </Shape>
                            </Glyph>
                            <Glyph ID="char_31" CONTENT="u" HPOS="1626" VPOS="669" WIDTH="1" HEIGHT="68" GC="1.0">
                                <Shape>
                                    <Polygon POINTS="1626 669 1627 737 1627 737 1626 669"/>
                                </Shape>
                            </Glyph>
                            <Glyph ID="char_32" CONTENT="e" HPOS="1655" VPOS="659" WIDTH="1" HEIGHT="73" GC="0.9999">
                                <Shape>
                                    <Polygon POINTS="1655 659 1656 732 1656 732 1655 659"/>
                                </Shape>
                            </Glyph>
                        </String>
                        <SP ID="segment_7" HPOS="1697"  VPOS="639" WIDTH="9"  HEIGHT="85"/>
                        <String ID="segment_8" CONTENT="l&#39;on" HPOS="1719" VPOS="638" WIDTH="115" HEIGHT="84" WC="0.9999">
                            <Shape>
                                <Polygon POINTS="1719 638 1720 722 1834 722 1833 654"/>
                            </Shape>
                            <Glyph ID="char_34" CONTENT="l" HPOS="1719" VPOS="638" WIDTH="1" HEIGHT="84" GC="1.0">
                                <Shape>
                                    <Polygon POINTS="1719 638 1720 722 1720 722 1719 638"/>
                                </Shape>
                            </Glyph>
                            <Glyph ID="char_35" CONTENT="&#39;" HPOS="1769" VPOS="638" WIDTH="8" HEIGHT="84" GC="1.0">
                                <Shape>
                                    <Polygon POINTS="1769 638 1770 722 1777 722 1776 638"/>
                                </Shape>
                            </Glyph>
                            <Glyph ID="char_36" CONTENT="o" HPOS="1790" VPOS="638" WIDTH="1" HEIGHT="84" GC="1.0">
                                <Shape>
                                    <Polygon POINTS="1790 638 1791 722 1791 722 1790 638"/>
                                </Shape>
                            </Glyph>
                            <Glyph ID="char_37" CONTENT="n" HPOS="1833" VPOS="654" WIDTH="1" HEIGHT="68" GC="0.9998">
                                <Shape>
                                    <Polygon POINTS="1833 654 1834 722 1834 722 1833 654"/>
                                </Shape>
                            </Glyph>
                        </String>
                        <SP ID="segment_9" HPOS="1905"  VPOS="664" WIDTH="8"  HEIGHT="58"/>
                        <String ID="segment_10" CONTENT="est" HPOS="1926" VPOS="657" WIDTH="58" HEIGHT="67" WC="0.9962">
                            <Shape>
                                <Polygon POINTS="1926 664 1927 722 1984 724 1983 657"/>
                            </Shape>
                            <Glyph ID="char_39" CONTENT="e" HPOS="1926" VPOS="664" WIDTH="1" HEIGHT="58" GC="0.9982">
                                <Shape>
                                    <Polygon POINTS="1926 664 1927 722 1927 722 1926 664"/>
                                </Shape>
                            </Glyph>
                            <Glyph ID="char_40" CONTENT="s" HPOS="1955" VPOS="663" WIDTH="1" HEIGHT="59" GC="0.9997">
                                <Shape>
                                    <Polygon POINTS="1955 663 1956 722 1956 722 1955 663"/>
                                </Shape>
                            </Glyph>
                            <Glyph ID="char_41" CONTENT="t" HPOS="1983" VPOS="657" WIDTH="1" HEIGHT="67" GC="0.9909">
                                <Shape>
                                    <Polygon POINTS="1983 657 1984 724 1984 724 1983 657"/>
                                </Shape>
                            </Glyph>
                        </String>
                        <SP ID="segment_11" HPOS="2012"  VPOS="646" WIDTH="8"  HEIGHT="90"/>
                        <String ID="segment_12" CONTENT="parvenu" HPOS="2033" VPOS="647" WIDTH="223" HEIGHT="83" WC="0.9994">
                            <Shape>
                                <Polygon POINTS="2033 654 2034 730 2256 715 2255 659"/>
                            </Shape>
                            <Glyph ID="char_43" CONTENT="p" HPOS="2033" VPOS="654" WIDTH="1" HEIGHT="76" GC="0.9991">
                                <Shape>
                                    <Polygon POINTS="2033 654 2034 730 2034 730 2033 654"/>
                                </Shape>
                            </Glyph>
                            <Glyph ID="char_44" CONTENT="a" HPOS="2076" VPOS="647" WIDTH="1" HEIGHT="74" GC="0.9982">
                                <Shape>
                                    <Polygon POINTS="2076 647 2077 721 2077 721 2076 647"/>
                                </Shape>
                            </Glyph>
                            <Glyph ID="char_45" CONTENT="r" HPOS="2119" VPOS="650" WIDTH="1" HEIGHT="70" GC="0.9995">
                                <Shape>
                                    <Polygon POINTS="2119 650 2120 720 2120 720 2119 650"/>
                                </Shape>
                            </Glyph>
                            <Glyph ID="char_46" CONTENT="v" HPOS="2155" VPOS="656" WIDTH="1" HEIGHT="62" GC="0.9998">
                                <Shape>
                                    <Polygon POINTS="2155 656 2156 718 2156 718 2155 656"/>
                                </Shape>
                            </Glyph>
                            <Glyph ID="char_47" CONTENT="e" HPOS="2190" VPOS="657" WIDTH="1" HEIGHT="60" GC="0.9995">
                                <Shape>
                                    <Polygon POINTS="2190 657 2191 717 2191 717 2190 657"/>
                                </Shape>
                            </Glyph>
                            <Glyph ID="char_48" CONTENT="n" HPOS="2219" VPOS="658" WIDTH="1" HEIGHT="58" GC="0.9997">
                                <Shape>
                                    <Polygon POINTS="2219 658 2220 716 2220 716 2219 658"/>
                                </Shape>
                            </Glyph>
                            <Glyph ID="char_49" CONTENT="u" HPOS="2255" VPOS="659" WIDTH="1" HEIGHT="56" GC="0.9996">
                                <Shape>
                                    <Polygon POINTS="2255 659 2256 715 2256 715 2255 659"/>
                                </Shape>
                            </Glyph>
                        </String>
                    </TextLine>

                    <TextLine ID="67de0cd7-9b35-4f95-b031-b34f76bae039" HPOS="609.0" VPOS="736.0" WIDTH="1695.0" HEIGHT="130.0" BASELINE="611.0 839.0 2304.0 805.0" TAGREFS="LINE_TYPE_1">
                        <Shape>
                            <Polygon POINTS="611.0 839.0 611.0 862.0 667.0 866.0 669.0 866.0 671.0 866.0 728.0 849.0 776.0 864.0 778.0 864.0 780.0 864.0 1032.0 856.0 1034.0 856.0 1069.0 841.0 1134.0 854.0 1136.0 854.0 1138.0 854.0 1140.0 854.0 1140.0 851.0 1157.0 839.0 1214.0 849.0 1216.0 849.0 1218.0 849.0 1251.0 837.0 1283.0 847.0 1285.0 847.0 1287.0 847.0 1390.0 835.0 1406.0 847.0 1408.0 847.0 1410.0 847.0 1413.0 847.0 1415.0 847.0 1471.0 833.0 1534.0 849.0 1536.0 849.0 1538.0 849.0 1540.0 849.0 1599.0 833.0 1764.0 845.0 1766.0 845.0 1768.0 845.0 1812.0 826.0 1911.0 841.0 1913.0 841.0 2091.0 839.0 2093.0 839.0 2137.0 822.0 2302.0 816.0 2304.0 805.0 2298.0 766.0 2256.0 766.0 2198.0 736.0 2196.0 736.0 2193.0 736.0 2124.0 738.0 2122.0 738.0 2120.0 738.0 2082.0 768.0 2036.0 747.0 2034.0 747.0 2032.0 747.0 2030.0 747.0 2028.0 747.0 2005.0 766.0 1969.0 749.0 1967.0 749.0 1965.0 749.0 1963.0 749.0 1961.0 749.0 1942.0 764.0 1932.0 755.0 1930.0 755.0 1928.0 755.0 1925.0 755.0 1923.0 755.0 1921.0 755.0 1898.0 774.0 1856.0 774.0 1802.0 745.0 1800.0 745.0 1798.0 745.0 1796.0 745.0 1794.0 745.0 1766.0 768.0 1725.0 755.0 1722.0 755.0 1720.0 755.0 1718.0 755.0 1716.0 755.0 1691.0 776.0 1634.0 776.0 1597.0 749.0 1595.0 749.0 1593.0 749.0 1559.0 749.0 1557.0 749.0 1555.0 749.0 1505.0 766.0 1465.0 751.0 1463.0 751.0 1461.0 751.0 1381.0 766.0 1308.0 755.0 1306.0 755.0 1304.0 755.0 1237.0 785.0 1180.0 772.0 1178.0 772.0 1176.0 772.0 1145.0 789.0 1082.0 789.0 990.0 761.0 988.0 761.0 986.0 761.0 983.0 761.0 895.0 791.0 609.0 797.0 611.0 839.0"/>
                        </Shape>
                        <String ID="segment_13" CONTENT="à" HPOS="644" VPOS="796" WIDTH="23" HEIGHT="70" WC="0.9984">
                            <Shape>
                                <Polygon POINTS="644 796 646 864 667 866 665 796"/>
                            </Shape>
                            <Glyph ID="char_50" CONTENT="a" HPOS="644" VPOS="796" WIDTH="2" HEIGHT="68" GC="0.999">
                                <Shape>
                                    <Polygon POINTS="644 796 646 864 646 864 644 796"/>
                                </Shape>
                            </Glyph>
                            <Glyph ID="char_51" CONTENT="̀" HPOS="665" VPOS="796" WIDTH="2" HEIGHT="70" GC="0.9977">
                                <Shape>
                                    <Polygon POINTS="665 796 667 866 667 866 665 796"/>
                                </Shape>
                            </Glyph>
                        </String>
                        <SP ID="segment_14" HPOS="719"  VPOS="795" WIDTH="8"  HEIGHT="56"/>
                        <String ID="segment_15" CONTENT="recueillir" HPOS="746" VPOS="761" WIDTH="301" HEIGHT="103" WC="0.9949">
                            <Shape>
                                <Polygon POINTS="746 794 747 855 1047 850 1046 778"/>
                            </Shape>
                            <Glyph ID="char_53" CONTENT="r" HPOS="746" VPOS="794" WIDTH="1" HEIGHT="61" GC="0.9987">
                                <Shape>
                                    <Polygon POINTS="746 794 747 855 747 855 746 794"/>
                                </Shape>
                            </Glyph>
                            <Glyph ID="char_54" CONTENT="e" HPOS="787" VPOS="793" WIDTH="2" HEIGHT="71" GC="0.9985">
                                <Shape>
                                    <Polygon POINTS="787 793 789 864 789 864 787 793"/>
                                </Shape>
                            </Glyph>
                            <Glyph ID="char_55" CONTENT="c" HPOS="821" VPOS="793" WIDTH="2" HEIGHT="70" GC="0.9999">
                                <Shape>
                                    <Polygon POINTS="821 793 823 863 823 863 821 793"/>
                                </Shape>
                            </Glyph>
                            <Glyph ID="char_56" CONTENT="u" HPOS="862" VPOS="792" WIDTH="1" HEIGHT="69" GC="0.9849">
                                <Shape>
                                    <Polygon POINTS="862 792 863 861 863 861 862 792"/>
                                </Shape>
                            </Glyph>
                            <Glyph ID="char_57" CONTENT="e" HPOS="903" VPOS="788" WIDTH="1" HEIGHT="72" GC="1.0">
                                <Shape>
                                    <Polygon POINTS="903 788 904 860 904 860 903 788"/>
                                </Shape>
                            </Glyph>
                            <Glyph ID="char_58" CONTENT="i" HPOS="930" VPOS="779" WIDTH="1" HEIGHT="80" GC="0.9689">
                                <Shape>
                                    <Polygon POINTS="930 779 931 859 931 859 930 779"/>
                                </Shape>
                            </Glyph>
                            <Glyph ID="char_59" CONTENT="l" HPOS="957" VPOS="770" WIDTH="1" HEIGHT="88" GC="0.9992">
                                <Shape>
                                    <Polygon POINTS="957 770 958 858 958 858 957 770"/>
                                </Shape>
                            </Glyph>
                            <Glyph ID="char_60" CONTENT="l" HPOS="985" VPOS="761" WIDTH="1" HEIGHT="96" GC="0.9997">
                                <Shape>
                                    <Polygon POINTS="985 761 986 857 986 857 985 761"/>
                                </Shape>
                            </Glyph>
                            <Glyph ID="char_61" CONTENT="i" HPOS="1012" VPOS="768" WIDTH="1" HEIGHT="89" GC="0.9994">
                                <Shape>
                                    <Polygon POINTS="1012 768 1013 857 1013 857 1012 768"/>
                                </Shape>
                            </Glyph>
                            <Glyph ID="char_62" CONTENT="r" HPOS="1046" VPOS="778" WIDTH="1" HEIGHT="72" GC="1.0">
                                <Shape>
                                    <Polygon POINTS="1046 778 1047 850 1047 850 1046 778"/>
                                </Shape>
                            </Glyph>
                        </String>
                        <SP ID="segment_16" HPOS="1114"  VPOS="789" WIDTH="8"  HEIGHT="63"/>
                        <String ID="segment_17" CONTENT="sur" HPOS="1141" VPOS="774" WIDTH="69" HEIGHT="75" WC="1.0">
                            <Shape>
                                <Polygon POINTS="1141 789 1142 849 1210 848 1209 779"/>
                            </Shape>
                            <Glyph ID="char_64" CONTENT="s" HPOS="1141" VPOS="789" WIDTH="1" HEIGHT="60" GC="1.0">
                                <Shape>
                                    <Polygon POINTS="1141 789 1142 849 1142 849 1141 789"/>
                                </Shape>
                            </Glyph>
                            <Glyph ID="char_65" CONTENT="u" HPOS="1189" VPOS="774" WIDTH="1" HEIGHT="71" GC="1.0">
                                <Shape>
                                    <Polygon POINTS="1189 774 1190 845 1190 845 1189 774"/>
                                </Shape>
                            </Glyph>
                            <Glyph ID="char_66" CONTENT="r" HPOS="1209" VPOS="779" WIDTH="1" HEIGHT="69" GC="1.0">
                                <Shape>
                                    <Polygon POINTS="1209 779 1210 848 1210 848 1209 779"/>
                                </Shape>
                            </Glyph>
                        </String>
                        <SP ID="segment_18" HPOS="1264"  VPOS="770" WIDTH="8"  HEIGHT="74"/>
                        <String ID="segment_19" CONTENT="le" HPOS="1284" VPOS="757" WIDTH="42" HEIGHT="90" WC="0.9999">
                            <Shape>
                                <Polygon POINTS="1284 764 1285 847 1326 842 1325 757"/>
                            </Shape>
                            <Glyph ID="char_68" CONTENT="l" HPOS="1284" VPOS="764" WIDTH="1" HEIGHT="83" GC="0.9998">
                                <Shape>
                                    <Polygon POINTS="1284 764 1285 847 1285 847 1284 764"/>
                                </Shape>
                            </Glyph>
                            <Glyph ID="char_69" CONTENT="e" HPOS="1325" VPOS="757" WIDTH="1" HEIGHT="85" GC="1.0">
                                <Shape>
                                    <Polygon POINTS="1325 757 1326 842 1326 842 1325 757"/>
                                </Shape>
                            </Glyph>
                        </String>
                        <SP ID="segment_20" HPOS="1380"  VPOS="765" WIDTH="7"  HEIGHT="71"/>
                        <String ID="segment_21" CONTENT="C." HPOS="1400" VPOS="757" WIDTH="83" HEIGHT="86" WC="1.0">
                            <Shape>
                                <Polygon POINTS="1400 763 1401 843 1483 836 1482 757"/>
                            </Shape>
                            <Glyph ID="char_71" CONTENT="C" HPOS="1400" VPOS="763" WIDTH="1" HEIGHT="80" GC="1.0">
                                <Shape>
                                    <Polygon POINTS="1400 763 1401 843 1401 843 1400 763"/>
                                </Shape>
                            </Glyph>
                            <Glyph ID="char_72" CONTENT="." HPOS="1482" VPOS="757" WIDTH="1" HEIGHT="79" GC="1.0">
                                <Shape>
                                    <Polygon POINTS="1482 757 1483 836 1483 836 1482 757"/>
                                </Shape>
                            </Glyph>
                        </String>
                        <SP ID="segment_22" HPOS="1530"  VPOS="756" WIDTH="7"  HEIGHT="93"/>
                        <String ID="segment_23" CONTENT="Daillebout," HPOS="1556" VPOS="749" WIDTH="397" HEIGHT="95" WC="0.9963">
                            <Shape>
                                <Polygon POINTS="1556 749 1558 844 1953 841 1952 756"/>
                            </Shape>
                            <Glyph ID="char_74" CONTENT="D" HPOS="1556" VPOS="749" WIDTH="2" HEIGHT="95" GC="1.0">
                                <Shape>
                                    <Polygon POINTS="1556 749 1558 844 1558 844 1556 749"/>
                                </Shape>
                            </Glyph>
                            <Glyph ID="char_75" CONTENT="a" HPOS="1645" VPOS="776" WIDTH="1" HEIGHT="60" GC="1.0">
                                <Shape>
                                    <Polygon POINTS="1645 776 1646 836 1646 836 1645 776"/>
                                </Shape>
                            </Glyph>
                            <Glyph ID="char_76" CONTENT="i" HPOS="1679" VPOS="776" WIDTH="1" HEIGHT="63" GC="0.9689">
                                <Shape>
                                    <Polygon POINTS="1679 776 1680 839 1680 839 1679 776"/>
                                </Shape>
                            </Glyph>
                            <Glyph ID="char_77" CONTENT="l" HPOS="1707" VPOS="763" WIDTH="1" HEIGHT="78" GC="0.9999">
                                <Shape>
                                    <Polygon POINTS="1707 763 1708 841 1708 841 1707 763"/>
                                </Shape>
                            </Glyph>
                            <Glyph ID="char_78" CONTENT="l" HPOS="1727" VPOS="755" WIDTH="1" HEIGHT="87" GC="1.0">
                                <Shape>
                                    <Polygon POINTS="1727 755 1728 842 1728 842 1727 755"/>
                                </Shape>
                            </Glyph>
                            <Glyph ID="char_79" CONTENT="e" HPOS="1754" VPOS="764" WIDTH="1" HEIGHT="80" GC="0.9989">
                                <Shape>
                                    <Polygon POINTS="1754 764 1755 844 1755 844 1754 764"/>
                                </Shape>
                            </Glyph>
                            <Glyph ID="char_80" CONTENT="b" HPOS="1787" VPOS="750" WIDTH="2" HEIGHT="86" GC="1.0">
                                <Shape>
                                    <Polygon POINTS="1787 750 1789 836 1789 836 1787 750"/>
                                </Shape>
                            </Glyph>
                            <Glyph ID="char_81" CONTENT="o" HPOS="1843" VPOS="767" WIDTH="1" HEIGHT="64" GC="0.9953">
                                <Shape>
                                    <Polygon POINTS="1843 767 1844 831 1844 831 1843 767"/>
                                </Shape>
                            </Glyph>
                            <Glyph ID="char_82" CONTENT="u" HPOS="1884" VPOS="774" WIDTH="1" HEIGHT="63" GC="0.9967">
                                <Shape>
                                    <Polygon POINTS="1884 774 1885 837 1885 837 1884 774"/>
                                </Shape>
                            </Glyph>
                            <Glyph ID="char_83" CONTENT="t" HPOS="1918" VPOS="758" WIDTH="1" HEIGHT="83" GC="0.9997">
                                <Shape>
                                    <Polygon POINTS="1918 758 1919 841 1919 841 1918 758"/>
                                </Shape>
                            </Glyph>
                            <Glyph ID="char_84" CONTENT="," HPOS="1945" VPOS="756" WIDTH="8" HEIGHT="85" GC="0.9996">
                                <Shape>
                                    <Polygon POINTS="1945 762 1946 841 1953 841 1952 756"/>
                                </Shape>
                            </Glyph>
                        </String>
                        <SP ID="segment_24" HPOS="1959"  VPOS="749" WIDTH="7"  HEIGHT="91"/>
                        <String ID="segment_25" CONTENT="ont" HPOS="1979" VPOS="754" WIDTH="76" HEIGHT="86" WC="0.8727">
                            <Shape>
                                <Polygon POINTS="1979 754 1980 840 2055 839 2054 755"/>
                            </Shape>
                            <Glyph ID="char_86" CONTENT="o" HPOS="1979" VPOS="754" WIDTH="1" HEIGHT="86" GC="0.7665">
                                <Shape>
                                    <Polygon POINTS="1979 754 1980 840 1980 840 1979 754"/>
                                </Shape>
                            </Glyph>
                            <Glyph ID="char_87" CONTENT="n" HPOS="2020" VPOS="754" WIDTH="1" HEIGHT="86" GC="0.8671">
                                <Shape>
                                    <Polygon POINTS="2020 754 2021 840 2021 840 2020 754"/>
                                </Shape>
                            </Glyph>
                            <Glyph ID="char_88" CONTENT="t" HPOS="2054" VPOS="755" WIDTH="1" HEIGHT="84" GC="0.9846">
                                <Shape>
                                    <Polygon POINTS="2054 755 2055 839 2055 839 2054 755"/>
                                </Shape>
                            </Glyph>
                        </String>
                        <SP ID="segment_26" HPOS="2095"  VPOS="753" WIDTH="8"  HEIGHT="85"/>
                        <String ID="segment_27" CONTENT="fait" HPOS="2114" VPOS="736" WIDTH="104" HEIGHT="94" WC="0.9997">
                            <Shape>
                                <Polygon POINTS="2114 742 2116 830 2218 819 2216 746"/>
                            </Shape>
                            <Glyph ID="char_90" CONTENT="f" HPOS="2114" VPOS="742" WIDTH="2" HEIGHT="88" GC="0.9994">
                                <Shape>
                                    <Polygon POINTS="2114 742 2116 830 2116 830 2114 742"/>
                                </Shape>
                            </Glyph>
                            <Glyph ID="char_91" CONTENT="a" HPOS="2162" VPOS="737" WIDTH="2" HEIGHT="84" GC="0.9993">
                                <Shape>
                                    <Polygon POINTS="2162 737 2164 821 2164 821 2162 737"/>
                                </Shape>
                            </Glyph>
                            <Glyph ID="char_92" CONTENT="i" HPOS="2189" VPOS="736" WIDTH="2" HEIGHT="84" GC="1.0">
                                <Shape>
                                    <Polygon POINTS="2189 736 2191 820 2191 820 2189 736"/>
                                </Shape>
                            </Glyph>
                            <Glyph ID="char_93" CONTENT="t" HPOS="2216" VPOS="746" WIDTH="2" HEIGHT="73" GC="0.9999">
                                <Shape>
                                    <Polygon POINTS="2216 746 2218 819 2218 819 2216 746"/>
                                </Shape>
                            </Glyph>
                        </String>
                    </TextLine>

                    <TextLine ID="efebecb4-4b51-4836-afd7-35da95de1c92" HPOS="615.0" VPOS="864.0" WIDTH="1700.0" HEIGHT="119.0" BASELINE="617.0 956.0 2315.0 927.0" TAGREFS="LINE_TYPE_1">
                        <Shape>
                            <Polygon POINTS="617.0 956.0 617.0 983.0 747.0 973.0 841.0 983.0 843.0 983.0 845.0 983.0 904.0 969.0 990.0 979.0 992.0 979.0 1117.0 969.0 1258.0 975.0 1260.0 975.0 1262.0 975.0 1312.0 958.0 1444.0 969.0 1446.0 969.0 1708.0 950.0 1827.0 967.0 1829.0 967.0 1911.0 948.0 2147.0 954.0 2149.0 954.0 2315.0 937.0 2315.0 927.0 2313.0 891.0 2254.0 864.0 2252.0 864.0 2196.0 864.0 2193.0 864.0 2191.0 864.0 2139.0 885.0 2066.0 872.0 2064.0 872.0 2062.0 872.0 2059.0 872.0 2030.0 893.0 1923.0 881.0 1921.0 881.0 1919.0 881.0 1879.0 895.0 1848.0 872.0 1846.0 872.0 1844.0 872.0 1748.0 872.0 1745.0 872.0 1743.0 872.0 1741.0 872.0 1701.0 900.0 1655.0 900.0 1588.0 875.0 1586.0 875.0 1584.0 875.0 1582.0 875.0 1526.0 902.0 1352.0 879.0 1350.0 879.0 1348.0 879.0 1346.0 879.0 1327.0 893.0 1316.0 885.0 1314.0 885.0 1312.0 885.0 1310.0 885.0 1308.0 885.0 1260.0 906.0 1184.0 906.0 1151.0 887.0 1149.0 887.0 1147.0 887.0 1145.0 887.0 1090.0 912.0 615.0 912.0 617.0 956.0"/>
                        </Shape>
                        <String ID="segment_28" CONTENT="connoitre" HPOS="642" VPOS="912" WIDTH="296" HEIGHT="69" WC="0.9999">
                            <Shape>
                                <Polygon POINTS="642 912 643 981 938 973 937 912"/>
                            </Shape>
                            <Glyph ID="char_94" CONTENT="c" HPOS="642" VPOS="912" WIDTH="1" HEIGHT="69" GC="0.9997">
                                <Shape>
                                    <Polygon POINTS="642 912 643 981 643 981 642 912"/>
                                </Shape>
                            </Glyph>
                            <Glyph ID="char_95" CONTENT="o" HPOS="675" VPOS="912" WIDTH="1" HEIGHT="66" GC="1.0">
                                <Shape>
                                    <Polygon POINTS="675 912 676 978 676 978 675 912"/>
                                </Shape>
                            </Glyph>
                            <Glyph ID="char_96" CONTENT="n" HPOS="714" VPOS="912" WIDTH="1" HEIGHT="63" GC="1.0">
                                <Shape>
                                    <Polygon POINTS="714 912 715 975 715 975 714 912"/>
                                </Shape>
                            </Glyph>
                            <Glyph ID="char_97" CONTENT="n" HPOS="753" VPOS="912" WIDTH="1" HEIGHT="62" GC="1.0">
                                <Shape>
                                    <Polygon POINTS="753 912 754 974 754 974 753 912"/>
                                </Shape>
                            </Glyph>
                            <Glyph ID="char_98" CONTENT="o" HPOS="799" VPOS="912" WIDTH="1" HEIGHT="67" GC="0.9999">
                                <Shape>
                                    <Polygon POINTS="799 912 800 979 800 979 799 912"/>
                                </Shape>
                            </Glyph>
                            <Glyph ID="char_99" CONTENT="i" HPOS="825" VPOS="912" WIDTH="1" HEIGHT="69" GC="1.0">
                                <Shape>
                                    <Polygon POINTS="825 912 826 981 826 981 825 912"/>
                                </Shape>
                            </Glyph>
                            <Glyph ID="char_100" CONTENT="t" HPOS="852" VPOS="912" WIDTH="1" HEIGHT="69" GC="1.0">
                                <Shape>
                                    <Polygon POINTS="852 912 853 981 853 981 852 912"/>
                                </Shape>
                            </Glyph>
                            <Glyph ID="char_101" CONTENT="r" HPOS="884" VPOS="912" WIDTH="8" HEIGHT="61" GC="1.0">
                                <Shape>
                                    <Polygon POINTS="884 912 885 973 892 972 891 912"/>
                                </Shape>
                            </Glyph>
                            <Glyph ID="char_102" CONTENT="e" HPOS="937" VPOS="912" WIDTH="1" HEIGHT="61" GC="0.9997">
                                <Shape>
                                    <Polygon POINTS="937 912 938 973 938 973 937 912"/>
                                </Shape>
                            </Glyph>
                        </String>
                        <SP ID="segment_29" HPOS="1022"  VPOS="912" WIDTH="7"  HEIGHT="64"/>
                        <String ID="segment_30" CONTENT="qu&#39;aux" HPOS="1048" VPOS="887" WIDTH="223" HEIGHT="87" WC="0.994">
                            <Shape>
                                <Polygon POINTS="1048 912 1049 974 1271 972 1270 902"/>
                            </Shape>
                            <Glyph ID="char_104" CONTENT="q" HPOS="1048" VPOS="912" WIDTH="1" HEIGHT="62" GC="0.9716">
                                <Shape>
                                    <Polygon POINTS="1048 912 1049 974 1049 974 1048 912"/>
                                </Shape>
                            </Glyph>
                            <Glyph ID="char_105" CONTENT="u" HPOS="1094" VPOS="907" WIDTH="7" HEIGHT="64" GC="0.9999">
                                <Shape>
                                    <Polygon POINTS="1094 910 1095 971 1101 970 1100 907"/>
                                </Shape>
                            </Glyph>
                            <Glyph ID="char_106" CONTENT="&#39;" HPOS="1146" VPOS="887" WIDTH="1" HEIGHT="83" GC="0.9945">
                                <Shape>
                                    <Polygon POINTS="1146 887 1147 970 1147 970 1146 887"/>
                                </Shape>
                            </Glyph>
                            <Glyph ID="char_107" CONTENT="a" HPOS="1166" VPOS="896" WIDTH="1" HEIGHT="75" GC="0.9987">
                                <Shape>
                                    <Polygon POINTS="1166 896 1167 971 1167 971 1166 896"/>
                                </Shape>
                            </Glyph>
                            <Glyph ID="char_108" CONTENT="u" HPOS="1211" VPOS="906" WIDTH="1" HEIGHT="67" GC="0.9995">
                                <Shape>
                                    <Polygon POINTS="1211 906 1212 973 1212 973 1211 906"/>
                                </Shape>
                            </Glyph>
                            <Glyph ID="char_109" CONTENT="x" HPOS="1270" VPOS="902" WIDTH="1" HEIGHT="70" GC="1.0">
                                <Shape>
                                    <Polygon POINTS="1270 902 1271 972 1271 972 1270 902"/>
                                </Shape>
                            </Glyph>
                        </String>
                        <SP ID="segment_31" HPOS="1323"  VPOS="890" WIDTH="1"  HEIGHT="69"/>
                        <String ID="segment_32" CONTENT="termes" HPOS="1342" VPOS="882" WIDTH="178" HEIGHT="87" WC="0.9908">
                            <Shape>
                                <Polygon POINTS="1342 882 1343 961 1520 964 1519 901"/>
                            </Shape>
                            <Glyph ID="char_111" CONTENT="t" HPOS="1342" VPOS="882" WIDTH="1" HEIGHT="79" GC="0.9632">
                                <Shape>
                                    <Polygon POINTS="1342 882 1343 961 1343 961 1342 882"/>
                                </Shape>
                            </Glyph>
                            <Glyph ID="char_112" CONTENT="e" HPOS="1375" VPOS="882" WIDTH="1" HEIGHT="81" GC="0.9999">
                                <Shape>
                                    <Polygon POINTS="1375 882 1376 963 1376 963 1375 882"/>
                                </Shape>
                            </Glyph>
                            <Glyph ID="char_113" CONTENT="r" HPOS="1408" VPOS="886" WIDTH="1" HEIGHT="80" GC="1.0">
                                <Shape>
                                    <Polygon POINTS="1408 886 1409 966 1409 966 1408 886"/>
                                </Shape>
                            </Glyph>
                            <Glyph ID="char_114" CONTENT="m" HPOS="1447" VPOS="892" WIDTH="1" HEIGHT="77" GC="1.0">
                                <Shape>
                                    <Polygon POINTS="1447 892 1448 969 1448 969 1447 892"/>
                                </Shape>
                            </Glyph>
                            <Glyph ID="char_115" CONTENT="e" HPOS="1493" VPOS="898" WIDTH="1" HEIGHT="67" GC="1.0">
                                <Shape>
                                    <Polygon POINTS="1493 898 1494 965 1494 965 1493 898"/>
                                </Shape>
                            </Glyph>
                            <Glyph ID="char_116" CONTENT="s" HPOS="1519" VPOS="901" WIDTH="1" HEIGHT="63" GC="0.9817">
                                <Shape>
                                    <Polygon POINTS="1519 901 1520 964 1520 964 1519 901"/>
                                </Shape>
                            </Glyph>
                        </String>
                        <SP ID="segment_33" HPOS="1565"  VPOS="880" WIDTH="7"  HEIGHT="80"/>
                        <String ID="segment_34" CONTENT="des" HPOS="1591" VPOS="876" WIDTH="73" HEIGHT="82" WC="0.956">
                            <Shape>
                                <Polygon POINTS="1591 876 1592 958 1664 953 1663 900"/>
                            </Shape>
                            <Glyph ID="char_118" CONTENT="d" HPOS="1591" VPOS="876" WIDTH="1" HEIGHT="82" GC="0.9103">
                                <Shape>
                                    <Polygon POINTS="1591 876 1592 958 1592 958 1591 876"/>
                                </Shape>
                            </Glyph>
                            <Glyph ID="char_119" CONTENT="e" HPOS="1630" VPOS="891" WIDTH="1" HEIGHT="65" GC="0.9998">
                                <Shape>
                                    <Polygon POINTS="1630 891 1631 956 1631 956 1630 891"/>
                                </Shape>
                            </Glyph>
                            <Glyph ID="char_120" CONTENT="s" HPOS="1663" VPOS="900" WIDTH="1" HEIGHT="53" GC="0.958">
                                <Shape>
                                    <Polygon POINTS="1663 900 1664 953 1664 953 1663 900"/>
                                </Shape>
                            </Glyph>
                        </String>
                        <SP ID="segment_35" HPOS="1722"  VPOS="881" WIDTH="7"  HEIGHT="72"/>
                        <String ID="segment_36" CONTENT="loi" HPOS="1741" VPOS="872" WIDTH="86" HEIGHT="95" WC="1.0">
                            <Shape>
                                <Polygon POINTS="1741 872 1742 955 1827 967 1826 872"/>
                            </Shape>
                            <Glyph ID="char_122" CONTENT="l" HPOS="1741" VPOS="872" WIDTH="1" HEIGHT="83" GC="1.0">
                                <Shape>
                                    <Polygon POINTS="1741 872 1742 955 1742 955 1741 872"/>
                                </Shape>
                            </Glyph>
                            <Glyph ID="char_123" CONTENT="o" HPOS="1787" VPOS="872" WIDTH="1" HEIGHT="89" GC="0.9999">
                                <Shape>
                                    <Polygon POINTS="1787 872 1788 961 1788 961 1787 872"/>
                                </Shape>
                            </Glyph>
                            <Glyph ID="char_124" CONTENT="i" HPOS="1826" VPOS="872" WIDTH="1" HEIGHT="95" GC="1.0">
                                <Shape>
                                    <Polygon POINTS="1826 872 1827 967 1827 967 1826 872"/>
                                </Shape>
                            </Glyph>
                        </String>
                        <SP ID="segment_37" HPOS="1951"  VPOS="884" WIDTH="7"  HEIGHT="65"/>
                        <String ID="segment_38" CONTENT="actuelles" HPOS="1977" VPOS="864" WIDTH="282" HEIGHT="90" WC="0.9959">
                            <Shape>
                                <Polygon POINTS="1977 887 1978 950 2259 943 2258 866"/>
                            </Shape>
                            <Glyph ID="char_126" CONTENT="a" HPOS="1977" VPOS="887" WIDTH="1" HEIGHT="63" GC="0.9998">
                                <Shape>
                                    <Polygon POINTS="1977 887 1978 950 1978 950 1977 887"/>
                                </Shape>
                            </Glyph>
                            <Glyph ID="char_127" CONTENT="c" HPOS="2010" VPOS="891" WIDTH="1" HEIGHT="60" GC="0.9942">
                                <Shape>
                                    <Polygon POINTS="2010 891 2011 951 2011 951 2010 891"/>
                                </Shape>
                            </Glyph>
                            <Glyph ID="char_128" CONTENT="t" HPOS="2049" VPOS="879" WIDTH="1" HEIGHT="73" GC="0.9998">
                                <Shape>
                                    <Polygon POINTS="2049 879 2050 952 2050 952 2049 879"/>
                                </Shape>
                            </Glyph>
                            <Glyph ID="char_129" CONTENT="u" HPOS="2081" VPOS="875" WIDTH="1" HEIGHT="77" GC="0.99">
                                <Shape>
                                    <Polygon POINTS="2081 875 2082 952 2082 952 2081 875"/>
                                </Shape>
                            </Glyph>
                            <Glyph ID="char_130" CONTENT="e" HPOS="2134" VPOS="884" WIDTH="1" HEIGHT="70" GC="0.9997">
                                <Shape>
                                    <Polygon POINTS="2134 884 2135 954 2135 954 2134 884"/>
                                </Shape>
                            </Glyph>
                            <Glyph ID="char_131" CONTENT="l" HPOS="2173" VPOS="871" WIDTH="1" HEIGHT="80" GC="0.9914">
                                <Shape>
                                    <Polygon POINTS="2173 871 2174 951 2174 951 2173 871"/>
                                </Shape>
                            </Glyph>
                            <Glyph ID="char_132" CONTENT="l" HPOS="2206" VPOS="864" WIDTH="1" HEIGHT="84" GC="0.9967">
                                <Shape>
                                    <Polygon POINTS="2206 864 2207 948 2207 948 2206 864"/>
                                </Shape>
                            </Glyph>
                            <Glyph ID="char_133" CONTENT="e" HPOS="2232" VPOS="864" WIDTH="1" HEIGHT="81" GC="0.9999">
                                <Shape>
                                    <Polygon POINTS="2232 864 2233 945 2233 945 2232 864"/>
                                </Shape>
                            </Glyph>
                            <Glyph ID="char_134" CONTENT="s" HPOS="2258" VPOS="866" WIDTH="1" HEIGHT="77" GC="0.9918">
                                <Shape>
                                    <Polygon POINTS="2258 866 2259 943 2259 943 2258 866"/>
                                </Shape>
                            </Glyph>
                        </String>
                    </TextLine>

                    <TextLine ID="30e2e471-35a3-4993-8647-232ff38af376" HPOS="609.0" VPOS="994.0" WIDTH="1695.0" HEIGHT="138.0" BASELINE="611.0 1088.0 2304.0 1038.0" TAGREFS="LINE_TYPE_1">
                        <Shape>
                            <Polygon POINTS="611.0 1088.0 611.0 1105.0 667.0 1107.0 703.0 1132.0 705.0 1132.0 707.0 1132.0 709.0 1132.0 822.0 1130.0 872.0 1128.0 875.0 1128.0 877.0 1128.0 912.0 1107.0 1153.0 1107.0 1153.0 1105.0 1249.0 1090.0 1362.0 1096.0 1364.0 1096.0 1467.0 1080.0 1492.0 1099.0 1494.0 1099.0 1496.0 1099.0 1498.0 1099.0 1501.0 1099.0 1536.0 1086.0 1593.0 1107.0 1595.0 1107.0 1597.0 1107.0 1599.0 1107.0 1670.0 1073.0 2141.0 1073.0 2141.0 1071.0 2143.0 1071.0 2145.0 1071.0 2166.0 1055.0 2214.0 1069.0 2216.0 1069.0 2219.0 1069.0 2304.0 1048.0 2304.0 1038.0 2300.0 1006.0 2085.0 1000.0 2082.0 1000.0 1951.0 1015.0 1919.0 994.0 1917.0 994.0 1915.0 994.0 1873.0 994.0 1871.0 994.0 1800.0 996.0 1798.0 996.0 1796.0 996.0 1771.0 1013.0 1701.0 1000.0 1699.0 1000.0 1697.0 1000.0 1630.0 1025.0 1519.0 1004.0 1517.0 1004.0 1431.0 1008.0 1429.0 1008.0 1373.0 1034.0 1295.0 1023.0 1293.0 1023.0 1120.0 1040.0 1084.0 1027.0 1082.0 1027.0 1080.0 1027.0 1078.0 1027.0 1046.0 1044.0 780.0 1050.0 728.0 1029.0 726.0 1029.0 671.0 1029.0 669.0 1029.0 667.0 1029.0 609.0 1046.0 611.0 1088.0"/>
                        </Shape>
                        <String ID="segment_39" CONTENT="il" HPOS="624" VPOS="1033" WIDTH="31" HEIGHT="74" WC="0.9953">
                            <Shape>
                                <Polygon POINTS="624 1042 626 1106 655 1107 652 1033"/>
                            </Shape>
                            <Glyph ID="char_135" CONTENT="i" HPOS="624" VPOS="1042" WIDTH="2" HEIGHT="64" GC="0.9906">
                                <Shape>
                                    <Polygon POINTS="624 1042 626 1106 626 1106 624 1042"/>
                                </Shape>
                            </Glyph>
                            <Glyph ID="char_136" CONTENT="l" HPOS="652" VPOS="1033" WIDTH="3" HEIGHT="74" GC="1.0">
                                <Shape>
                                    <Polygon POINTS="652 1033 655 1107 655 1107 652 1033"/>
                                </Shape>
                            </Glyph>
                        </String>
                        <SP ID="segment_40" HPOS="717"  VPOS="1029" WIDTH="10"  HEIGHT="103"/>
                        <String ID="segment_41" CONTENT="ne" HPOS="739" VPOS="1034" WIDTH="53" HEIGHT="97" WC="1.0">
                            <Shape>
                                <Polygon POINTS="739 1034 742 1131 792 1131 790 1050"/>
                            </Shape>
                            <Glyph ID="char_138" CONTENT="n" HPOS="739" VPOS="1034" WIDTH="3" HEIGHT="97" GC="1.0">
                                <Shape>
                                    <Polygon POINTS="739 1034 742 1131 742 1131 739 1034"/>
                                </Shape>
                            </Glyph>
                            <Glyph ID="char_139" CONTENT="e" HPOS="790" VPOS="1050" WIDTH="2" HEIGHT="81" GC="1.0">
                                <Shape>
                                    <Polygon POINTS="790 1050 792 1131 792 1131 790 1050"/>
                                </Shape>
                            </Glyph>
                        </String>
                        <SP ID="segment_42" HPOS="819"  VPOS="1049" WIDTH="10"  HEIGHT="81"/>
                        <String ID="segment_43" CONTENT="pouvoit" HPOS="841" VPOS="1027" WIDTH="269" HEIGHT="102" WC="0.9625">
                            <Shape>
                                <Polygon POINTS="841 1049 843 1129 1110 1107 1108 1036"/>
                            </Shape>
                            <Glyph ID="char_141" CONTENT="p" HPOS="841" VPOS="1049" WIDTH="2" HEIGHT="80" GC="1.0">
                                <Shape>
                                    <Polygon POINTS="841 1049 843 1129 843 1129 841 1049"/>
                                </Shape>
                            </Glyph>
                            <Glyph ID="char_142" CONTENT="o" HPOS="920" VPOS="1047" WIDTH="2" HEIGHT="60" GC="1.0">
                                <Shape>
                                    <Polygon POINTS="920 1047 922 1107 922 1107 920 1047"/>
                                </Shape>
                            </Glyph>
                            <Glyph ID="char_143" CONTENT="u" HPOS="964" VPOS="1046" WIDTH="2" HEIGHT="61" GC="1.0">
                                <Shape>
                                    <Polygon POINTS="964 1046 966 1107 966 1107 964 1046"/>
                                </Shape>
                            </Glyph>
                            <Glyph ID="char_144" CONTENT="v" HPOS="1007" VPOS="1045" WIDTH="2" HEIGHT="62" GC="1.0">
                                <Shape>
                                    <Polygon POINTS="1007 1045 1009 1107 1009 1107 1007 1045"/>
                                </Shape>
                            </Glyph>
                            <Glyph ID="char_145" CONTENT="o" HPOS="1043" VPOS="1044" WIDTH="2" HEIGHT="63" GC="0.9996">
                                <Shape>
                                    <Polygon POINTS="1043 1044 1045 1107 1045 1107 1043 1044"/>
                                </Shape>
                            </Glyph>
                            <Glyph ID="char_146" CONTENT="i" HPOS="1078" VPOS="1027" WIDTH="10" HEIGHT="80" GC="1.0">
                                <Shape>
                                    <Polygon POINTS="1078 1027 1081 1107 1088 1107 1085 1028"/>
                                </Shape>
                            </Glyph>
                            <Glyph ID="char_147" CONTENT="t" HPOS="1108" VPOS="1036" WIDTH="2" HEIGHT="71" GC="0.7378">
                                <Shape>
                                    <Polygon POINTS="1108 1036 1110 1107 1110 1107 1108 1036"/>
                                </Shape>
                            </Glyph>
                        </String>
                        <SP ID="segment_44" HPOS="1166"  VPOS="1034" WIDTH="16"  HEIGHT="69"/>
                        <String ID="segment_45" CONTENT="être" HPOS="1195" VPOS="1026" WIDTH="130" HEIGHT="72" WC="0.9881">
                            <Shape>
                                <Polygon POINTS="1195 1033 1197 1098 1325 1094 1324 1027"/>
                            </Shape>
                            <Glyph ID="char_149" CONTENT="e" HPOS="1195" VPOS="1033" WIDTH="2" HEIGHT="65" GC="0.9999">
                                <Shape>
                                    <Polygon POINTS="1195 1033 1197 1098 1197 1098 1195 1033"/>
                                </Shape>
                            </Glyph>
                            <Glyph ID="char_150" CONTENT="̂" HPOS="1209" VPOS="1031" WIDTH="1" HEIGHT="65" GC="0.9997">
                                <Shape>
                                    <Polygon POINTS="1209 1031 1210 1096 1210 1096 1209 1031"/>
                                </Shape>
                            </Glyph>
                            <Glyph ID="char_151" CONTENT="t" HPOS="1231" VPOS="1029" WIDTH="1" HEIGHT="64" GC="0.9412">
                                <Shape>
                                    <Polygon POINTS="1231 1029 1232 1093 1232 1093 1231 1029"/>
                                </Shape>
                            </Glyph>
                            <Glyph ID="char_152" CONTENT="r" HPOS="1266" VPOS="1026" WIDTH="2" HEIGHT="65" GC="1.0">
                                <Shape>
                                    <Polygon POINTS="1266 1026 1268 1091 1268 1091 1266 1026"/>
                                </Shape>
                            </Glyph>
                            <Glyph ID="char_153" CONTENT="e" HPOS="1316" VPOS="1026" WIDTH="9" HEIGHT="68" GC="1.0">
                                <Shape>
                                    <Polygon POINTS="1316 1026 1318 1094 1325 1094 1324 1027"/>
                                </Shape>
                            </Glyph>
                        </String>
                        <SP ID="segment_46" HPOS="1410"  VPOS="1014" WIDTH="9"  HEIGHT="74"/>
                        <String ID="segment_47" CONTENT="susceptible" HPOS="1439" VPOS="996" WIDTH="377" HEIGHT="110" WC="0.9998">
                            <Shape>
                                <Polygon POINTS="1439 1008 1441 1084 1816 1073 1814 996"/>
                            </Shape>
                            <Glyph ID="char_155" CONTENT="s" HPOS="1439" VPOS="1008" WIDTH="2" HEIGHT="76" GC="1.0">
                                <Shape>
                                    <Polygon POINTS="1439 1008 1441 1084 1441 1084 1439 1008"/>
                                </Shape>
                            </Glyph>
                            <Glyph ID="char_156" CONTENT="u" HPOS="1504" VPOS="1005" WIDTH="3" HEIGHT="92" GC="1.0">
                                <Shape>
                                    <Polygon POINTS="1504 1005 1507 1097 1507 1097 1504 1005"/>
                                </Shape>
                            </Glyph>
                            <Glyph ID="char_157" CONTENT="s" HPOS="1533" VPOS="1007" WIDTH="2" HEIGHT="79" GC="1.0">
                                <Shape>
                                    <Polygon POINTS="1533 1007 1535 1086 1535 1086 1533 1007"/>
                                </Shape>
                            </Glyph>
                            <Glyph ID="char_158" CONTENT="c" HPOS="1562" VPOS="1012" WIDTH="3" HEIGHT="85" GC="0.9999">
                                <Shape>
                                    <Polygon POINTS="1562 1012 1565 1097 1565 1097 1562 1012"/>
                                </Shape>
                            </Glyph>
                            <Glyph ID="char_159" CONTENT="e" HPOS="1598" VPOS="1019" WIDTH="3" HEIGHT="87" GC="1.0">
                                <Shape>
                                    <Polygon POINTS="1598 1019 1601 1106 1601 1106 1598 1019"/>
                                </Shape>
                            </Glyph>
                            <Glyph ID="char_160" CONTENT="p" HPOS="1641" VPOS="1021" WIDTH="2" HEIGHT="65" GC="1.0">
                                <Shape>
                                    <Polygon POINTS="1641 1021 1643 1086 1643 1086 1641 1021"/>
                                </Shape>
                            </Glyph>
                            <Glyph ID="char_161" CONTENT="t" HPOS="1692" VPOS="1002" WIDTH="2" HEIGHT="71" GC="1.0">
                                <Shape>
                                    <Polygon POINTS="1692 1002 1694 1073 1694 1073 1692 1002"/>
                                </Shape>
                            </Glyph>
                            <Glyph ID="char_162" CONTENT="i" HPOS="1713" VPOS="1002" WIDTH="2" HEIGHT="71" GC="0.9979">
                                <Shape>
                                    <Polygon POINTS="1713 1002 1715 1073 1715 1073 1713 1002"/>
                                </Shape>
                            </Glyph>
                            <Glyph ID="char_163" CONTENT="b" HPOS="1742" VPOS="1008" WIDTH="2" HEIGHT="65" GC="1.0">
                                <Shape>
                                    <Polygon POINTS="1742 1008 1744 1073 1744 1073 1742 1008"/>
                                </Shape>
                            </Glyph>
                            <Glyph ID="char_164" CONTENT="l" HPOS="1778" VPOS="1008" WIDTH="2" HEIGHT="65" GC="1.0">
                                <Shape>
                                    <Polygon POINTS="1778 1008 1780 1073 1780 1073 1778 1008"/>
                                </Shape>
                            </Glyph>
                            <Glyph ID="char_165" CONTENT="e" HPOS="1807" VPOS="996" WIDTH="9" HEIGHT="77" GC="1.0">
                                <Shape>
                                    <Polygon POINTS="1807 996 1809 1073 1816 1073 1814 996"/>
                                </Shape>
                            </Glyph>
                        </String>
                        <SP ID="segment_48" HPOS="1872"  VPOS="994" WIDTH="16"  HEIGHT="79"/>
                        <String ID="segment_49" CONTENT="de" HPOS="1901" VPOS="994" WIDTH="45" HEIGHT="79" WC="0.9987">
                            <Shape>
                                <Polygon POINTS="1901 994 1903 1073 1946 1073 1944 1011"/>
                            </Shape>
                            <Glyph ID="char_167" CONTENT="d" HPOS="1901" VPOS="994" WIDTH="2" HEIGHT="79" GC="0.9994">
                                <Shape>
                                    <Polygon POINTS="1901 994 1903 1073 1903 1073 1901 994"/>
                                </Shape>
                            </Glyph>
                            <Glyph ID="char_168" CONTENT="e" HPOS="1944" VPOS="1011" WIDTH="2" HEIGHT="62" GC="0.9981">
                                <Shape>
                                    <Polygon POINTS="1944 1011 1946 1073 1946 1073 1944 1011"/>
                                </Shape>
                            </Glyph>
                        </String>
                        <SP ID="segment_50" HPOS="1980"  VPOS="1011" WIDTH="9"  HEIGHT="62"/>
                        <String ID="segment_51" CONTENT="recevoir" HPOS="2009" VPOS="1001" WIDTH="240" HEIGHT="72" WC="0.8562">
                            <Shape>
                                <Polygon POINTS="2009 1008 2011 1073 2249 1062 2247 1005"/>
                            </Shape>
                            <Glyph ID="char_170" CONTENT="r" HPOS="2009" VPOS="1008" WIDTH="2" HEIGHT="65" GC="0.7855">
                                <Shape>
                                    <Polygon POINTS="2009 1008 2011 1073 2011 1073 2009 1008"/>
                                </Shape>
                            </Glyph>
                            <Glyph ID="char_171" CONTENT="e" HPOS="2045" VPOS="1004" WIDTH="2" HEIGHT="69" GC="0.9999">
                                <Shape>
                                    <Polygon POINTS="2045 1004 2047 1073 2047 1073 2045 1004"/>
                                </Shape>
                            </Glyph>
                            <Glyph ID="char_172" CONTENT="c" HPOS="2074" VPOS="1001" WIDTH="2" HEIGHT="72" GC="0.6236">
                                <Shape>
                                    <Polygon POINTS="2074 1001 2076 1073 2076 1073 2074 1001"/>
                                </Shape>
                            </Glyph>
                            <Glyph ID="char_173" CONTENT="e" HPOS="2110" VPOS="1001" WIDTH="2" HEIGHT="72" GC="0.9999">
                                <Shape>
                                    <Polygon POINTS="2110 1001 2112 1073 2112 1073 2110 1001"/>
                                </Shape>
                            </Glyph>
                            <Glyph ID="char_174" CONTENT="v" HPOS="2146" VPOS="1002" WIDTH="2" HEIGHT="67" GC="0.5257">
                                <Shape>
                                    <Polygon POINTS="2146 1002 2148 1069 2148 1069 2146 1002"/>
                                </Shape>
                            </Glyph>
                            <Glyph ID="char_175" CONTENT="o" HPOS="2190" VPOS="1003" WIDTH="2" HEIGHT="60" GC="0.9997">
                                <Shape>
                                    <Polygon POINTS="2190 1003 2192 1063 2192 1063 2190 1003"/>
                                </Shape>
                            </Glyph>
                            <Glyph ID="char_176" CONTENT="i" HPOS="2218" VPOS="1004" WIDTH="2" HEIGHT="65" GC="0.9999">
                                <Shape>
                                    <Polygon POINTS="2218 1004 2220 1069 2220 1069 2218 1004"/>
                                </Shape>
                            </Glyph>
                            <Glyph ID="char_177" CONTENT="r" HPOS="2247" VPOS="1005" WIDTH="2" HEIGHT="57" GC="0.9153">
                                <Shape>
                                    <Polygon POINTS="2247 1005 2249 1062 2249 1062 2247 1005"/>
                                </Shape>
                            </Glyph>
                        </String>
                    </TextLine>

                    <TextLine ID="e9fccdb9-7fad-47b8-b8e6-c31256618b95" HPOS="623.0" VPOS="1117.0" WIDTH="1692.0" HEIGHT="130.0" BASELINE="625.0 1222.0 2315.0 1168.0" TAGREFS="LINE_TYPE_1">
                        <Shape>
                            <Polygon POINTS="625.0 1222.0 625.0 1239.0 868.0 1247.0 870.0 1247.0 872.0 1247.0 875.0 1247.0 891.0 1232.0 921.0 1247.0 923.0 1247.0 925.0 1247.0 1023.0 1228.0 1207.0 1243.0 1210.0 1243.0 1308.0 1220.0 1402.0 1237.0 1404.0 1237.0 1557.0 1216.0 1662.0 1228.0 1664.0 1228.0 1798.0 1209.0 1919.0 1220.0 1921.0 1220.0 1923.0 1220.0 1925.0 1220.0 1953.0 1197.0 2229.0 1191.0 2290.0 1207.0 2292.0 1207.0 2294.0 1207.0 2296.0 1207.0 2298.0 1207.0 2315.0 1193.0 2315.0 1168.0 2309.0 1117.0 2116.0 1122.0 2114.0 1122.0 2112.0 1122.0 2097.0 1134.0 2053.0 1128.0 2051.0 1128.0 2049.0 1128.0 2007.0 1149.0 1871.0 1145.0 1869.0 1145.0 1867.0 1145.0 1865.0 1145.0 1848.0 1157.0 1821.0 1145.0 1819.0 1145.0 1817.0 1145.0 1815.0 1145.0 1787.0 1159.0 1614.0 1161.0 1576.0 1140.0 1574.0 1140.0 1572.0 1140.0 1534.0 1140.0 1532.0 1140.0 1492.0 1142.0 1490.0 1142.0 1488.0 1142.0 1452.0 1168.0 1387.0 1161.0 1385.0 1161.0 1329.0 1172.0 1312.0 1161.0 1310.0 1161.0 1308.0 1161.0 1306.0 1161.0 1304.0 1161.0 1253.0 1176.0 1226.0 1157.0 1224.0 1157.0 1222.0 1157.0 1220.0 1157.0 1218.0 1157.0 1161.0 1178.0 889.0 1174.0 887.0 1174.0 623.0 1195.0 625.0 1222.0"/>
                        </Shape>
                        <String ID="segment_52" CONTENT="une" HPOS="662" VPOS="1185" WIDTH="89" HEIGHT="58" WC="0.9976">
                            <Shape>
                                <Polygon POINTS="662 1192 664 1240 751 1243 749 1185"/>
                            </Shape>
                            <Glyph ID="char_178" CONTENT="u" HPOS="662" VPOS="1192" WIDTH="2" HEIGHT="48" GC="0.993">
                                <Shape>
                                    <Polygon POINTS="662 1192 664 1240 664 1240 662 1192"/>
                                </Shape>
                            </Glyph>
                            <Glyph ID="char_179" CONTENT="n" HPOS="706" VPOS="1188" WIDTH="2" HEIGHT="54" GC="1.0">
                                <Shape>
                                    <Polygon POINTS="706 1188 708 1242 708 1242 706 1188"/>
                                </Shape>
                            </Glyph>
                            <Glyph ID="char_180" CONTENT="e" HPOS="749" VPOS="1185" WIDTH="2" HEIGHT="58" GC="0.9999">
                                <Shape>
                                    <Polygon POINTS="749 1185 751 1243 751 1243 749 1185"/>
                                </Shape>
                            </Glyph>
                        </String>
                        <SP ID="segment_53" HPOS="806"  VPOS="1180" WIDTH="8"  HEIGHT="65"/>
                        <String ID="segment_54" CONTENT="pension," HPOS="825" VPOS="1159" WIDTH="391" HEIGHT="87" WC="0.9987">
                            <Shape>
                                <Polygon POINTS="825 1179 827 1246 1216 1242 1213 1159"/>
                            </Shape>
                            <Glyph ID="char_182" CONTENT="p" HPOS="825" VPOS="1179" WIDTH="2" HEIGHT="67" GC="0.9999">
                                <Shape>
                                    <Polygon POINTS="825 1179 827 1246 827 1246 825 1179"/>
                                </Shape>
                            </Glyph>
                            <Glyph ID="char_183" CONTENT="e" HPOS="931" VPOS="1175" WIDTH="2" HEIGHT="70" GC="1.0">
                                <Shape>
                                    <Polygon POINTS="931 1175 933 1245 933 1245 931 1175"/>
                                </Shape>
                            </Glyph>
                            <Glyph ID="char_184" CONTENT="n" HPOS="969" VPOS="1175" WIDTH="2" HEIGHT="63" GC="1.0">
                                <Shape>
                                    <Polygon POINTS="969 1175 971 1238 971 1238 969 1175"/>
                                </Shape>
                            </Glyph>
                            <Glyph ID="char_185" CONTENT="s" HPOS="1007" VPOS="1176" WIDTH="1" HEIGHT="55" GC="0.9994">
                                <Shape>
                                    <Polygon POINTS="1007 1176 1008 1231 1008 1231 1007 1176"/>
                                </Shape>
                            </Glyph>
                            <Glyph ID="char_186" CONTENT="i" HPOS="1044" VPOS="1176" WIDTH="1" HEIGHT="54" GC="1.0">
                                <Shape>
                                    <Polygon POINTS="1044 1176 1045 1230 1045 1230 1044 1176"/>
                                </Shape>
                            </Glyph>
                            <Glyph ID="char_187" CONTENT="o" HPOS="1076" VPOS="1177" WIDTH="2" HEIGHT="55" GC="0.9996">
                                <Shape>
                                    <Polygon POINTS="1076 1177 1078 1232 1078 1232 1076 1177"/>
                                </Shape>
                            </Glyph>
                            <Glyph ID="char_188" CONTENT="n" HPOS="1113" VPOS="1177" WIDTH="2" HEIGHT="58" GC="0.9907">
                                <Shape>
                                    <Polygon POINTS="1113 1177 1115 1235 1115 1235 1113 1177"/>
                                </Shape>
                            </Glyph>
                            <Glyph ID="char_189" CONTENT="," HPOS="1213" VPOS="1159" WIDTH="3" HEIGHT="83" GC="0.9998">
                                <Shape>
                                    <Polygon POINTS="1213 1159 1216 1242 1216 1242 1213 1159"/>
                                </Shape>
                            </Glyph>
                        </String>
                        <SP ID="segment_55" HPOS="1251"  VPOS="1174" WIDTH="9"  HEIGHT="59"/>
                        <String ID="segment_56" CONTENT="et" HPOS="1270" VPOS="1162" WIDTH="33" HEIGHT="67" WC="0.9997">
                            <Shape>
                                <Polygon POINTS="1270 1171 1272 1229 1303 1221 1301 1162"/>
                            </Shape>
                            <Glyph ID="char_191" CONTENT="e" HPOS="1270" VPOS="1171" WIDTH="2" HEIGHT="58" GC="0.9993">
                                <Shape>
                                    <Polygon POINTS="1270 1171 1272 1229 1272 1229 1270 1171"/>
                                </Shape>
                            </Glyph>
                            <Glyph ID="char_192" CONTENT="t" HPOS="1301" VPOS="1162" WIDTH="2" HEIGHT="59" GC="1.0">
                                <Shape>
                                    <Polygon POINTS="1301 1162 1303 1221 1303 1221 1301 1162"/>
                                </Shape>
                            </Glyph>
                        </String>
                        <SP ID="segment_57" HPOS="1346"  VPOS="1168" WIDTH="8"  HEIGHT="60"/>
                        <String ID="segment_58" CONTENT="cependant," HPOS="1358" VPOS="1140" WIDTH="328" HEIGHT="95" WC="0.9982">
                            <Shape>
                                <Polygon POINTS="1358 1166 1360 1229 1686 1225 1684 1160"/>
                            </Shape>
                            <Glyph ID="char_194" CONTENT="c" HPOS="1358" VPOS="1166" WIDTH="2" HEIGHT="63" GC="1.0">
                                <Shape>
                                    <Polygon POINTS="1358 1166 1360 1229 1360 1229 1358 1166"/>
                                </Shape>
                            </Glyph>
                            <Glyph ID="char_195" CONTENT="e" HPOS="1388" VPOS="1161" WIDTH="3" HEIGHT="74" GC="0.9991">
                                <Shape>
                                    <Polygon POINTS="1388 1161 1391 1235 1391 1235 1388 1161"/>
                                </Shape>
                            </Glyph>
                            <Glyph ID="char_196" CONTENT="p" HPOS="1433" VPOS="1166" WIDTH="2" HEIGHT="67" GC="1.0">
                                <Shape>
                                    <Polygon POINTS="1433 1166 1435 1233 1435 1233 1433 1166"/>
                                </Shape>
                            </Glyph>
                            <Glyph ID="char_197" CONTENT="e" HPOS="1483" VPOS="1146" WIDTH="3" HEIGHT="80" GC="0.9996">
                                <Shape>
                                    <Polygon POINTS="1483 1146 1486 1226 1486 1226 1483 1146"/>
                                </Shape>
                            </Glyph>
                            <Glyph ID="char_198" CONTENT="n" HPOS="1508" VPOS="1141" WIDTH="2" HEIGHT="81" GC="0.9873">
                                <Shape>
                                    <Polygon POINTS="1508 1141 1510 1222 1510 1222 1508 1141"/>
                                </Shape>
                            </Glyph>
                            <Glyph ID="char_199" CONTENT="d" HPOS="1545" VPOS="1140" WIDTH="2" HEIGHT="77" GC="1.0">
                                <Shape>
                                    <Polygon POINTS="1545 1140 1547 1217 1547 1217 1545 1140"/>
                                </Shape>
                            </Glyph>
                            <Glyph ID="char_200" CONTENT="a" HPOS="1589" VPOS="1147" WIDTH="2" HEIGHT="73" GC="0.9997">
                                <Shape>
                                    <Polygon POINTS="1589 1147 1591 1220 1591 1220 1589 1147"/>
                                </Shape>
                            </Glyph>
                            <Glyph ID="char_201" CONTENT="n" HPOS="1628" VPOS="1161" WIDTH="2" HEIGHT="63" GC="0.9999">
                                <Shape>
                                    <Polygon POINTS="1628 1161 1630 1224 1630 1224 1628 1161"/>
                                </Shape>
                            </Glyph>
                            <Glyph ID="char_202" CONTENT="t" HPOS="1659" VPOS="1160" WIDTH="2" HEIGHT="68" GC="0.9962">
                                <Shape>
                                    <Polygon POINTS="1659 1160 1661 1228 1661 1228 1659 1160"/>
                                </Shape>
                            </Glyph>
                            <Glyph ID="char_203" CONTENT="," HPOS="1684" VPOS="1160" WIDTH="2" HEIGHT="65" GC="1.0">
                                <Shape>
                                    <Polygon POINTS="1684 1160 1686 1225 1686 1225 1684 1160"/>
                                </Shape>
                            </Glyph>
                        </String>
                        <SP ID="segment_59" HPOS="1716"  VPOS="1160" WIDTH="7"  HEIGHT="60"/>
                        <String ID="segment_60" CONTENT="on" HPOS="1741" VPOS="1159" WIDTH="38" HEIGHT="58" WC="1.0">
                            <Shape>
                                <Polygon POINTS="1741 1160 1742 1217 1779 1212 1778 1159"/>
                            </Shape>
                            <Glyph ID="char_205" CONTENT="o" HPOS="1741" VPOS="1160" WIDTH="1" HEIGHT="57" GC="1.0">
                                <Shape>
                                    <Polygon POINTS="1741 1160 1742 1217 1742 1217 1741 1160"/>
                                </Shape>
                            </Glyph>
                            <Glyph ID="char_206" CONTENT="n" HPOS="1778" VPOS="1159" WIDTH="1" HEIGHT="53" GC="1.0">
                                <Shape>
                                    <Polygon POINTS="1778 1159 1779 1212 1779 1212 1778 1159"/>
                                </Shape>
                            </Glyph>
                        </String>
                        <SP ID="segment_61" HPOS="1809"  VPOS="1148" WIDTH="2"  HEIGHT="62"/>
                        <String ID="segment_62" CONTENT="ne" HPOS="1828" VPOS="1145" WIDTH="46" HEIGHT="71" WC="0.9991">
                            <Shape>
                                <Polygon POINTS="1828 1148 1830 1212 1874 1216 1872 1145"/>
                            </Shape>
                            <Glyph ID="char_208" CONTENT="n" HPOS="1828" VPOS="1148" WIDTH="2" HEIGHT="64" GC="0.9982">
                                <Shape>
                                    <Polygon POINTS="1828 1148 1830 1212 1830 1212 1828 1148"/>
                                </Shape>
                            </Glyph>
                            <Glyph ID="char_209" CONTENT="e" HPOS="1872" VPOS="1145" WIDTH="2" HEIGHT="71" GC="1.0">
                                <Shape>
                                    <Polygon POINTS="1872 1145 1874 1216 1874 1216 1872 1145"/>
                                </Shape>
                            </Glyph>
                        </String>
                        <SP ID="segment_63" HPOS="1897"  VPOS="1146" WIDTH="9"  HEIGHT="73"/>
                        <String ID="segment_64" CONTENT="peut" HPOS="1915" VPOS="1135" WIDTH="122" HEIGHT="85" WC="0.917">
                            <Shape>
                                <Polygon POINTS="1915 1146 1918 1220 2037 1195 2035 1135"/>
                            </Shape>
                            <Glyph ID="char_211" CONTENT="p" HPOS="1915" VPOS="1146" WIDTH="3" HEIGHT="74" GC="1.0">
                                <Shape>
                                    <Polygon POINTS="1915 1146 1918 1220 1918 1220 1915 1146"/>
                                </Shape>
                            </Glyph>
                            <Glyph ID="char_212" CONTENT="e" HPOS="1972" VPOS="1148" WIDTH="2" HEIGHT="49" GC="0.9989">
                                <Shape>
                                    <Polygon POINTS="1972 1148 1974 1197 1974 1197 1972 1148"/>
                                </Shape>
                            </Glyph>
                            <Glyph ID="char_213" CONTENT="u" HPOS="2003" VPOS="1149" WIDTH="2" HEIGHT="47" GC="0.9022">
                                <Shape>
                                    <Polygon POINTS="2003 1149 2005 1196 2005 1196 2003 1149"/>
                                </Shape>
                            </Glyph>
                            <Glyph ID="char_214" CONTENT="t" HPOS="2035" VPOS="1135" WIDTH="2" HEIGHT="60" GC="0.767">
                                <Shape>
                                    <Polygon POINTS="2035 1135 2037 1195 2037 1195 2035 1135"/>
                                </Shape>
                            </Glyph>
                        </String>
                        <SP ID="segment_65" HPOS="2066"  VPOS="1130" WIDTH="2"  HEIGHT="65"/>
                        <String ID="segment_66" CONTENT="refuser," HPOS="2085" VPOS="1117" WIDTH="215" HEIGHT="90" WC="0.9324">
                            <Shape>
                                <Polygon POINTS="2085 1132 2087 1194 2300 1205 2298 1117"/>
                            </Shape>
                            <Glyph ID="char_216" CONTENT="r" HPOS="2085" VPOS="1132" WIDTH="2" HEIGHT="62" GC="0.5129">
                                <Shape>
                                    <Polygon POINTS="2085 1132 2087 1194 2087 1194 2085 1132"/>
                                </Shape>
                            </Glyph>
                            <Glyph ID="char_217" CONTENT="e" HPOS="2110" VPOS="1124" WIDTH="2" HEIGHT="70" GC="0.9967">
                                <Shape>
                                    <Polygon POINTS="2110 1124 2112 1194 2112 1194 2110 1124"/>
                                </Shape>
                            </Glyph>
                            <Glyph ID="char_218" CONTENT="f" HPOS="2154" VPOS="1121" WIDTH="2" HEIGHT="72" GC="0.9999">
                                <Shape>
                                    <Polygon POINTS="2154 1121 2156 1193 2156 1193 2154 1121"/>
                                </Shape>
                            </Glyph>
                            <Glyph ID="char_219" CONTENT="u" HPOS="2192" VPOS="1120" WIDTH="2" HEIGHT="72" GC="0.9991">
                                <Shape>
                                    <Polygon POINTS="2192 1120 2194 1192 2194 1192 2192 1120"/>
                                </Shape>
                            </Glyph>
                            <Glyph ID="char_220" CONTENT="s" HPOS="2223" VPOS="1119" WIDTH="2" HEIGHT="72" GC="0.9529">
                                <Shape>
                                    <Polygon POINTS="2223 1119 2225 1191 2225 1191 2223 1119"/>
                                </Shape>
                            </Glyph>
                            <Glyph ID="char_221" CONTENT="e" HPOS="2248" VPOS="1119" WIDTH="2" HEIGHT="78" GC="0.9991">
                                <Shape>
                                    <Polygon POINTS="2248 1119 2250 1197 2250 1197 2248 1119"/>
                                </Shape>
                            </Glyph>
                            <Glyph ID="char_222" CONTENT="r" HPOS="2279" VPOS="1118" WIDTH="2" HEIGHT="87" GC="0.9991">
                                <Shape>
                                    <Polygon POINTS="2279 1118 2281 1205 2281 1205 2279 1118"/>
                                </Shape>
                            </Glyph>
                            <Glyph ID="char_223" CONTENT="," HPOS="2292" VPOS="1117" WIDTH="8" HEIGHT="90" GC="0.9998">
                                <Shape>
                                    <Polygon POINTS="2292 1117 2294 1207 2300 1205 2298 1117"/>
                                </Shape>
                            </Glyph>
                        </String>
                    </TextLine>

                    <TextLine ID="23227453-8923-4029-9e8f-8973b779442d" HPOS="619.0" VPOS="1237.0" WIDTH="1696.0" HEIGHT="157.0" BASELINE="621.0 1358.0 1402.0 1337.0 2315.0 1295.0" TAGREFS="LINE_TYPE_1">
                        <Shape>
                            <Polygon POINTS="621.0 1358.0 621.0 1375.0 651.0 1394.0 653.0 1394.0 655.0 1394.0 657.0 1394.0 659.0 1394.0 701.0 1375.0 745.0 1383.0 747.0 1383.0 749.0 1383.0 795.0 1369.0 866.0 1385.0 868.0 1385.0 954.0 1383.0 956.0 1383.0 1029.0 1360.0 1103.0 1369.0 1105.0 1369.0 1199.0 1354.0 1226.0 1369.0 1228.0 1369.0 1230.0 1369.0 1360.0 1350.0 1390.0 1362.0 1392.0 1362.0 1394.0 1362.0 1530.0 1352.0 1557.0 1360.0 1559.0 1360.0 1561.0 1360.0 1607.0 1358.0 1609.0 1358.0 1611.0 1358.0 1611.0 1356.0 1628.0 1343.0 1835.0 1350.0 1838.0 1350.0 1840.0 1350.0 1896.0 1329.0 2315.0 1310.0 2315.0 1295.0 2309.0 1258.0 2231.0 1268.0 2173.0 1237.0 2170.0 1237.0 2168.0 1237.0 2108.0 1239.0 2106.0 1239.0 2026.0 1276.0 1917.0 1281.0 1890.0 1270.0 1888.0 1270.0 1886.0 1270.0 1884.0 1270.0 1882.0 1270.0 1867.0 1285.0 1771.0 1287.0 1727.0 1256.0 1725.0 1256.0 1722.0 1256.0 1666.0 1256.0 1664.0 1256.0 1662.0 1256.0 1660.0 1256.0 1597.0 1295.0 1570.0 1295.0 1511.0 1262.0 1509.0 1262.0 1507.0 1262.0 1505.0 1262.0 1503.0 1262.0 1467.0 1285.0 1440.0 1266.0 1438.0 1266.0 1436.0 1266.0 1392.0 1266.0 1390.0 1266.0 1387.0 1266.0 1385.0 1266.0 1339.0 1304.0 1279.0 1306.0 1172.0 1274.0 1170.0 1274.0 1168.0 1274.0 1134.0 1276.0 1132.0 1276.0 1130.0 1276.0 1086.0 1312.0 1067.0 1304.0 1065.0 1304.0 1063.0 1304.0 1061.0 1304.0 1059.0 1304.0 1044.0 1314.0 939.0 1310.0 893.0 1285.0 891.0 1285.0 889.0 1285.0 797.0 1289.0 795.0 1289.0 713.0 1329.0 619.0 1329.0 621.0 1358.0"/>
                        </Shape>
                        <String ID="segment_67" CONTENT="à" HPOS="656" VPOS="1329" WIDTH="24" HEIGHT="65" WC="0.9997">
                            <Shape>
                                <Polygon POINTS="656 1329 658 1394 680 1385 678 1329"/>
                            </Shape>
                            <Glyph ID="char_224" CONTENT="a" HPOS="656" VPOS="1329" WIDTH="2" HEIGHT="65" GC="0.9999">
                                <Shape>
                                    <Polygon POINTS="656 1329 658 1394 658 1394 656 1329"/>
                                </Shape>
                            </Glyph>
                            <Glyph ID="char_225" CONTENT="̀" HPOS="678" VPOS="1329" WIDTH="2" HEIGHT="56" GC="0.9996">
                                <Shape>
                                    <Polygon POINTS="678 1329 680 1385 680 1385 678 1329"/>
                                </Shape>
                            </Glyph>
                        </String>
                        <SP ID="segment_68" HPOS="736"  VPOS="1314" WIDTH="9"  HEIGHT="69"/>
                        <String ID="segment_69" CONTENT="l&#39;hospice" HPOS="764" VPOS="1287" WIDTH="326" HEIGHT="97" WC="0.9932">
                            <Shape>
                                <Polygon POINTS="764 1304 766 1378 1090 1367 1089 1310"/>
                            </Shape>
                            <Glyph ID="char_227" CONTENT="l" HPOS="764" VPOS="1304" WIDTH="2" HEIGHT="74" GC="1.0">
                                <Shape>
                                    <Polygon POINTS="764 1304 766 1378 766 1378 764 1304"/>
                                </Shape>
                            </Glyph>
                            <Glyph ID="char_228" CONTENT="&#39;" HPOS="814" VPOS="1288" WIDTH="10" HEIGHT="87" GC="1.0">
                                <Shape>
                                    <Polygon POINTS="814 1288 816 1374 824 1375 821 1288"/>
                                </Shape>
                            </Glyph>
                            <Glyph ID="char_229" CONTENT="h" HPOS="836" VPOS="1287" WIDTH="3" HEIGHT="92" GC="1.0">
                                <Shape>
                                    <Polygon POINTS="836 1287 839 1379 839 1379 836 1287"/>
                                </Shape>
                            </Glyph>
                            <Glyph ID="char_230" CONTENT="o" HPOS="901" VPOS="1289" WIDTH="3" HEIGHT="95" GC="1.0">
                                <Shape>
                                    <Polygon POINTS="901 1289 904 1384 904 1384 901 1289"/>
                                </Shape>
                            </Glyph>
                            <Glyph ID="char_231" CONTENT="s" HPOS="931" VPOS="1305" WIDTH="2" HEIGHT="78" GC="0.9997">
                                <Shape>
                                    <Polygon POINTS="931 1305 933 1383 933 1383 931 1305"/>
                                </Shape>
                            </Glyph>
                            <Glyph ID="char_232" CONTENT="p" HPOS="967" VPOS="1311" WIDTH="2" HEIGHT="68" GC="0.9684">
                                <Shape>
                                    <Polygon POINTS="967 1311 969 1379 969 1379 967 1311"/>
                                </Shape>
                            </Glyph>
                            <Glyph ID="char_233" CONTENT="i" HPOS="1010" VPOS="1313" WIDTH="1" HEIGHT="53" GC="0.9999">
                                <Shape>
                                    <Polygon POINTS="1010 1313 1011 1366 1011 1366 1010 1313"/>
                                </Shape>
                            </Glyph>
                            <Glyph ID="char_234" CONTENT="c" HPOS="1053" VPOS="1308" WIDTH="1" HEIGHT="55" GC="0.9705">
                                <Shape>
                                    <Polygon POINTS="1053 1308 1054 1363 1054 1363 1053 1308"/>
                                </Shape>
                            </Glyph>
                            <Glyph ID="char_235" CONTENT="e" HPOS="1089" VPOS="1310" WIDTH="1" HEIGHT="57" GC="1.0">
                                <Shape>
                                    <Polygon POINTS="1089 1310 1090 1367 1090 1367 1089 1310"/>
                                </Shape>
                            </Glyph>
                        </String>
                        <SP ID="segment_70" HPOS="1153"  VPOS="1274" WIDTH="10"  HEIGHT="87"/>
                        <String ID="segment_71" CONTENT="de" HPOS="1182" VPOS="1277" WIDTH="53" HEIGHT="91" WC="1.0">
                            <Shape>
                                <Polygon POINTS="1182 1277 1184 1356 1235 1368 1233 1292"/>
                            </Shape>
                            <Glyph ID="char_237" CONTENT="d" HPOS="1182" VPOS="1277" WIDTH="2" HEIGHT="79" GC="1.0">
                                <Shape>
                                    <Polygon POINTS="1182 1277 1184 1356 1184 1356 1182 1277"/>
                                </Shape>
                            </Glyph>
                            <Glyph ID="char_238" CONTENT="e" HPOS="1233" VPOS="1292" WIDTH="2" HEIGHT="76" GC="0.9999">
                                <Shape>
                                    <Polygon POINTS="1233 1292 1235 1368 1235 1368 1233 1292"/>
                                </Shape>
                            </Glyph>
                        </String>
                        <SP ID="segment_72" HPOS="1299"  VPOS="1305" WIDTH="8"  HEIGHT="54"/>
                        <String ID="segment_73" CONTENT="Senlis," HPOS="1320" VPOS="1262" WIDTH="284" HEIGHT="100" WC="1.0">
                            <Shape>
                                <Polygon POINTS="1320 1305 1321 1356 1604 1358 1601 1293"/>
                            </Shape>
                            <Glyph ID="char_240" CONTENT="S" HPOS="1320" VPOS="1305" WIDTH="1" HEIGHT="51" GC="1.0">
                                <Shape>
                                    <Polygon POINTS="1320 1305 1321 1356 1321 1356 1320 1305"/>
                                </Shape>
                            </Glyph>
                            <Glyph ID="char_241" CONTENT="e" HPOS="1392" VPOS="1266" WIDTH="2" HEIGHT="96" GC="1.0">
                                <Shape>
                                    <Polygon POINTS="1392 1266 1394 1362 1394 1362 1392 1266"/>
                                </Shape>
                            </Glyph>
                            <Glyph ID="char_242" CONTENT="n" HPOS="1441" VPOS="1266" WIDTH="4" HEIGHT="92" GC="1.0">
                                <Shape>
                                    <Polygon POINTS="1441 1266 1445 1358 1445 1358 1441 1266"/>
                                </Shape>
                            </Glyph>
                            <Glyph ID="char_243" CONTENT="l" HPOS="1477" VPOS="1279" WIDTH="4" HEIGHT="77" GC="1.0">
                                <Shape>
                                    <Polygon POINTS="1477 1279 1481 1356 1481 1356 1477 1279"/>
                                </Shape>
                            </Glyph>
                            <Glyph ID="char_244" CONTENT="i" HPOS="1505" VPOS="1262" WIDTH="5" HEIGHT="92" GC="1.0">
                                <Shape>
                                    <Polygon POINTS="1505 1262 1510 1354 1510 1354 1505 1262"/>
                                </Shape>
                            </Glyph>
                            <Glyph ID="char_245" CONTENT="s" HPOS="1535" VPOS="1275" WIDTH="4" HEIGHT="80" GC="1.0">
                                <Shape>
                                    <Polygon POINTS="1535 1275 1539 1355 1539 1355 1535 1275"/>
                                </Shape>
                            </Glyph>
                            <Glyph ID="char_246" CONTENT="," HPOS="1601" VPOS="1293" WIDTH="3" HEIGHT="65" GC="0.9999">
                                <Shape>
                                    <Polygon POINTS="1601 1293 1604 1358 1604 1358 1601 1293"/>
                                </Shape>
                            </Glyph>
                        </String>
                        <SP ID="segment_74" HPOS="1622"  VPOS="1271" WIDTH="17"  HEIGHT="74"/>
                        <String ID="segment_75" CONTENT="le" HPOS="1643" VPOS="1256" WIDTH="54" HEIGHT="89" WC="0.9845">
                            <Shape>
                                <Polygon POINTS="1643 1267 1646 1344 1697 1345 1693 1256"/>
                            </Shape>
                            <Glyph ID="char_248" CONTENT="l" HPOS="1643" VPOS="1267" WIDTH="3" HEIGHT="77" GC="0.9999">
                                <Shape>
                                    <Polygon POINTS="1643 1267 1646 1344 1646 1344 1643 1267"/>
                                </Shape>
                            </Glyph>
                            <Glyph ID="char_249" CONTENT="e" HPOS="1693" VPOS="1256" WIDTH="4" HEIGHT="89" GC="0.969">
                                <Shape>
                                    <Polygon POINTS="1693 1256 1697 1345 1697 1345 1693 1256"/>
                                </Shape>
                            </Glyph>
                        </String>
                        <SP ID="segment_76" HPOS="1729"  VPOS="1258" WIDTH="12"  HEIGHT="89"/>
                        <String ID="segment_77" CONTENT="payement" HPOS="1752" VPOS="1269" WIDTH="292" HEIGHT="80" WC="0.9749">
                            <Shape>
                                <Polygon POINTS="1752 1274 1756 1347 2044 1322 2041 1269"/>
                            </Shape>
                            <Glyph ID="char_251" CONTENT="p" HPOS="1752" VPOS="1274" WIDTH="4" HEIGHT="73" GC="1.0">
                                <Shape>
                                    <Polygon POINTS="1752 1274 1756 1347 1756 1347 1752 1274"/>
                                </Shape>
                            </Glyph>
                            <Glyph ID="char_252" CONTENT="a" HPOS="1796" VPOS="1286" WIDTH="3" HEIGHT="63" GC="1.0">
                                <Shape>
                                    <Polygon POINTS="1796 1286 1799 1349 1799 1349 1796 1286"/>
                                </Shape>
                            </Glyph>
                            <Glyph ID="char_253" CONTENT="y" HPOS="1854" VPOS="1285" WIDTH="3" HEIGHT="59" GC="1.0">
                                <Shape>
                                    <Polygon POINTS="1854 1285 1857 1344 1857 1344 1854 1285"/>
                                </Shape>
                            </Glyph>
                            <Glyph ID="char_254" CONTENT="e" HPOS="1889" VPOS="1270" WIDTH="3" HEIGHT="61" GC="0.9978">
                                <Shape>
                                    <Polygon POINTS="1889 1270 1892 1331 1892 1331 1889 1270"/>
                                </Shape>
                            </Glyph>
                            <Glyph ID="char_255" CONTENT="m" HPOS="1933" VPOS="1280" WIDTH="2" HEIGHT="47" GC="0.9999">
                                <Shape>
                                    <Polygon POINTS="1933 1280 1935 1327 1935 1327 1933 1280"/>
                                </Shape>
                            </Glyph>
                            <Glyph ID="char_256" CONTENT="e" HPOS="1984" VPOS="1278" WIDTH="2" HEIGHT="47" GC="0.999">
                                <Shape>
                                    <Polygon POINTS="1984 1278 1986 1325 1986 1325 1984 1278"/>
                                </Shape>
                            </Glyph>
                            <Glyph ID="char_257" CONTENT="n" HPOS="2013" VPOS="1277" WIDTH="2" HEIGHT="47" GC="0.9884">
                                <Shape>
                                    <Polygon POINTS="2013 1277 2015 1324 2015 1324 2013 1277"/>
                                </Shape>
                            </Glyph>
                            <Glyph ID="char_258" CONTENT="t" HPOS="2041" VPOS="1269" WIDTH="3" HEIGHT="53" GC="0.8138">
                                <Shape>
                                    <Polygon POINTS="2041 1269 2044 1322 2044 1322 2041 1269"/>
                                </Shape>
                            </Glyph>
                        </String>
                        <SP ID="segment_78" HPOS="2112"  VPOS="1239" WIDTH="11"  HEIGHT="80"/>
                        <String ID="segment_79" CONTENT="du" HPOS="2141" VPOS="1238" WIDTH="69" HEIGHT="80" WC="0.999">
                            <Shape>
                                <Polygon POINTS="2141 1238 2145 1318 2210 1315 2207 1255"/>
                            </Shape>
                            <Glyph ID="char_260" CONTENT="d" HPOS="2141" VPOS="1238" WIDTH="4" HEIGHT="80" GC="0.9986">
                                <Shape>
                                    <Polygon POINTS="2141 1238 2145 1318 2145 1318 2141 1238"/>
                                </Shape>
                            </Glyph>
                            <Glyph ID="char_261" CONTENT="u" HPOS="2207" VPOS="1255" WIDTH="3" HEIGHT="60" GC="0.9994">
                                <Shape>
                                    <Polygon POINTS="2207 1255 2210 1315 2210 1315 2207 1255"/>
                                </Shape>
                            </Glyph>
                        </String>
                    </TextLine>

                    <TextLine ID="c5b0bd79-f160-4ace-afbe-03876b7e4fcc" HPOS="617.0" VPOS="1379.0" WIDTH="1702.0" HEIGHT="132.0" BASELINE="619.0 1479.0 1588.0 1461.0 2319.0 1423.0" TAGREFS="LINE_TYPE_1">
                        <Shape>
                            <Polygon POINTS="619.0 1479.0 619.0 1511.0 789.0 1498.0 965.0 1503.0 967.0 1503.0 1092.0 1484.0 1212.0 1496.0 1214.0 1496.0 1216.0 1496.0 1245.0 1482.0 1281.0 1494.0 1283.0 1494.0 1285.0 1494.0 1287.0 1494.0 1289.0 1494.0 1310.0 1482.0 1762.0 1482.0 1762.0 1479.0 1980.0 1456.0 1999.0 1465.0 2001.0 1465.0 2003.0 1465.0 2149.0 1452.0 2231.0 1465.0 2233.0 1465.0 2235.0 1465.0 2237.0 1465.0 2263.0 1446.0 2319.0 1444.0 2319.0 1423.0 2315.0 1396.0 2160.0 1385.0 2158.0 1385.0 2156.0 1385.0 2154.0 1385.0 2126.0 1404.0 2036.0 1379.0 2034.0 1379.0 2032.0 1379.0 2030.0 1379.0 2028.0 1379.0 1992.0 1410.0 1938.0 1410.0 1888.0 1383.0 1886.0 1383.0 1884.0 1383.0 1882.0 1383.0 1879.0 1383.0 1869.0 1394.0 1852.0 1385.0 1850.0 1385.0 1848.0 1385.0 1846.0 1385.0 1844.0 1385.0 1804.0 1417.0 1611.0 1421.0 1574.0 1398.0 1572.0 1398.0 1570.0 1398.0 1567.0 1398.0 1565.0 1398.0 1513.0 1423.0 1473.0 1402.0 1471.0 1402.0 1410.0 1398.0 1408.0 1398.0 1323.0 1402.0 1320.0 1402.0 1318.0 1402.0 1270.0 1433.0 1172.0 1433.0 1132.0 1408.0 1130.0 1408.0 1128.0 1408.0 1073.0 1408.0 1071.0 1408.0 1069.0 1408.0 1006.0 1438.0 950.0 1429.0 948.0 1429.0 870.0 1444.0 776.0 1419.0 774.0 1419.0 772.0 1419.0 770.0 1419.0 728.0 1440.0 688.0 1421.0 686.0 1421.0 684.0 1421.0 617.0 1429.0 619.0 1479.0"/>
                        </Shape>
                        <String ID="segment_80" CONTENT="traitement" HPOS="645" VPOS="1420" WIDTH="374" HEIGHT="89" WC="0.9997">
                            <Shape>
                                <Polygon POINTS="645 1426 647 1509 1019 1495 1018 1432"/>
                            </Shape>
                            <Glyph ID="char_262" CONTENT="t" HPOS="645" VPOS="1426" WIDTH="2" HEIGHT="83" GC="0.9994">
                                <Shape>
                                    <Polygon POINTS="645 1426 647 1509 647 1509 645 1426"/>
                                </Shape>
                            </Glyph>
                            <Glyph ID="char_263" CONTENT="r" HPOS="685" VPOS="1421" WIDTH="2" HEIGHT="85" GC="1.0">
                                <Shape>
                                    <Polygon POINTS="685 1421 687 1506 687 1506 685 1421"/>
                                </Shape>
                            </Glyph>
                            <Glyph ID="char_264" CONTENT="a" HPOS="718" VPOS="1435" WIDTH="1" HEIGHT="68" GC="1.0">
                                <Shape>
                                    <Polygon POINTS="718 1435 719 1503 719 1503 718 1435"/>
                                </Shape>
                            </Glyph>
                            <Glyph ID="char_265" CONTENT="i" HPOS="752" VPOS="1428" WIDTH="1" HEIGHT="73" GC="1.0">
                                <Shape>
                                    <Polygon POINTS="752 1428 753 1501 753 1501 752 1428"/>
                                </Shape>
                            </Glyph>
                            <Glyph ID="char_266" CONTENT="t" HPOS="778" VPOS="1420" WIDTH="1" HEIGHT="79" GC="0.9999">
                                <Shape>
                                    <Polygon POINTS="778 1420 779 1499 779 1499 778 1420"/>
                                </Shape>
                            </Glyph>
                            <Glyph ID="char_267" CONTENT="e" HPOS="805" VPOS="1427" WIDTH="1" HEIGHT="71" GC="0.9998">
                                <Shape>
                                    <Polygon POINTS="805 1427 806 1498 806 1498 805 1427"/>
                                </Shape>
                            </Glyph>
                            <Glyph ID="char_268" CONTENT="m" HPOS="872" VPOS="1444" WIDTH="1" HEIGHT="56" GC="0.9982">
                                <Shape>
                                    <Polygon POINTS="872 1444 873 1500 873 1500 872 1444"/>
                                </Shape>
                            </Glyph>
                            <Glyph ID="char_269" CONTENT="e" HPOS="938" VPOS="1431" WIDTH="1" HEIGHT="71" GC="0.9997">
                                <Shape>
                                    <Polygon POINTS="938 1431 939 1502 939 1502 938 1431"/>
                                </Shape>
                            </Glyph>
                            <Glyph ID="char_270" CONTENT="n" HPOS="992" VPOS="1436" WIDTH="1" HEIGHT="63" GC="0.9999">
                                <Shape>
                                    <Polygon POINTS="992 1436 993 1499 993 1499 992 1436"/>
                                </Shape>
                            </Glyph>
                            <Glyph ID="char_271" CONTENT="t" HPOS="1018" VPOS="1432" WIDTH="1" HEIGHT="63" GC="0.9999">
                                <Shape>
                                    <Polygon POINTS="1018 1432 1019 1495 1019 1495 1018 1432"/>
                                </Shape>
                            </Glyph>
                        </String>
                        <SP ID="segment_81" HPOS="1099"  VPOS="1408" WIDTH="7"  HEIGHT="77"/>
                        <String ID="segment_82" CONTENT="d&#39;un" HPOS="1119" VPOS="1408" WIDTH="87" HEIGHT="87" WC="1.0">
                            <Shape>
                                <Polygon POINTS="1119 1408 1120 1487 1206 1495 1205 1433"/>
                            </Shape>
                            <Glyph ID="char_273" CONTENT="d" HPOS="1119" VPOS="1408" WIDTH="1" HEIGHT="79" GC="1.0">
                                <Shape>
                                    <Polygon POINTS="1119 1408 1120 1487 1120 1487 1119 1408"/>
                                </Shape>
                            </Glyph>
                            <Glyph ID="char_274" CONTENT="&#39;" HPOS="1145" VPOS="1416" WIDTH="8" HEIGHT="74" GC="1.0">
                                <Shape>
                                    <Polygon POINTS="1145 1416 1146 1489 1153 1490 1152 1421"/>
                                </Shape>
                            </Glyph>
                            <Glyph ID="char_275" CONTENT="u" HPOS="1165" VPOS="1429" WIDTH="8" HEIGHT="63" GC="1.0">
                                <Shape>
                                    <Polygon POINTS="1165 1429 1166 1491 1173 1492 1172 1433"/>
                                </Shape>
                            </Glyph>
                            <Glyph ID="char_276" CONTENT="n" HPOS="1205" VPOS="1433" WIDTH="1" HEIGHT="62" GC="1.0">
                                <Shape>
                                    <Polygon POINTS="1205 1433 1206 1495 1206 1495 1205 1433"/>
                                </Shape>
                            </Glyph>
                        </String>
                        <SP ID="segment_83" HPOS="1265"  VPOS="1427" WIDTH="15"  HEIGHT="67"/>
                        <String ID="segment_84" CONTENT="Particulier" HPOS="1292" VPOS="1399" WIDTH="369" HEIGHT="93" WC="0.9516">
                            <Shape>
                                <Polygon POINTS="1292 1419 1293 1492 1661 1482 1658 1420"/>
                            </Shape>
                            <Glyph ID="char_278" CONTENT="P" HPOS="1292" VPOS="1419" WIDTH="1" HEIGHT="73" GC="1.0">
                                <Shape>
                                    <Polygon POINTS="1292 1419 1293 1492 1293 1492 1292 1419"/>
                                </Shape>
                            </Glyph>
                            <Glyph ID="char_279" CONTENT="a" HPOS="1339" VPOS="1401" WIDTH="1" HEIGHT="81" GC="1.0">
                                <Shape>
                                    <Polygon POINTS="1339 1401 1340 1482 1340 1482 1339 1401"/>
                                </Shape>
                            </Glyph>
                            <Glyph ID="char_280" CONTENT="r" HPOS="1386" VPOS="1399" WIDTH="1" HEIGHT="83" GC="0.9825">
                                <Shape>
                                    <Polygon POINTS="1386 1399 1387 1482 1387 1482 1386 1399"/>
                                </Shape>
                            </Glyph>
                            <Glyph ID="char_281" CONTENT="t" HPOS="1419" VPOS="1399" WIDTH="1" HEIGHT="83" GC="0.9622">
                                <Shape>
                                    <Polygon POINTS="1419 1399 1420 1482 1420 1482 1419 1399"/>
                                </Shape>
                            </Glyph>
                            <Glyph ID="char_282" CONTENT="i" HPOS="1446" VPOS="1400" WIDTH="1" HEIGHT="82" GC="0.9997">
                                <Shape>
                                    <Polygon POINTS="1446 1400 1447 1482 1447 1482 1446 1400"/>
                                </Shape>
                            </Glyph>
                            <Glyph ID="char_283" CONTENT="c" HPOS="1479" VPOS="1405" WIDTH="1" HEIGHT="77" GC="0.9991">
                                <Shape>
                                    <Polygon POINTS="1479 1405 1480 1482 1480 1482 1479 1405"/>
                                </Shape>
                            </Glyph>
                            <Glyph ID="char_284" CONTENT="u" HPOS="1512" VPOS="1423" WIDTH="1" HEIGHT="59" GC="1.0">
                                <Shape>
                                    <Polygon POINTS="1512 1423 1513 1482 1513 1482 1512 1423"/>
                                </Shape>
                            </Glyph>
                            <Glyph ID="char_285" CONTENT="l" HPOS="1552" VPOS="1404" WIDTH="1" HEIGHT="78" GC="0.9898">
                                <Shape>
                                    <Polygon POINTS="1552 1404 1553 1482 1553 1482 1552 1404"/>
                                </Shape>
                            </Glyph>
                            <Glyph ID="char_286" CONTENT="i" HPOS="1586" VPOS="1405" WIDTH="1" HEIGHT="77" GC="0.5365">
                                <Shape>
                                    <Polygon POINTS="1586 1405 1587 1482 1587 1482 1586 1405"/>
                                </Shape>
                            </Glyph>
                            <Glyph ID="char_287" CONTENT="e" HPOS="1625" VPOS="1421" WIDTH="3" HEIGHT="61" GC="0.998">
                                <Shape>
                                    <Polygon POINTS="1625 1421 1628 1482 1628 1482 1625 1421"/>
                                </Shape>
                            </Glyph>
                            <Glyph ID="char_288" CONTENT="r" HPOS="1658" VPOS="1420" WIDTH="3" HEIGHT="62" GC="0.9999">
                                <Shape>
                                    <Polygon POINTS="1658 1420 1661 1482 1661 1482 1658 1420"/>
                                </Shape>
                            </Glyph>
                        </String>
                        <SP ID="segment_85" HPOS="1712"  VPOS="1419" WIDTH="9"  HEIGHT="63"/>
                        <String ID="segment_86" CONTENT="qu&#39;ils" HPOS="1738" VPOS="1391" WIDTH="169" HEIGHT="91" WC="0.9974">
                            <Shape>
                                <Polygon POINTS="1738 1418 1741 1482 1907 1464 1904 1391"/>
                            </Shape>
                            <Glyph ID="char_290" CONTENT="q" HPOS="1738" VPOS="1418" WIDTH="3" HEIGHT="64" GC="1.0">
                                <Shape>
                                    <Polygon POINTS="1738 1418 1741 1482 1741 1482 1738 1418"/>
                                </Shape>
                            </Glyph>
                            <Glyph ID="char_291" CONTENT="u" HPOS="1785" VPOS="1417" WIDTH="3" HEIGHT="59" GC="0.9996">
                                <Shape>
                                    <Polygon POINTS="1785 1417 1788 1476 1788 1476 1785 1417"/>
                                </Shape>
                            </Glyph>
                            <Glyph ID="char_292" CONTENT="&#39;" HPOS="1824" VPOS="1396" WIDTH="11" HEIGHT="76" GC="1.0">
                                <Shape>
                                    <Polygon POINTS="1824 1401 1828 1472 1835 1471 1831 1396"/>
                                </Shape>
                            </Glyph>
                            <Glyph ID="char_293" CONTENT="i" HPOS="1837" VPOS="1391" WIDTH="4" HEIGHT="80" GC="1.0">
                                <Shape>
                                    <Polygon POINTS="1837 1391 1841 1471 1841 1471 1837 1391"/>
                                </Shape>
                            </Glyph>
                            <Glyph ID="char_294" CONTENT="l" HPOS="1871" VPOS="1392" WIDTH="4" HEIGHT="75" GC="0.9852">
                                <Shape>
                                    <Polygon POINTS="1871 1392 1875 1467 1875 1467 1871 1392"/>
                                </Shape>
                            </Glyph>
                            <Glyph ID="char_295" CONTENT="s" HPOS="1904" VPOS="1391" WIDTH="3" HEIGHT="73" GC="0.9997">
                                <Shape>
                                    <Polygon POINTS="1904 1391 1907 1464 1907 1464 1904 1391"/>
                                </Shape>
                            </Glyph>
                        </String>
                        <SP ID="segment_87" HPOS="1959"  VPOS="1410" WIDTH="8"  HEIGHT="48"/>
                        <String ID="segment_88" CONTENT="n&#39;ont" HPOS="1985" VPOS="1379" WIDTH="122" HEIGHT="84" WC="0.9122">
                            <Shape>
                                <Polygon POINTS="1985 1410 1987 1459 2107 1456 2104 1398"/>
                            </Shape>
                            <Glyph ID="char_297" CONTENT="n" HPOS="1985" VPOS="1410" WIDTH="2" HEIGHT="49" GC="0.6368">
                                <Shape>
                                    <Polygon POINTS="1985 1410 1987 1459 1987 1459 1985 1410"/>
                                </Shape>
                            </Glyph>
                            <Glyph ID="char_298" CONTENT="&#39;" HPOS="2023" VPOS="1379" WIDTH="11" HEIGHT="84" GC="0.9311">
                                <Shape>
                                    <Polygon POINTS="2023 1383 2028 1463 2034 1462 2030 1379"/>
                                </Shape>
                            </Glyph>
                            <Glyph ID="char_299" CONTENT="o" HPOS="2050" VPOS="1383" WIDTH="4" HEIGHT="77" GC="0.9946">
                                <Shape>
                                    <Polygon POINTS="2050 1383 2054 1460 2054 1460 2050 1383"/>
                                </Shape>
                            </Glyph>
                            <Glyph ID="char_300" CONTENT="n" HPOS="2084" VPOS="1392" WIDTH="3" HEIGHT="65" GC="0.9992">
                                <Shape>
                                    <Polygon POINTS="2084 1392 2087 1457 2087 1457 2084 1392"/>
                                </Shape>
                            </Glyph>
                            <Glyph ID="char_301" CONTENT="t" HPOS="2104" VPOS="1398" WIDTH="3" HEIGHT="58" GC="0.9993">
                                <Shape>
                                    <Polygon POINTS="2104 1398 2107 1456 2107 1456 2104 1398"/>
                                </Shape>
                            </Glyph>
                        </String>
                        <SP ID="segment_89" HPOS="2144"  VPOS="1387" WIDTH="10"  HEIGHT="66"/>
                        <String ID="segment_90" CONTENT="reçu" HPOS="2164" VPOS="1385" WIDTH="97" HEIGHT="80" WC="0.9967">
                            <Shape>
                                <Polygon POINTS="2164 1385 2167 1455 2261 1447 2258 1392"/>
                            </Shape>
                            <Glyph ID="char_303" CONTENT="r" HPOS="2164" VPOS="1385" WIDTH="3" HEIGHT="70" GC="0.9854">
                                <Shape>
                                    <Polygon POINTS="2164 1385 2167 1455 2167 1455 2164 1385"/>
                                </Shape>
                            </Glyph>
                            <Glyph ID="char_304" CONTENT="e" HPOS="2198" VPOS="1388" WIDTH="4" HEIGHT="72" GC="0.9994">
                                <Shape>
                                    <Polygon POINTS="2198 1388 2202 1460 2202 1460 2198 1388"/>
                                </Shape>
                            </Glyph>
                            <Glyph ID="char_305" CONTENT="c" HPOS="2231" VPOS="1390" WIDTH="4" HEIGHT="75" GC="1.0">
                                <Shape>
                                    <Polygon POINTS="2231 1390 2235 1465 2235 1465 2231 1390"/>
                                </Shape>
                            </Glyph>
                            <Glyph ID="char_306" CONTENT="̧" HPOS="2238" VPOS="1391" WIDTH="4" HEIGHT="71" GC="0.9997">
                                <Shape>
                                    <Polygon POINTS="2238 1391 2242 1462 2242 1462 2238 1391"/>
                                </Shape>
                            </Glyph>
                            <Glyph ID="char_307" CONTENT="u" HPOS="2258" VPOS="1392" WIDTH="3" HEIGHT="55" GC="0.9992">
                                <Shape>
                                    <Polygon POINTS="2258 1392 2261 1447 2261 1447 2258 1392"/>
                                </Shape>
                            </Glyph>
                        </String>
                    </TextLine>

                    <TextLine ID="241080d8-6043-44d6-b480-009b3ed026c9" HPOS="632.0" VPOS="1496.0" WIDTH="1672.0" HEIGHT="149.0" BASELINE="634.0 1611.0 1632.0 1582.0 2304.0 1546.0" TAGREFS="LINE_TYPE_1">
                        <Shape>
                            <Polygon POINTS="634.0 1611.0 634.0 1645.0 835.0 1632.0 837.0 1632.0 866.0 1618.0 1019.0 1626.0 1021.0 1626.0 1151.0 1609.0 1189.0 1624.0 1191.0 1624.0 1193.0 1624.0 1262.0 1611.0 1413.0 1616.0 1415.0 1616.0 1417.0 1616.0 1471.0 1597.0 1530.0 1613.0 1532.0 1613.0 1534.0 1613.0 1634.0 1590.0 1886.0 1601.0 1888.0 1601.0 2030.0 1578.0 2139.0 1582.0 2141.0 1582.0 2304.0 1563.0 2304.0 1546.0 2302.0 1509.0 2271.0 1496.0 2269.0 1496.0 2267.0 1496.0 2265.0 1496.0 2263.0 1496.0 2233.0 1517.0 2030.0 1528.0 1944.0 1505.0 1942.0 1505.0 1940.0 1505.0 1938.0 1505.0 1875.0 1538.0 1817.0 1538.0 1789.0 1519.0 1787.0 1519.0 1785.0 1519.0 1783.0 1519.0 1781.0 1519.0 1779.0 1519.0 1754.0 1542.0 1714.0 1542.0 1672.0 1515.0 1670.0 1515.0 1668.0 1515.0 1666.0 1515.0 1605.0 1517.0 1603.0 1517.0 1601.0 1517.0 1567.0 1546.0 1501.0 1521.0 1498.0 1521.0 1496.0 1521.0 1494.0 1521.0 1492.0 1521.0 1457.0 1553.0 1413.0 1553.0 1367.0 1528.0 1364.0 1528.0 1314.0 1528.0 1312.0 1528.0 1310.0 1528.0 1308.0 1528.0 1253.0 1561.0 1197.0 1561.0 1157.0 1534.0 1155.0 1534.0 1153.0 1534.0 1151.0 1534.0 1084.0 1536.0 1082.0 1536.0 1044.0 1555.0 1004.0 1546.0 1002.0 1546.0 1000.0 1546.0 956.0 1563.0 931.0 1544.0 929.0 1544.0 927.0 1544.0 925.0 1544.0 923.0 1544.0 921.0 1544.0 898.0 1565.0 818.0 1574.0 787.0 1553.0 785.0 1553.0 782.0 1553.0 780.0 1553.0 778.0 1553.0 728.0 1580.0 632.0 1580.0 634.0 1611.0"/>
                        </Shape>
                        <String ID="segment_91" CONTENT="qu&#39;en" HPOS="679" VPOS="1553" WIDTH="148" HEIGHT="89" WC="0.9999">
                            <Shape>
                                <Polygon POINTS="679 1580 681 1642 827 1633 825 1573"/>
                            </Shape>
                            <Glyph ID="char_308" CONTENT="q" HPOS="679" VPOS="1580" WIDTH="2" HEIGHT="62" GC="1.0">
                                <Shape>
                                    <Polygon POINTS="679 1580 681 1642 681 1642 679 1580"/>
                                </Shape>
                            </Glyph>
                            <Glyph ID="char_309" CONTENT="u" HPOS="732" VPOS="1578" WIDTH="2" HEIGHT="61" GC="1.0">
                                <Shape>
                                    <Polygon POINTS="732 1578 734 1639 734 1639 732 1578"/>
                                </Shape>
                            </Glyph>
                            <Glyph ID="char_310" CONTENT="&#39;" HPOS="771" VPOS="1557" WIDTH="3" HEIGHT="79" GC="1.0">
                                <Shape>
                                    <Polygon POINTS="771 1557 774 1636 774 1636 771 1557"/>
                                </Shape>
                            </Glyph>
                            <Glyph ID="char_311" CONTENT="e" HPOS="784" VPOS="1553" WIDTH="3" HEIGHT="82" GC="1.0">
                                <Shape>
                                    <Polygon POINTS="784 1553 787 1635 787 1635 784 1553"/>
                                </Shape>
                            </Glyph>
                            <Glyph ID="char_312" CONTENT="n" HPOS="825" VPOS="1573" WIDTH="2" HEIGHT="60" GC="0.9995">
                                <Shape>
                                    <Polygon POINTS="825 1573 827 1633 827 1633 825 1573"/>
                                </Shape>
                            </Glyph>
                        </String>
                        <SP ID="segment_92" HPOS="864"  VPOS="1568" WIDTH="8"  HEIGHT="50"/>
                        <String ID="segment_93" CONTENT="vertu" HPOS="891" VPOS="1546" WIDTH="147" HEIGHT="79" WC="0.9995">
                            <Shape>
                                <Polygon POINTS="891 1566 892 1619 1038 1624 1035 1553"/>
                            </Shape>
                            <Glyph ID="char_314" CONTENT="v" HPOS="891" VPOS="1566" WIDTH="1" HEIGHT="53" GC="0.9982">
                                <Shape>
                                    <Polygon POINTS="891 1566 892 1619 892 1619 891 1566"/>
                                </Shape>
                            </Glyph>
                            <Glyph ID="char_315" CONTENT="e" HPOS="943" VPOS="1553" WIDTH="2" HEIGHT="69" GC="1.0">
                                <Shape>
                                    <Polygon POINTS="943 1553 945 1622 945 1622 943 1553"/>
                                </Shape>
                            </Glyph>
                            <Glyph ID="char_316" CONTENT="r" HPOS="977" VPOS="1555" WIDTH="2" HEIGHT="69" GC="0.9999">
                                <Shape>
                                    <Polygon POINTS="977 1555 979 1624 979 1624 977 1555"/>
                                </Shape>
                            </Glyph>
                            <Glyph ID="char_317" CONTENT="t" HPOS="1002" VPOS="1546" WIDTH="3" HEIGHT="79" GC="0.9994">
                                <Shape>
                                    <Polygon POINTS="1002 1546 1005 1625 1005 1625 1002 1546"/>
                                </Shape>
                            </Glyph>
                            <Glyph ID="char_318" CONTENT="u" HPOS="1029" VPOS="1552" WIDTH="9" HEIGHT="73" GC="1.0">
                                <Shape>
                                    <Polygon POINTS="1029 1552 1032 1625 1038 1624 1035 1553"/>
                                </Shape>
                            </Glyph>
                        </String>
                        <SP ID="segment_94" HPOS="1108"  VPOS="1535" WIDTH="9"  HEIGHT="79"/>
                        <String ID="segment_95" CONTENT="d&#39;un" HPOS="1128" VPOS="1535" WIDTH="95" HEIGHT="89" WC="0.9726">
                            <Shape>
                                <Polygon POINTS="1128 1535 1130 1612 1223 1618 1222 1561"/>
                            </Shape>
                            <Glyph ID="char_320" CONTENT="d" HPOS="1128" VPOS="1535" WIDTH="2" HEIGHT="77" GC="0.8912">
                                <Shape>
                                    <Polygon POINTS="1128 1535 1130 1612 1130 1612 1128 1535"/>
                                </Shape>
                            </Glyph>
                            <Glyph ID="char_321" CONTENT="&#39;" HPOS="1168" VPOS="1542" WIDTH="8" HEIGHT="77" GC="1.0">
                                <Shape>
                                    <Polygon POINTS="1168 1542 1170 1617 1176 1619 1174 1546"/>
                                </Shape>
                            </Glyph>
                            <Glyph ID="char_322" CONTENT="u" HPOS="1188" VPOS="1555" WIDTH="2" HEIGHT="69" GC="1.0">
                                <Shape>
                                    <Polygon POINTS="1188 1555 1190 1624 1190 1624 1188 1555"/>
                                </Shape>
                            </Glyph>
                            <Glyph ID="char_323" CONTENT="n" HPOS="1222" VPOS="1561" WIDTH="1" HEIGHT="57" GC="0.9992">
                                <Shape>
                                    <Polygon POINTS="1222 1561 1223 1618 1223 1618 1222 1561"/>
                                </Shape>
                            </Glyph>
                        </String>
                        <SP ID="segment_96" HPOS="1268"  VPOS="1549" WIDTH="7"  HEIGHT="62"/>
                        <String ID="segment_97" CONTENT="ordre" HPOS="1287" VPOS="1528" WIDTH="134" HEIGHT="87" WC="0.9988">
                            <Shape>
                                <Polygon POINTS="1287 1540 1289 1612 1421 1614 1420 1553"/>
                            </Shape>
                            <Glyph ID="char_325" CONTENT="o" HPOS="1287" VPOS="1540" WIDTH="2" HEIGHT="72" GC="0.9999">
                                <Shape>
                                    <Polygon POINTS="1287 1540 1289 1612 1289 1612 1287 1540"/>
                                </Shape>
                            </Glyph>
                            <Glyph ID="char_326" CONTENT="r" HPOS="1320" VPOS="1528" WIDTH="2" HEIGHT="85" GC="1.0">
                                <Shape>
                                    <Polygon POINTS="1320 1528 1322 1613 1322 1613 1320 1528"/>
                                </Shape>
                            </Glyph>
                            <Glyph ID="char_327" CONTENT="d" HPOS="1346" VPOS="1528" WIDTH="2" HEIGHT="86" GC="0.9946">
                                <Shape>
                                    <Polygon POINTS="1346 1528 1348 1614 1348 1614 1346 1528"/>
                                </Shape>
                            </Glyph>
                            <Glyph ID="char_328" CONTENT="r" HPOS="1386" VPOS="1538" WIDTH="2" HEIGHT="77" GC="1.0">
                                <Shape>
                                    <Polygon POINTS="1386 1538 1388 1615 1388 1615 1386 1538"/>
                                </Shape>
                            </Glyph>
                            <Glyph ID="char_329" CONTENT="e" HPOS="1420" VPOS="1553" WIDTH="1" HEIGHT="61" GC="0.9993">
                                <Shape>
                                    <Polygon POINTS="1420 1553 1421 1614 1421 1614 1420 1553"/>
                                </Shape>
                            </Glyph>
                        </String>
                        <SP ID="segment_98" HPOS="1478"  VPOS="1527" WIDTH="9"  HEIGHT="74"/>
                        <String ID="segment_99" CONTENT="de" HPOS="1498" VPOS="1521" WIDTH="49" HEIGHT="89" WC="0.9941">
                            <Shape>
                                <Polygon POINTS="1498 1521 1500 1605 1547 1610 1545 1538"/>
                            </Shape>
                            <Glyph ID="char_331" CONTENT="d" HPOS="1498" VPOS="1521" WIDTH="2" HEIGHT="84" GC="0.9991">
                                <Shape>
                                    <Polygon POINTS="1498 1521 1500 1605 1500 1605 1498 1521"/>
                                </Shape>
                            </Glyph>
                            <Glyph ID="char_332" CONTENT="e" HPOS="1545" VPOS="1538" WIDTH="2" HEIGHT="72" GC="0.989">
                                <Shape>
                                    <Polygon POINTS="1545 1538 1547 1610 1547 1610 1545 1538"/>
                                </Shape>
                            </Glyph>
                        </String>
                        <SP ID="segment_100" HPOS="1584"  VPOS="1526" WIDTH="9"  HEIGHT="75"/>
                        <String ID="segment_101" CONTENT="l&#39;ancien" HPOS="1604" VPOS="1515" WIDTH="241" HEIGHT="84" WC="0.993">
                            <Shape>
                                <Polygon POINTS="1604 1517 1606 1596 1845 1599 1842 1538"/>
                            </Shape>
                            <Glyph ID="char_334" CONTENT="l" HPOS="1604" VPOS="1517" WIDTH="2" HEIGHT="79" GC="0.9985">
                                <Shape>
                                    <Polygon POINTS="1604 1517 1606 1596 1606 1596 1604 1517"/>
                                </Shape>
                            </Glyph>
                            <Glyph ID="char_335" CONTENT="&#39;" HPOS="1655" VPOS="1515" WIDTH="11" HEIGHT="76" GC="1.0">
                                <Shape>
                                    <Polygon POINTS="1655 1515 1659 1591 1666 1591 1662 1515"/>
                                </Shape>
                            </Glyph>
                            <Glyph ID="char_336" CONTENT="a" HPOS="1681" VPOS="1521" WIDTH="4" HEIGHT="71" GC="0.9998">
                                <Shape>
                                    <Polygon POINTS="1681 1521 1685 1592 1685 1592 1681 1521"/>
                                </Shape>
                            </Glyph>
                            <Glyph ID="char_337" CONTENT="n" HPOS="1716" VPOS="1542" WIDTH="2" HEIGHT="52" GC="1.0">
                                <Shape>
                                    <Polygon POINTS="1716 1542 1718 1594 1718 1594 1716 1542"/>
                                </Shape>
                            </Glyph>
                            <Glyph ID="char_338" CONTENT="c" HPOS="1750" VPOS="1542" WIDTH="2" HEIGHT="53" GC="0.9459">
                                <Shape>
                                    <Polygon POINTS="1750 1542 1752 1595 1752 1595 1750 1542"/>
                                </Shape>
                            </Glyph>
                            <Glyph ID="char_339" CONTENT="i" HPOS="1775" VPOS="1523" WIDTH="4" HEIGHT="73" GC="0.9997">
                                <Shape>
                                    <Polygon POINTS="1775 1523 1779 1596 1779 1596 1775 1523"/>
                                </Shape>
                            </Glyph>
                            <Glyph ID="char_340" CONTENT="e" HPOS="1808" VPOS="1532" WIDTH="4" HEIGHT="66" GC="0.9999">
                                <Shape>
                                    <Polygon POINTS="1808 1532 1812 1598 1812 1598 1808 1532"/>
                                </Shape>
                            </Glyph>
                            <Glyph ID="char_341" CONTENT="n" HPOS="1842" VPOS="1538" WIDTH="3" HEIGHT="61" GC="0.9999">
                                <Shape>
                                    <Polygon POINTS="1842 1538 1845 1599 1845 1599 1842 1538"/>
                                </Shape>
                            </Glyph>
                        </String>
                        <SP ID="segment_102" HPOS="1881"  VPOS="1532" WIDTH="10"  HEIGHT="69"/>
                        <String ID="segment_103" CONTENT="Gouvernement" HPOS="1901" VPOS="1500" WIDTH="360" HEIGHT="98" WC="0.9926">
                            <Shape>
                                <Polygon POINTS="1901 1524 1905 1598 2261 1568 2257 1500"/>
                            </Shape>
                            <Glyph ID="char_343" CONTENT="G" HPOS="1901" VPOS="1524" WIDTH="4" HEIGHT="74" GC="1.0">
                                <Shape>
                                    <Polygon POINTS="1901 1524 1905 1598 1905 1598 1901 1524"/>
                                </Shape>
                            </Glyph>
                            <Glyph ID="char_344" CONTENT="o" HPOS="1953" VPOS="1507" WIDTH="4" HEIGHT="83" GC="0.9753">
                                <Shape>
                                    <Polygon POINTS="1953 1507 1957 1590 1957 1590 1953 1507"/>
                                </Shape>
                            </Glyph>
                            <Glyph ID="char_345" CONTENT="u" HPOS="1993" VPOS="1518" WIDTH="3" HEIGHT="65" GC="0.9998">
                                <Shape>
                                    <Polygon POINTS="1993 1518 1996 1583 1996 1583 1993 1518"/>
                                </Shape>
                            </Glyph>
                            <Glyph ID="char_346" CONTENT="v" HPOS="2020" VPOS="1525" WIDTH="3" HEIGHT="54" GC="0.9971">
                                <Shape>
                                    <Polygon POINTS="2020 1525 2023 1579 2023 1579 2020 1525"/>
                                </Shape>
                            </Glyph>
                            <Glyph ID="char_347" CONTENT="e" HPOS="2046" VPOS="1527" WIDTH="3" HEIGHT="52" GC="0.9451">
                                <Shape>
                                    <Polygon POINTS="2046 1527 2049 1579 2049 1579 2046 1527"/>
                                </Shape>
                            </Glyph>
                            <Glyph ID="char_348" CONTENT="r" HPOS="2079" VPOS="1525" WIDTH="3" HEIGHT="55" GC="0.9991">
                                <Shape>
                                    <Polygon POINTS="2079 1525 2082 1580 2082 1580 2079 1525"/>
                                </Shape>
                            </Glyph>
                            <Glyph ID="char_349" CONTENT="n" HPOS="2106" VPOS="1524" WIDTH="3" HEIGHT="57" GC="0.9999">
                                <Shape>
                                    <Polygon POINTS="2106 1524 2109 1581 2109 1581 2106 1524"/>
                                </Shape>
                            </Glyph>
                            <Glyph ID="char_350" CONTENT="e" HPOS="2132" VPOS="1522" WIDTH="3" HEIGHT="60" GC="0.9996">
                                <Shape>
                                    <Polygon POINTS="2132 1522 2135 1582 2135 1582 2132 1522"/>
                                </Shape>
                            </Glyph>
                            <Glyph ID="char_351" CONTENT="m" HPOS="2172" VPOS="1520" WIDTH="3" HEIGHT="58" GC="0.9997">
                                <Shape>
                                    <Polygon POINTS="2172 1520 2175 1578 2175 1578 2172 1520"/>
                                </Shape>
                            </Glyph>
                            <Glyph ID="char_352" CONTENT="e" HPOS="2205" VPOS="1519" WIDTH="3" HEIGHT="55" GC="0.9999">
                                <Shape>
                                    <Polygon POINTS="2205 1519 2208 1574 2208 1574 2205 1519"/>
                                </Shape>
                            </Glyph>
                            <Glyph ID="char_353" CONTENT="n" HPOS="2231" VPOS="1517" WIDTH="3" HEIGHT="54" GC="0.9958">
                                <Shape>
                                    <Polygon POINTS="2231 1517 2234 1571 2234 1571 2231 1517"/>
                                </Shape>
                            </Glyph>
                            <Glyph ID="char_354" CONTENT="t" HPOS="2257" VPOS="1500" WIDTH="4" HEIGHT="68" GC="0.9996">
                                <Shape>
                                    <Polygon POINTS="2257 1500 2261 1568 2261 1568 2257 1500"/>
                                </Shape>
                            </Glyph>
                        </String>
                    </TextLine>

                    <TextLine ID="3b26218a-8d80-4260-aeed-f49ff6fcb04b" HPOS="625.0" VPOS="1624.0" WIDTH="1671.0" HEIGHT="161.0" BASELINE="628.0 1743.0 1835.0 1708.0 2296.0 1678.0" TAGREFS="LINE_TYPE_1">
                        <Shape>
                            <Polygon POINTS="628.0 1743.0 628.0 1781.0 749.0 1785.0 751.0 1785.0 753.0 1785.0 803.0 1760.0 994.0 1756.0 996.0 1756.0 998.0 1756.0 1013.0 1743.0 1109.0 1756.0 1111.0 1756.0 1333.0 1745.0 1352.0 1758.0 1354.0 1758.0 1356.0 1758.0 1358.0 1758.0 1360.0 1758.0 1396.0 1739.0 1528.0 1745.0 1530.0 1745.0 1611.0 1735.0 1651.0 1754.0 1653.0 1754.0 1655.0 1754.0 1785.0 1750.0 1787.0 1750.0 1789.0 1750.0 1789.0 1747.0 1808.0 1731.0 1932.0 1716.0 2068.0 1720.0 2070.0 1720.0 2294.0 1699.0 2296.0 1678.0 2286.0 1624.0 2181.0 1653.0 2108.0 1628.0 2106.0 1628.0 2103.0 1628.0 2028.0 1639.0 2015.0 1630.0 2013.0 1630.0 2011.0 1630.0 2009.0 1630.0 2007.0 1630.0 2005.0 1630.0 1976.0 1653.0 1946.0 1632.0 1944.0 1632.0 1942.0 1632.0 1940.0 1632.0 1794.0 1636.0 1791.0 1636.0 1789.0 1636.0 1729.0 1674.0 1643.0 1678.0 1620.0 1668.0 1618.0 1668.0 1616.0 1668.0 1614.0 1668.0 1544.0 1685.0 1429.0 1678.0 1427.0 1678.0 1237.0 1695.0 1092.0 1678.0 1090.0 1678.0 1088.0 1678.0 1086.0 1678.0 1065.0 1697.0 1004.0 1697.0 937.0 1666.0 935.0 1666.0 933.0 1666.0 931.0 1666.0 929.0 1666.0 870.0 1703.0 747.0 1687.0 745.0 1687.0 743.0 1687.0 741.0 1687.0 720.0 1703.0 695.0 1693.0 692.0 1693.0 690.0 1693.0 688.0 1693.0 625.0 1712.0 628.0 1743.0"/>
                        </Shape>
                        <String ID="segment_104" CONTENT="et" HPOS="650" VPOS="1693" WIDTH="41" HEIGHT="90" WC="0.9985">
                            <Shape>
                                <Polygon POINTS="650 1704 652 1782 691 1783 689 1693"/>
                            </Shape>
                            <Glyph ID="char_355" CONTENT="e" HPOS="650" VPOS="1704" WIDTH="2" HEIGHT="78" GC="0.997">
                                <Shape>
                                    <Polygon POINTS="650 1704 652 1782 652 1782 650 1704"/>
                                </Shape>
                            </Glyph>
                            <Glyph ID="char_356" CONTENT="t" HPOS="689" VPOS="1693" WIDTH="2" HEIGHT="90" GC="1.0">
                                <Shape>
                                    <Polygon POINTS="689 1693 691 1783 691 1783 689 1693"/>
                                </Shape>
                            </Glyph>
                        </String>
                        <SP ID="segment_105" HPOS="721"  VPOS="1696" WIDTH="10"  HEIGHT="88"/>
                        <String ID="segment_106" CONTENT="que" HPOS="751" VPOS="1688" WIDTH="73" HEIGHT="96" WC="1.0">
                            <Shape>
                                <Polygon POINTS="751 1688 754 1784 824 1760 822 1697"/>
                            </Shape>
                            <Glyph ID="char_358" CONTENT="q" HPOS="751" VPOS="1688" WIDTH="3" HEIGHT="96" GC="1.0">
                                <Shape>
                                    <Polygon POINTS="751 1688 754 1784 754 1784 751 1688"/>
                                </Shape>
                            </Glyph>
                            <Glyph ID="char_359" CONTENT="u" HPOS="791" VPOS="1693" WIDTH="2" HEIGHT="72" GC="1.0">
                                <Shape>
                                    <Polygon POINTS="791 1693 793 1765 793 1765 791 1693"/>
                                </Shape>
                            </Glyph>
                            <Glyph ID="char_360" CONTENT="e" HPOS="822" VPOS="1697" WIDTH="2" HEIGHT="63" GC="1.0">
                                <Shape>
                                    <Polygon POINTS="822 1697 824 1760 824 1760 822 1697"/>
                                </Shape>
                            </Glyph>
                        </String>
                        <SP ID="segment_107" HPOS="869"  VPOS="1699" WIDTH="10"  HEIGHT="60"/>
                        <String ID="segment_108" CONTENT="son" HPOS="892" VPOS="1666" WIDTH="88" HEIGHT="92" WC="0.9947">
                            <Shape>
                                <Polygon POINTS="892 1689 894 1758 980 1756 977 1685"/>
                            </Shape>
                            <Glyph ID="char_362" CONTENT="s" HPOS="892" VPOS="1689" WIDTH="2" HEIGHT="69" GC="1.0">
                                <Shape>
                                    <Polygon POINTS="892 1689 894 1758 894 1758 892 1689"/>
                                </Shape>
                            </Glyph>
                            <Glyph ID="char_363" CONTENT="o" HPOS="931" VPOS="1666" WIDTH="3" HEIGHT="91" GC="0.9841">
                                <Shape>
                                    <Polygon POINTS="931 1666 934 1757 934 1757 931 1666"/>
                                </Shape>
                            </Glyph>
                            <Glyph ID="char_364" CONTENT="n" HPOS="977" VPOS="1685" WIDTH="3" HEIGHT="71" GC="1.0">
                                <Shape>
                                    <Polygon POINTS="977 1685 980 1756 980 1756 977 1685"/>
                                </Shape>
                            </Glyph>
                        </String>
                        <SP ID="segment_109" HPOS="1017"  VPOS="1697" WIDTH="9"  HEIGHT="48"/>
                        <String ID="segment_110" CONTENT="état" HPOS="1041" VPOS="1680" WIDTH="103" HEIGHT="76" WC="0.9996">
                            <Shape>
                                <Polygon POINTS="1041 1697 1042 1747 1144 1754 1141 1684"/>
                            </Shape>
                            <Glyph ID="char_366" CONTENT="e" HPOS="1041" VPOS="1697" WIDTH="1" HEIGHT="50" GC="0.9991">
                                <Shape>
                                    <Polygon POINTS="1041 1697 1042 1747 1042 1747 1041 1697"/>
                                </Shape>
                            </Glyph>
                            <Glyph ID="char_367" CONTENT="́" HPOS="1049" VPOS="1697" WIDTH="8" HEIGHT="52" GC="0.999">
                                <Shape>
                                    <Polygon POINTS="1049 1697 1050 1748 1057 1749 1056 1697"/>
                                </Shape>
                            </Glyph>
                            <Glyph ID="char_368" CONTENT="t" HPOS="1079" VPOS="1684" WIDTH="2" HEIGHT="68" GC="1.0">
                                <Shape>
                                    <Polygon POINTS="1079 1684 1081 1752 1081 1752 1079 1684"/>
                                </Shape>
                            </Glyph>
                            <Glyph ID="char_369" CONTENT="a" HPOS="1110" VPOS="1680" WIDTH="3" HEIGHT="76" GC="0.9999">
                                <Shape>
                                    <Polygon POINTS="1110 1680 1113 1756 1113 1756 1110 1680"/>
                                </Shape>
                            </Glyph>
                            <Glyph ID="char_370" CONTENT="t" HPOS="1141" VPOS="1684" WIDTH="3" HEIGHT="70" GC="1.0">
                                <Shape>
                                    <Polygon POINTS="1141 1684 1144 1754 1144 1754 1141 1684"/>
                                </Shape>
                            </Glyph>
                        </String>
                        <SP ID="segment_111" HPOS="1228"  VPOS="1694" WIDTH="9"  HEIGHT="56"/>
                        <String ID="segment_112" CONTENT="ne" HPOS="1252" VPOS="1689" WIDTH="48" HEIGHT="60" WC="0.9999">
                            <Shape>
                                <Polygon POINTS="1252 1694 1253 1749 1300 1747 1299 1689"/>
                            </Shape>
                            <Glyph ID="char_372" CONTENT="n" HPOS="1252" VPOS="1694" WIDTH="1" HEIGHT="55" GC="1.0">
                                <Shape>
                                    <Polygon POINTS="1252 1694 1253 1749 1253 1749 1252 1694"/>
                                </Shape>
                            </Glyph>
                            <Glyph ID="char_373" CONTENT="e" HPOS="1299" VPOS="1689" WIDTH="1" HEIGHT="58" GC="0.9998">
                                <Shape>
                                    <Polygon POINTS="1299 1689 1300 1747 1300 1747 1299 1689"/>
                                </Shape>
                            </Glyph>
                        </String>
                        <SP ID="segment_113" HPOS="1345"  VPOS="1685" WIDTH="10"  HEIGHT="73"/>
                        <String ID="segment_114" CONTENT="permettoit" HPOS="1369" VPOS="1669" WIDTH="314" HEIGHT="85" WC="0.9926">
                            <Shape>
                                <Polygon POINTS="1369 1683 1371 1752 1683 1753 1681 1676"/>
                            </Shape>
                            <Glyph ID="char_375" CONTENT="p" HPOS="1369" VPOS="1683" WIDTH="2" HEIGHT="69" GC="1.0">
                                <Shape>
                                    <Polygon POINTS="1369 1683 1371 1752 1371 1752 1369 1683"/>
                                </Shape>
                            </Glyph>
                            <Glyph ID="char_376" CONTENT="e" HPOS="1422" VPOS="1678" WIDTH="2" HEIGHT="62" GC="0.9987">
                                <Shape>
                                    <Polygon POINTS="1422 1678 1424 1740 1424 1740 1422 1678"/>
                                </Shape>
                            </Glyph>
                            <Glyph ID="char_377" CONTENT="r" HPOS="1463" VPOS="1680" WIDTH="1" HEIGHT="62" GC="0.9998">
                                <Shape>
                                    <Polygon POINTS="1463 1680 1464 1742 1464 1742 1463 1680"/>
                                </Shape>
                            </Glyph>
                            <Glyph ID="char_378" CONTENT="m" HPOS="1502" VPOS="1682" WIDTH="1" HEIGHT="62" GC="0.9955">
                                <Shape>
                                    <Polygon POINTS="1502 1682 1503 1744 1503 1744 1502 1682"/>
                                </Shape>
                            </Glyph>
                            <Glyph ID="char_379" CONTENT="e" HPOS="1548" VPOS="1684" WIDTH="1" HEIGHT="59" GC="0.9412">
                                <Shape>
                                    <Polygon POINTS="1548 1684 1549 1743 1549 1743 1548 1684"/>
                                </Shape>
                            </Glyph>
                            <Glyph ID="char_380" CONTENT="t" HPOS="1586" VPOS="1675" WIDTH="2" HEIGHT="63" GC="0.9989">
                                <Shape>
                                    <Polygon POINTS="1586 1675 1588 1738 1588 1738 1586 1675"/>
                                </Shape>
                            </Glyph>
                            <Glyph ID="char_381" CONTENT="t" HPOS="1610" VPOS="1669" WIDTH="2" HEIGHT="67" GC="0.9925">
                                <Shape>
                                    <Polygon POINTS="1610 1669 1612 1736 1612 1736 1610 1669"/>
                                </Shape>
                            </Glyph>
                            <Glyph ID="char_382" CONTENT="o" HPOS="1633" VPOS="1674" WIDTH="3" HEIGHT="73" GC="1.0">
                                <Shape>
                                    <Polygon POINTS="1633 1674 1636 1747 1636 1747 1633 1674"/>
                                </Shape>
                            </Glyph>
                            <Glyph ID="char_383" CONTENT="i" HPOS="1658" VPOS="1677" WIDTH="10" HEIGHT="77" GC="1.0">
                                <Shape>
                                    <Polygon POINTS="1658 1677 1660 1754 1668 1754 1666 1677"/>
                                </Shape>
                            </Glyph>
                            <Glyph ID="char_384" CONTENT="t" HPOS="1681" VPOS="1676" WIDTH="2" HEIGHT="77" GC="0.9992">
                                <Shape>
                                    <Polygon POINTS="1681 1676 1683 1753 1683 1753 1681 1676"/>
                                </Shape>
                            </Glyph>
                        </String>
                        <SP ID="segment_115" HPOS="1743"  VPOS="1665" WIDTH="3"  HEIGHT="86"/>
                        <String ID="segment_116" CONTENT="pas" HPOS="1766" VPOS="1635" WIDTH="89" HEIGHT="116" WC="0.9972">
                            <Shape>
                                <Polygon POINTS="1766 1651 1769 1751 1855 1725 1849 1635"/>
                            </Shape>
                            <Glyph ID="char_386" CONTENT="p" HPOS="1766" VPOS="1651" WIDTH="3" HEIGHT="100" GC="1.0">
                                <Shape>
                                    <Polygon POINTS="1766 1651 1769 1751 1769 1751 1766 1651"/>
                                </Shape>
                            </Glyph>
                            <Glyph ID="char_387" CONTENT="a" HPOS="1820" VPOS="1635" WIDTH="3" HEIGHT="94" GC="0.9951">
                                <Shape>
                                    <Polygon POINTS="1820 1635 1823 1729 1823 1729 1820 1635"/>
                                </Shape>
                            </Glyph>
                            <Glyph ID="char_388" CONTENT="s" HPOS="1849" VPOS="1635" WIDTH="6" HEIGHT="90" GC="0.9964">
                                <Shape>
                                    <Polygon POINTS="1849 1635 1855 1725 1855 1725 1849 1635"/>
                                </Shape>
                            </Glyph>
                        </String>
                        <SP ID="segment_117" HPOS="1888"  VPOS="1633" WIDTH="13"  HEIGHT="88"/>
                        <String ID="segment_118" CONTENT="d&#39;abandonner" HPOS="1911" VPOS="1629" WIDTH="357" HEIGHT="91" WC="0.9469">
                            <Shape>
                                <Polygon POINTS="1911 1633 1916 1718 2268 1701 2263 1630"/>
                            </Shape>
                            <Glyph ID="char_390" CONTENT="d" HPOS="1911" VPOS="1633" WIDTH="5" HEIGHT="85" GC="0.9958">
                                <Shape>
                                    <Polygon POINTS="1911 1633 1916 1718 1916 1718 1911 1633"/>
                                </Shape>
                            </Glyph>
                            <Glyph ID="char_391" CONTENT="&#39;" HPOS="1935" VPOS="1632" WIDTH="13" HEIGHT="84" GC="0.998">
                                <Shape>
                                    <Polygon POINTS="1935 1632 1940 1716 1948 1716 1943 1632"/>
                                </Shape>
                            </Glyph>
                            <Glyph ID="char_392" CONTENT="a" HPOS="1958" VPOS="1641" WIDTH="5" HEIGHT="76" GC="0.6435">
                                <Shape>
                                    <Polygon POINTS="1958 1641 1963 1717 1963 1717 1958 1641"/>
                                </Shape>
                            </Glyph>
                            <Glyph ID="char_393" CONTENT="b" HPOS="1990" VPOS="1642" WIDTH="4" HEIGHT="76" GC="0.9993">
                                <Shape>
                                    <Polygon POINTS="1990 1642 1994 1718 1994 1718 1990 1642"/>
                                </Shape>
                            </Glyph>
                            <Glyph ID="char_394" CONTENT="a" HPOS="2029" VPOS="1639" WIDTH="6" HEIGHT="80" GC="0.9968">
                                <Shape>
                                    <Polygon POINTS="2029 1639 2035 1719 2035 1719 2029 1639"/>
                                </Shape>
                            </Glyph>
                            <Glyph ID="char_395" CONTENT="n" HPOS="2060" VPOS="1634" WIDTH="6" HEIGHT="86" GC="0.9996">
                                <Shape>
                                    <Polygon POINTS="2060 1634 2066 1720 2066 1720 2060 1634"/>
                                </Shape>
                            </Glyph>
                            <Glyph ID="char_396" CONTENT="d" HPOS="2099" VPOS="1629" WIDTH="6" HEIGHT="88" GC="0.9847">
                                <Shape>
                                    <Polygon POINTS="2099 1629 2105 1717 2105 1717 2099 1629"/>
                                </Shape>
                            </Glyph>
                            <Glyph ID="char_397" CONTENT="o" HPOS="2130" VPOS="1636" WIDTH="6" HEIGHT="78" GC="0.9999">
                                <Shape>
                                    <Polygon POINTS="2130 1636 2136 1714 2136 1714 2130 1636"/>
                                </Shape>
                            </Glyph>
                            <Glyph ID="char_398" CONTENT="n" HPOS="2170" VPOS="1649" WIDTH="4" HEIGHT="61" GC="0.9987">
                                <Shape>
                                    <Polygon POINTS="2170 1649 2174 1710 2174 1710 2170 1649"/>
                                </Shape>
                            </Glyph>
                            <Glyph ID="char_399" CONTENT="n" HPOS="2201" VPOS="1647" WIDTH="4" HEIGHT="60" GC="0.9997">
                                <Shape>
                                    <Polygon POINTS="2201 1647 2205 1707 2205 1707 2201 1647"/>
                                </Shape>
                            </Glyph>
                            <Glyph ID="char_400" CONTENT="e" HPOS="2233" VPOS="1639" WIDTH="4" HEIGHT="65" GC="0.8234">
                                <Shape>
                                    <Polygon POINTS="2233 1639 2237 1704 2237 1704 2233 1639"/>
                                </Shape>
                            </Glyph>
                            <Glyph ID="char_401" CONTENT="r" HPOS="2263" VPOS="1630" WIDTH="5" HEIGHT="71" GC="0.9241">
                                <Shape>
                                    <Polygon POINTS="2263 1630 2268 1701 2268 1701 2263 1630"/>
                                </Shape>
                            </Glyph>
                        </String>
                    </TextLine>

                    <TextLine ID="3676290d-0fc7-4002-9e25-57e7df91412b" HPOS="636.0" VPOS="1787.0" WIDTH="1231.0" HEIGHT="117.0" BASELINE="638.0 1873.0 1867.0 1840.0" TAGREFS="LINE_TYPE_1">
                        <Shape>
                            <Polygon POINTS="638.0 1873.0 638.0 1894.0 648.0 1904.0 651.0 1904.0 653.0 1904.0 655.0 1904.0 743.0 1888.0 872.0 1902.0 875.0 1902.0 877.0 1902.0 879.0 1902.0 879.0 1900.0 895.0 1886.0 1107.0 1881.0 1143.0 1896.0 1145.0 1896.0 1147.0 1896.0 1270.0 1881.0 1402.0 1898.0 1404.0 1898.0 1406.0 1898.0 1490.0 1871.0 1513.0 1892.0 1513.0 1894.0 1515.0 1894.0 1517.0 1894.0 1519.0 1896.0 1557.0 1896.0 1557.0 1894.0 1620.0 1892.0 1622.0 1892.0 1624.0 1892.0 1624.0 1890.0 1651.0 1863.0 1867.0 1852.0 1867.0 1840.0 1865.0 1810.0 1838.0 1789.0 1835.0 1789.0 1833.0 1789.0 1831.0 1789.0 1829.0 1789.0 1754.0 1812.0 1725.0 1800.0 1722.0 1800.0 1720.0 1800.0 1626.0 1808.0 1574.0 1787.0 1572.0 1787.0 1570.0 1787.0 1526.0 1789.0 1524.0 1789.0 1461.0 1821.0 1431.0 1808.0 1429.0 1808.0 1427.0 1808.0 1304.0 1825.0 1274.0 1800.0 1272.0 1800.0 1270.0 1800.0 1268.0 1800.0 1266.0 1800.0 1264.0 1800.0 1216.0 1829.0 1184.0 1829.0 1149.0 1802.0 1147.0 1802.0 1145.0 1802.0 1143.0 1802.0 1140.0 1802.0 1138.0 1802.0 1138.0 1804.0 1111.0 1831.0 986.0 1833.0 948.0 1804.0 946.0 1804.0 944.0 1804.0 942.0 1804.0 885.0 1806.0 883.0 1806.0 881.0 1806.0 881.0 1808.0 858.0 1831.0 835.0 1810.0 835.0 1808.0 833.0 1808.0 831.0 1808.0 789.0 1808.0 787.0 1808.0 755.0 1810.0 753.0 1810.0 751.0 1810.0 751.0 1812.0 722.0 1842.0 636.0 1844.0 638.0 1873.0"/>
                        </Shape>
                        <String ID="segment_119" CONTENT="a" HPOS="666" VPOS="1843" WIDTH="2" HEIGHT="59" WC="1.0">
                            <Shape>
                                <Polygon POINTS="666 1843 668 1902 668 1902 666 1843"/>
                            </Shape>
                            <Glyph ID="char_402" CONTENT="a" HPOS="666" VPOS="1843" WIDTH="2" HEIGHT="59" GC="1.0">
                                <Shape>
                                    <Polygon POINTS="666 1843 668 1902 668 1902 666 1843"/>
                                </Shape>
                            </Glyph>
                        </String>
                        <SP ID="segment_120" HPOS="740"  VPOS="1824" WIDTH="1"  HEIGHT="64"/>
                        <String ID="segment_121" CONTENT="la" HPOS="753" VPOS="1808" WIDTH="40" HEIGHT="85" WC="1.0">
                            <Shape>
                                <Polygon POINTS="753 1810 755 1889 793 1893 790 1808"/>
                            </Shape>
                            <Glyph ID="char_404" CONTENT="l" HPOS="753" VPOS="1810" WIDTH="2" HEIGHT="79" GC="1.0">
                                <Shape>
                                    <Polygon POINTS="753 1810 755 1889 755 1889 753 1810"/>
                                </Shape>
                            </Glyph>
                            <Glyph ID="char_405" CONTENT="a" HPOS="790" VPOS="1808" WIDTH="3" HEIGHT="85" GC="1.0">
                                <Shape>
                                    <Polygon POINTS="790 1808 793 1893 793 1893 790 1808"/>
                                </Shape>
                            </Glyph>
                        </String>
                        <SP ID="segment_122" HPOS="850"  VPOS="1823" WIDTH="9"  HEIGHT="78"/>
                        <String ID="segment_123" CONTENT="Commisération" HPOS="872" VPOS="1802" WIDTH="456" HEIGHT="100" WC="0.9941">
                            <Shape>
                                <Polygon POINTS="872 1817 874 1902 1328 1888 1326 1822"/>
                            </Shape>
                            <Glyph ID="char_407" CONTENT="C" HPOS="872" VPOS="1817" WIDTH="2" HEIGHT="85" GC="1.0">
                                <Shape>
                                    <Polygon POINTS="872 1817 874 1902 874 1902 872 1817"/>
                                </Shape>
                            </Glyph>
                            <Glyph ID="char_408" CONTENT="o" HPOS="907" VPOS="1805" WIDTH="2" HEIGHT="81" GC="1.0">
                                <Shape>
                                    <Polygon POINTS="907 1805 909 1886 909 1886 907 1805"/>
                                </Shape>
                            </Glyph>
                            <Glyph ID="char_409" CONTENT="m" HPOS="951" VPOS="1807" WIDTH="2" HEIGHT="78" GC="1.0">
                                <Shape>
                                    <Polygon POINTS="951 1807 953 1885 953 1885 951 1807"/>
                                </Shape>
                            </Glyph>
                            <Glyph ID="char_410" CONTENT="m" HPOS="1018" VPOS="1832" WIDTH="1" HEIGHT="51" GC="1.0">
                                <Shape>
                                    <Polygon POINTS="1018 1832 1019 1883 1019 1883 1018 1832"/>
                                </Shape>
                            </Glyph>
                            <Glyph ID="char_411" CONTENT="i" HPOS="1062" VPOS="1832" WIDTH="1" HEIGHT="50" GC="1.0">
                                <Shape>
                                    <Polygon POINTS="1062 1832 1063 1882 1063 1882 1062 1832"/>
                                </Shape>
                            </Glyph>
                            <Glyph ID="char_412" CONTENT="s" HPOS="1092" VPOS="1831" WIDTH="1" HEIGHT="50" GC="1.0">
                                <Shape>
                                    <Polygon POINTS="1092 1831 1093 1881 1093 1881 1092 1831"/>
                                </Shape>
                            </Glyph>
                            <Glyph ID="char_413" CONTENT="e" HPOS="1128" VPOS="1814" WIDTH="2" HEIGHT="76" GC="0.9912">
                                <Shape>
                                    <Polygon POINTS="1128 1814 1130 1890 1130 1890 1128 1814"/>
                                </Shape>
                            </Glyph>
                            <Glyph ID="char_414" CONTENT="́" HPOS="1135" VPOS="1802" WIDTH="10" HEIGHT="94" GC="1.0">
                                <Shape>
                                    <Polygon POINTS="1135 1807 1138 1894 1145 1896 1142 1802"/>
                                </Shape>
                            </Glyph>
                            <Glyph ID="char_415" CONTENT="r" HPOS="1165" VPOS="1814" WIDTH="2" HEIGHT="80" GC="1.0">
                                <Shape>
                                    <Polygon POINTS="1165 1814 1167 1894 1167 1894 1165 1814"/>
                                </Shape>
                            </Glyph>
                            <Glyph ID="char_416" CONTENT="a" HPOS="1194" VPOS="1829" WIDTH="2" HEIGHT="61" GC="0.9998">
                                <Shape>
                                    <Polygon POINTS="1194 1829 1196 1890 1196 1890 1194 1829"/>
                                </Shape>
                            </Glyph>
                            <Glyph ID="char_417" CONTENT="t" HPOS="1238" VPOS="1816" WIDTH="2" HEIGHT="69" GC="0.9267">
                                <Shape>
                                    <Polygon POINTS="1238 1816 1240 1885 1240 1885 1238 1816"/>
                                </Shape>
                            </Glyph>
                            <Glyph ID="char_418" CONTENT="i" HPOS="1259" VPOS="1803" WIDTH="2" HEIGHT="79" GC="1.0">
                                <Shape>
                                    <Polygon POINTS="1259 1803 1261 1882 1261 1882 1259 1803"/>
                                </Shape>
                            </Glyph>
                            <Glyph ID="char_419" CONTENT="o" HPOS="1281" VPOS="1806" WIDTH="2" HEIGHT="77" GC="1.0">
                                <Shape>
                                    <Polygon POINTS="1281 1806 1283 1883 1283 1883 1281 1806"/>
                                </Shape>
                            </Glyph>
                            <Glyph ID="char_420" CONTENT="n" HPOS="1326" VPOS="1822" WIDTH="2" HEIGHT="66" GC="1.0">
                                <Shape>
                                    <Polygon POINTS="1326 1822 1328 1888 1328 1888 1326 1822"/>
                                </Shape>
                            </Glyph>
                        </String>
                        <SP ID="segment_124" HPOS="1400"  VPOS="1811" WIDTH="9"  HEIGHT="87"/>
                        <String ID="segment_125" CONTENT="publique." HPOS="1422" VPOS="1787" WIDTH="419" HEIGHT="109" WC="0.9557">
                            <Shape>
                                <Polygon POINTS="1422 1809 1424 1892 1841 1853 1839 1790"/>
                            </Shape>
                            <Glyph ID="char_422" CONTENT="p" HPOS="1422" VPOS="1809" WIDTH="2" HEIGHT="83" GC="1.0">
                                <Shape>
                                    <Polygon POINTS="1422 1809 1424 1892 1424 1892 1422 1809"/>
                                </Shape>
                            </Glyph>
                            <Glyph ID="char_423" CONTENT="u" HPOS="1480" VPOS="1812" WIDTH="1" HEIGHT="62" GC="0.6675">
                                <Shape>
                                    <Polygon POINTS="1480 1812 1481 1874 1481 1874 1480 1812"/>
                                </Shape>
                            </Glyph>
                            <Glyph ID="char_424" CONTENT="b" HPOS="1516" VPOS="1793" WIDTH="3" HEIGHT="103" GC="0.9994">
                                <Shape>
                                    <Polygon POINTS="1516 1793 1519 1896 1519 1896 1516 1793"/>
                                </Shape>
                            </Glyph>
                            <Glyph ID="char_425" CONTENT="l" HPOS="1560" VPOS="1787" WIDTH="3" HEIGHT="107" GC="0.9999">
                                <Shape>
                                    <Polygon POINTS="1560 1787 1563 1894 1563 1894 1560 1787"/>
                                </Shape>
                            </Glyph>
                            <Glyph ID="char_426" CONTENT="i" HPOS="1575" VPOS="1787" WIDTH="10" HEIGHT="106" GC="1.0">
                                <Shape>
                                    <Polygon POINTS="1575 1787 1578 1893 1585 1893 1582 1790"/>
                                </Shape>
                            </Glyph>
                            <Glyph ID="char_427" CONTENT="q" HPOS="1620" VPOS="1805" WIDTH="2" HEIGHT="87" GC="1.0">
                                <Shape>
                                    <Polygon POINTS="1620 1805 1622 1892 1622 1892 1620 1805"/>
                                </Shape>
                            </Glyph>
                            <Glyph ID="char_428" CONTENT="u" HPOS="1671" VPOS="1804" WIDTH="1" HEIGHT="58" GC="0.9379">
                                <Shape>
                                    <Polygon POINTS="1671 1804 1672 1862 1672 1862 1671 1804"/>
                                </Shape>
                            </Glyph>
                            <Glyph ID="char_429" CONTENT="e" HPOS="1707" VPOS="1801" WIDTH="2" HEIGHT="59" GC="0.9999">
                                <Shape>
                                    <Polygon POINTS="1707 1801 1709 1860 1709 1860 1707 1801"/>
                                </Shape>
                            </Glyph>
                            <Glyph ID="char_430" CONTENT="." HPOS="1839" VPOS="1790" WIDTH="2" HEIGHT="63" GC="0.9965">
                                <Shape>
                                    <Polygon POINTS="1839 1790 1841 1853 1841 1853 1839 1790"/>
                                </Shape>
                            </Glyph>
                        </String>
                    </TextLine>

                    <TextLine ID="a946ed90-a290-4b4f-9488-eec60cdbedf8" HPOS="822.0" VPOS="1917.0" WIDTH="1487.0" HEIGHT="132.0" BASELINE="824.0 2026.0 1293.0 2015.0 2309.0 1963.0" TAGREFS="LINE_TYPE_1">
                        <Shape>
                            <Polygon POINTS="824.0 2026.0 824.0 2045.0 1006.0 2038.0 1027.0 2049.0 1029.0 2049.0 1032.0 2049.0 1034.0 2049.0 1057.0 2036.0 1069.0 2047.0 1071.0 2047.0 1073.0 2047.0 1076.0 2047.0 1078.0 2047.0 1109.0 2034.0 1159.0 2049.0 1161.0 2049.0 1163.0 2049.0 1166.0 2049.0 1186.0 2038.0 1274.0 2049.0 1277.0 2049.0 1279.0 2049.0 1364.0 2022.0 1404.0 2034.0 1406.0 2034.0 1408.0 2034.0 1501.0 2017.0 1591.0 2034.0 1593.0 2034.0 1595.0 2034.0 1649.0 2017.0 1764.0 2026.0 1766.0 2026.0 1909.0 1997.0 1978.0 2009.0 1980.0 2009.0 2187.0 1992.0 2204.0 2005.0 2206.0 2005.0 2208.0 2005.0 2210.0 2005.0 2212.0 2005.0 2214.0 2005.0 2214.0 2003.0 2237.0 1982.0 2309.0 1978.0 2309.0 1963.0 2304.0 1917.0 2166.0 1942.0 1995.0 1923.0 1992.0 1923.0 1877.0 1930.0 1875.0 1930.0 1873.0 1930.0 1873.0 1932.0 1848.0 1955.0 1766.0 1961.0 1559.0 1961.0 1557.0 1961.0 1364.0 1980.0 1337.0 1967.0 1335.0 1967.0 1333.0 1967.0 1224.0 1986.0 1105.0 1967.0 1103.0 1967.0 1013.0 1988.0 1000.0 1978.0 998.0 1978.0 996.0 1978.0 868.0 1976.0 866.0 1976.0 864.0 1976.0 822.0 1997.0 824.0 2026.0"/>
                        </Shape>
                        <String ID="segment_126" CONTENT="on" HPOS="848" VPOS="1976" WIDTH="44" HEIGHT="68" WC="0.9999">
                            <Shape>
                                <Polygon POINTS="848 1984 849 2044 892 2042 891 1976"/>
                            </Shape>
                            <Glyph ID="char_431" CONTENT="o" HPOS="848" VPOS="1984" WIDTH="1" HEIGHT="60" GC="0.9998">
                                <Shape>
                                    <Polygon POINTS="848 1984 849 2044 849 2044 848 1984"/>
                                </Shape>
                            </Glyph>
                            <Glyph ID="char_432" CONTENT="n" HPOS="891" VPOS="1976" WIDTH="1" HEIGHT="66" GC="1.0">
                                <Shape>
                                    <Polygon POINTS="891 1976 892 2042 892 2042 891 1976"/>
                                </Shape>
                            </Glyph>
                        </String>
                        <SP ID="segment_127" HPOS="947"  VPOS="1977" WIDTH="7"  HEIGHT="63"/>
                        <String ID="segment_128" CONTENT="nevoit" HPOS="972" VPOS="1970" WIDTH="212" HEIGHT="79" WC="0.9091">
                            <Shape>
                                <Polygon POINTS="972 1978 973 2039 1184 2039 1183 1979"/>
                            </Shape>
                            <Glyph ID="char_434" CONTENT="n" HPOS="972" VPOS="1978" WIDTH="1" HEIGHT="61" GC="0.9996">
                                <Shape>
                                    <Polygon POINTS="972 1978 973 2039 973 2039 972 1978"/>
                                </Shape>
                            </Glyph>
                            <Glyph ID="char_435" CONTENT="e" HPOS="1028" VPOS="1984" WIDTH="2" HEIGHT="65" GC="0.5305">
                                <Shape>
                                    <Polygon POINTS="1028 1984 1030 2049 1030 2049 1028 1984"/>
                                </Shape>
                            </Glyph>
                            <Glyph ID="char_436" CONTENT="v" HPOS="1090" VPOS="1970" WIDTH="1" HEIGHT="71" GC="1.0">
                                <Shape>
                                    <Polygon POINTS="1090 1970 1091 2041 1091 2041 1090 1970"/>
                                </Shape>
                            </Glyph>
                            <Glyph ID="char_437" CONTENT="o" HPOS="1133" VPOS="1971" WIDTH="1" HEIGHT="71" GC="1.0">
                                <Shape>
                                    <Polygon POINTS="1133 1971 1134 2042 1134 2042 1133 1971"/>
                                </Shape>
                            </Glyph>
                            <Glyph ID="char_438" CONTENT="i" HPOS="1158" VPOS="1975" WIDTH="2" HEIGHT="74" GC="0.9999">
                                <Shape>
                                    <Polygon POINTS="1158 1975 1160 2049 1160 2049 1158 1975"/>
                                </Shape>
                            </Glyph>
                            <Glyph ID="char_439" CONTENT="t" HPOS="1183" VPOS="1979" WIDTH="1" HEIGHT="60" GC="0.9246">
                                <Shape>
                                    <Polygon POINTS="1183 1979 1184 2039 1184 2039 1183 1979"/>
                                </Shape>
                            </Glyph>
                        </String>
                        <SP ID="segment_129" HPOS="1251"  VPOS="1980" WIDTH="8"  HEIGHT="67"/>
                        <String ID="segment_130" CONTENT="qu&#39;un" HPOS="1276" VPOS="1968" WIDTH="175" HEIGHT="81" WC="1.0">
                            <Shape>
                                <Polygon POINTS="1276 1977 1278 2049 1451 2026 1448 1972"/>
                            </Shape>
                            <Glyph ID="char_441" CONTENT="q" HPOS="1276" VPOS="1977" WIDTH="2" HEIGHT="72" GC="1.0">
                                <Shape>
                                    <Polygon POINTS="1276 1977 1278 2049 1278 2049 1276 1977"/>
                                </Shape>
                            </Glyph>
                            <Glyph ID="char_442" CONTENT="u" HPOS="1329" VPOS="1968" WIDTH="4" HEIGHT="64" GC="1.0">
                                <Shape>
                                    <Polygon POINTS="1329 1968 1333 2032 1333 2032 1329 1968"/>
                                </Shape>
                            </Glyph>
                            <Glyph ID="char_443" CONTENT="&#39;" HPOS="1380" VPOS="1978" WIDTH="3" HEIGHT="50" GC="1.0">
                                <Shape>
                                    <Polygon POINTS="1380 1978 1383 2028 1383 2028 1380 1978"/>
                                </Shape>
                            </Glyph>
                            <Glyph ID="char_444" CONTENT="u" HPOS="1405" VPOS="1976" WIDTH="3" HEIGHT="58" GC="1.0">
                                <Shape>
                                    <Polygon POINTS="1405 1976 1408 2034 1408 2034 1405 1976"/>
                                </Shape>
                            </Glyph>
                            <Glyph ID="char_445" CONTENT="n" HPOS="1448" VPOS="1972" WIDTH="3" HEIGHT="54" GC="0.9999">
                                <Shape>
                                    <Polygon POINTS="1448 1972 1451 2026 1451 2026 1448 1972"/>
                                </Shape>
                            </Glyph>
                        </String>
                        <SP ID="segment_131" HPOS="1498"  VPOS="1966" WIDTH="8"  HEIGHT="52"/>
                        <String ID="segment_132" CONTENT="moyen" HPOS="1535" VPOS="1961" WIDTH="164" HEIGHT="71" WC="0.9999">
                            <Shape>
                                <Polygon POINTS="1535 1963 1538 2024 1699 2021 1696 1961"/>
                            </Shape>
                            <Glyph ID="char_447" CONTENT="m" HPOS="1535" VPOS="1963" WIDTH="3" HEIGHT="61" GC="1.0">
                                <Shape>
                                    <Polygon POINTS="1535 1963 1538 2024 1538 2024 1535 1963"/>
                                </Shape>
                            </Glyph>
                            <Glyph ID="char_448" CONTENT="o" HPOS="1577" VPOS="1961" WIDTH="4" HEIGHT="71" GC="0.9997">
                                <Shape>
                                    <Polygon POINTS="1577 1961 1581 2032 1581 2032 1577 1961"/>
                                </Shape>
                            </Glyph>
                            <Glyph ID="char_449" CONTENT="y" HPOS="1622" VPOS="1961" WIDTH="3" HEIGHT="64" GC="1.0">
                                <Shape>
                                    <Polygon POINTS="1622 1961 1625 2025 1625 2025 1622 1961"/>
                                </Shape>
                            </Glyph>
                            <Glyph ID="char_450" CONTENT="e" HPOS="1653" VPOS="1961" WIDTH="2" HEIGHT="57" GC="1.0">
                                <Shape>
                                    <Polygon POINTS="1653 1961 1655 2018 1655 2018 1653 1961"/>
                                </Shape>
                            </Glyph>
                            <Glyph ID="char_451" CONTENT="n" HPOS="1696" VPOS="1961" WIDTH="3" HEIGHT="60" GC="1.0">
                                <Shape>
                                    <Polygon POINTS="1696 1961 1699 2021 1699 2021 1696 1961"/>
                                </Shape>
                            </Glyph>
                        </String>
                        <SP ID="segment_133" HPOS="1752"  VPOS="1961" WIDTH="9"  HEIGHT="65"/>
                        <String ID="segment_134" CONTENT="pour" HPOS="1771" VPOS="1936" WIDTH="101" HEIGHT="88" WC="0.9618">
                            <Shape>
                                <Polygon POINTS="1771 1961 1774 2024 1872 2004 1869 1936"/>
                            </Shape>
                            <Glyph ID="char_453" CONTENT="p" HPOS="1771" VPOS="1961" WIDTH="3" HEIGHT="63" GC="0.8473">
                                <Shape>
                                    <Polygon POINTS="1771 1961 1774 2024 1774 2024 1771 1961"/>
                                </Shape>
                            </Glyph>
                            <Glyph ID="char_454" CONTENT="o" HPOS="1808" VPOS="1958" WIDTH="3" HEIGHT="59" GC="1.0">
                                <Shape>
                                    <Polygon POINTS="1808 1958 1811 2017 1811 2017 1808 1958"/>
                                </Shape>
                            </Glyph>
                            <Glyph ID="char_455" CONTENT="u" HPOS="1845" VPOS="1955" WIDTH="2" HEIGHT="55" GC="1.0">
                                <Shape>
                                    <Polygon POINTS="1845 1955 1847 2010 1847 2010 1845 1955"/>
                                </Shape>
                            </Glyph>
                            <Glyph ID="char_456" CONTENT="r" HPOS="1869" VPOS="1936" WIDTH="3" HEIGHT="68" GC="0.9998">
                                <Shape>
                                    <Polygon POINTS="1869 1936 1872 2004 1872 2004 1869 1936"/>
                                </Shape>
                            </Glyph>
                        </String>
                        <SP ID="segment_135" HPOS="1911"  VPOS="1928" WIDTH="10"  HEIGHT="71"/>
                        <String ID="segment_136" CONTENT="dedommager" HPOS="1930" VPOS="1923" WIDTH="344" HEIGHT="85" WC="0.9756">
                            <Shape>
                                <Polygon POINTS="1930 1927 1934 2001 2274 1980 2271 1923"/>
                            </Shape>
                            <Glyph ID="char_458" CONTENT="d" HPOS="1930" VPOS="1927" WIDTH="4" HEIGHT="74" GC="1.0">
                                <Shape>
                                    <Polygon POINTS="1930 1927 1934 2001 1934 2001 1930 1927"/>
                                </Shape>
                            </Glyph>
                            <Glyph ID="char_459" CONTENT="e" HPOS="1967" VPOS="1925" WIDTH="4" HEIGHT="83" GC="0.9997">
                                <Shape>
                                    <Polygon POINTS="1967 1925 1971 2008 1971 2008 1967 1925"/>
                                </Shape>
                            </Glyph>
                            <Glyph ID="char_460" CONTENT="d" HPOS="2004" VPOS="1924" WIDTH="4" HEIGHT="83" GC="1.0">
                                <Shape>
                                    <Polygon POINTS="2004 1924 2008 2007 2008 2007 2004 1924"/>
                                </Shape>
                            </Glyph>
                            <Glyph ID="char_461" CONTENT="o" HPOS="2041" VPOS="1928" WIDTH="4" HEIGHT="76" GC="0.9922">
                                <Shape>
                                    <Polygon POINTS="2041 1928 2045 2004 2045 2004 2041 1928"/>
                                </Shape>
                            </Glyph>
                            <Glyph ID="char_462" CONTENT="m" HPOS="2080" VPOS="1932" WIDTH="3" HEIGHT="69" GC="0.7659">
                                <Shape>
                                    <Polygon POINTS="2080 1932 2083 2001 2083 2001 2080 1932"/>
                                </Shape>
                            </Glyph>
                            <Glyph ID="char_463" CONTENT="m" HPOS="2135" VPOS="1939" WIDTH="3" HEIGHT="57" GC="0.9992">
                                <Shape>
                                    <Polygon POINTS="2135 1939 2138 1996 2138 1996 2135 1939"/>
                                </Shape>
                            </Glyph>
                            <Glyph ID="char_464" CONTENT="a" HPOS="2173" VPOS="1941" WIDTH="3" HEIGHT="52" GC="0.9994">
                                <Shape>
                                    <Polygon POINTS="2173 1941 2176 1993 2176 1993 2173 1941"/>
                                </Shape>
                            </Glyph>
                            <Glyph ID="char_465" CONTENT="g" HPOS="2216" VPOS="1933" WIDTH="3" HEIGHT="65" GC="1.0">
                                <Shape>
                                    <Polygon POINTS="2216 1933 2219 1998 2219 1998 2216 1933"/>
                                </Shape>
                            </Glyph>
                            <Glyph ID="char_466" CONTENT="e" HPOS="2241" VPOS="1928" WIDTH="2" HEIGHT="54" GC="1.0">
                                <Shape>
                                    <Polygon POINTS="2241 1928 2243 1982 2243 1982 2241 1928"/>
                                </Shape>
                            </Glyph>
                            <Glyph ID="char_467" CONTENT="r" HPOS="2271" VPOS="1923" WIDTH="3" HEIGHT="57" GC="0.9999">
                                <Shape>
                                    <Polygon POINTS="2271 1923 2274 1980 2274 1980 2271 1923"/>
                                </Shape>
                            </Glyph>
                        </String>
                    </TextLine>

                    <TextLine ID="4a1b2302-a368-4b34-a506-373a65de6a55" HPOS="630.0" VPOS="2017.0" WIDTH="1647.0" HEIGHT="157.0" BASELINE="632.0 2139.0 1339.0 2124.0 2277.0 2074.0" TAGREFS="LINE_TYPE_1">
                        <Shape>
                            <Polygon POINTS="632.0 2139.0 632.0 2158.0 795.0 2154.0 826.0 2174.0 829.0 2174.0 831.0 2174.0 833.0 2174.0 908.0 2170.0 910.0 2170.0 912.0 2170.0 937.0 2154.0 1013.0 2160.0 1015.0 2160.0 1017.0 2160.0 1019.0 2160.0 1046.0 2143.0 1126.0 2156.0 1128.0 2156.0 1256.0 2143.0 1434.0 2149.0 1436.0 2149.0 1438.0 2149.0 1507.0 2126.0 1521.0 2139.0 1524.0 2139.0 1526.0 2139.0 1528.0 2139.0 1588.0 2126.0 1630.0 2137.0 1632.0 2137.0 1634.0 2137.0 1637.0 2137.0 1697.0 2120.0 1764.0 2128.0 1766.0 2128.0 1768.0 2128.0 1771.0 2128.0 1791.0 2112.0 1884.0 2124.0 1886.0 2124.0 1888.0 2124.0 1890.0 2124.0 1905.0 2114.0 1923.0 2128.0 1925.0 2128.0 1928.0 2128.0 1930.0 2128.0 1932.0 2128.0 1990.0 2112.0 2087.0 2122.0 2089.0 2122.0 2091.0 2122.0 2145.0 2099.0 2277.0 2091.0 2277.0 2074.0 2269.0 2017.0 2183.0 2022.0 2181.0 2022.0 2099.0 2055.0 2034.0 2032.0 2032.0 2032.0 2030.0 2032.0 2028.0 2032.0 1976.0 2061.0 1609.0 2074.0 1572.0 2053.0 1570.0 2053.0 1567.0 2053.0 1565.0 2053.0 1563.0 2053.0 1496.0 2082.0 1440.0 2082.0 1410.0 2064.0 1408.0 2064.0 1406.0 2064.0 1404.0 2064.0 1402.0 2064.0 1373.0 2078.0 1302.0 2057.0 1300.0 2057.0 1297.0 2057.0 1295.0 2057.0 1197.0 2095.0 1151.0 2095.0 1103.0 2066.0 1101.0 2066.0 1099.0 2066.0 1096.0 2066.0 1059.0 2068.0 1057.0 2068.0 988.0 2103.0 931.0 2103.0 849.0 2076.0 847.0 2076.0 845.0 2076.0 630.0 2105.0 632.0 2139.0"/>
                        </Shape>
                        <String ID="segment_137" CONTENT="cet" HPOS="658" VPOS="2093" WIDTH="63" HEIGHT="64" WC="0.9998">
                            <Shape>
                                <Polygon POINTS="658 2101 659 2157 721 2156 720 2093"/>
                            </Shape>
                            <Glyph ID="char_468" CONTENT="c" HPOS="658" VPOS="2101" WIDTH="1" HEIGHT="56" GC="1.0">
                                <Shape>
                                    <Polygon POINTS="658 2101 659 2157 659 2157 658 2101"/>
                                </Shape>
                            </Glyph>
                            <Glyph ID="char_469" CONTENT="e" HPOS="693" VPOS="2096" WIDTH="1" HEIGHT="60" GC="1.0">
                                <Shape>
                                    <Polygon POINTS="693 2096 694 2156 694 2156 693 2096"/>
                                </Shape>
                            </Glyph>
                            <Glyph ID="char_470" CONTENT="t" HPOS="720" VPOS="2093" WIDTH="1" HEIGHT="63" GC="0.9995">
                                <Shape>
                                    <Polygon POINTS="720 2093 721 2156 721 2156 720 2093"/>
                                </Shape>
                            </Glyph>
                        </String>
                        <SP ID="segment_138" HPOS="761"  VPOS="2086" WIDTH="8"  HEIGHT="69"/>
                        <String ID="segment_139" CONTENT="hospice" HPOS="782" VPOS="2077" WIDTH="222" HEIGHT="96" WC="0.9354">
                            <Shape>
                                <Polygon POINTS="782 2085 783 2154 1004 2159 1002 2096"/>
                            </Shape>
                            <Glyph ID="char_472" CONTENT="h" HPOS="782" VPOS="2085" WIDTH="1" HEIGHT="69" GC="1.0">
                                <Shape>
                                    <Polygon POINTS="782 2085 783 2154 783 2154 782 2085"/>
                                </Shape>
                            </Glyph>
                            <Glyph ID="char_473" CONTENT="o" HPOS="851" VPOS="2077" WIDTH="2" HEIGHT="96" GC="1.0">
                                <Shape>
                                    <Polygon POINTS="851 2077 853 2173 853 2173 851 2077"/>
                                </Shape>
                            </Glyph>
                            <Glyph ID="char_474" CONTENT="s" HPOS="871" VPOS="2083" WIDTH="9" HEIGHT="89" GC="0.9999">
                                <Shape>
                                    <Polygon POINTS="871 2083 873 2172 880 2172 878 2086"/>
                                </Shape>
                            </Glyph>
                            <Glyph ID="char_475" CONTENT="p" HPOS="906" VPOS="2095" WIDTH="2" HEIGHT="75" GC="0.9996">
                                <Shape>
                                    <Polygon POINTS="906 2095 908 2170 908 2170 906 2095"/>
                                </Shape>
                            </Glyph>
                            <Glyph ID="char_476" CONTENT="i" HPOS="940" VPOS="2103" WIDTH="1" HEIGHT="51" GC="0.9997">
                                <Shape>
                                    <Polygon POINTS="940 2103 941 2154 941 2154 940 2103"/>
                                </Shape>
                            </Glyph>
                            <Glyph ID="char_477" CONTENT="c" HPOS="967" VPOS="2103" WIDTH="1" HEIGHT="53" GC="0.5485">
                                <Shape>
                                    <Polygon POINTS="967 2103 968 2156 968 2156 967 2103"/>
                                </Shape>
                            </Glyph>
                            <Glyph ID="char_478" CONTENT="e" HPOS="1002" VPOS="2096" WIDTH="2" HEIGHT="63" GC="1.0">
                                <Shape>
                                    <Polygon POINTS="1002 2096 1004 2159 1004 2159 1002 2096"/>
                                </Shape>
                            </Glyph>
                        </String>
                        <SP ID="segment_140" HPOS="1064"  VPOS="2067" WIDTH="7"  HEIGHT="80"/>
                        <String ID="segment_141" CONTENT="des" HPOS="1084" VPOS="2067" WIDTH="70" HEIGHT="89" WC="0.9927">
                            <Shape>
                                <Polygon POINTS="1084 2067 1085 2149 1154 2153 1153 2095"/>
                            </Shape>
                            <Glyph ID="char_480" CONTENT="d" HPOS="1084" VPOS="2067" WIDTH="1" HEIGHT="82" GC="0.9982">
                                <Shape>
                                    <Polygon POINTS="1084 2067 1085 2149 1085 2149 1084 2067"/>
                                </Shape>
                            </Glyph>
                            <Glyph ID="char_481" CONTENT="e" HPOS="1125" VPOS="2079" WIDTH="1" HEIGHT="77" GC="1.0">
                                <Shape>
                                    <Polygon POINTS="1125 2079 1126 2156 1126 2156 1125 2079"/>
                                </Shape>
                            </Glyph>
                            <Glyph ID="char_482" CONTENT="s" HPOS="1153" VPOS="2095" WIDTH="1" HEIGHT="58" GC="0.98">
                                <Shape>
                                    <Polygon POINTS="1153 2095 1154 2153 1154 2153 1153 2095"/>
                                </Shape>
                            </Glyph>
                        </String>
                        <SP ID="segment_142" HPOS="1208"  VPOS="2088" WIDTH="8"  HEIGHT="60"/>
                        <String ID="segment_143" CONTENT="soins" HPOS="1228" VPOS="2060" WIDTH="153" HEIGHT="87" WC="0.9924">
                            <Shape>
                                <Polygon POINTS="1228 2083 1229 2146 1381 2147 1377 2076"/>
                            </Shape>
                            <Glyph ID="char_484" CONTENT="s" HPOS="1228" VPOS="2083" WIDTH="1" HEIGHT="63" GC="0.9991">
                                <Shape>
                                    <Polygon POINTS="1228 2083 1229 2146 1229 2146 1228 2083"/>
                                </Shape>
                            </Glyph>
                            <Glyph ID="char_485" CONTENT="o" HPOS="1283" VPOS="2062" WIDTH="1" HEIGHT="82" GC="1.0">
                                <Shape>
                                    <Polygon POINTS="1283 2062 1284 2144 1284 2144 1283 2062"/>
                                </Shape>
                            </Glyph>
                            <Glyph ID="char_486" CONTENT="i" HPOS="1310" VPOS="2060" WIDTH="2" HEIGHT="85" GC="1.0">
                                <Shape>
                                    <Polygon POINTS="1310 2060 1312 2145 1312 2145 1310 2060"/>
                                </Shape>
                            </Glyph>
                            <Glyph ID="char_487" CONTENT="n" HPOS="1338" VPOS="2068" WIDTH="1" HEIGHT="78" GC="1.0">
                                <Shape>
                                    <Polygon POINTS="1338 2068 1339 2146 1339 2146 1338 2068"/>
                                </Shape>
                            </Glyph>
                            <Glyph ID="char_488" CONTENT="s" HPOS="1377" VPOS="2076" WIDTH="4" HEIGHT="71" GC="0.9627">
                                <Shape>
                                    <Polygon POINTS="1377 2076 1381 2147 1381 2147 1377 2076"/>
                                </Shape>
                            </Glyph>
                        </String>
                        <SP ID="segment_144" HPOS="1419"  VPOS="2069" WIDTH="4"  HEIGHT="80"/>
                        <String ID="segment_145" CONTENT="qu&#39;il" HPOS="1432" VPOS="2056" WIDTH="128" HEIGHT="93" WC="0.9999">
                            <Shape>
                                <Polygon POINTS="1432 2077 1436 2149 1560 2132 1556 2056"/>
                            </Shape>
                            <Glyph ID="char_490" CONTENT="q" HPOS="1432" VPOS="2077" WIDTH="4" HEIGHT="72" GC="1.0">
                                <Shape>
                                    <Polygon POINTS="1432 2077 1436 2149 1436 2149 1432 2077"/>
                                </Shape>
                            </Glyph>
                            <Glyph ID="char_491" CONTENT="u" HPOS="1481" VPOS="2082" WIDTH="3" HEIGHT="52" GC="1.0">
                                <Shape>
                                    <Polygon POINTS="1481 2082 1484 2134 1484 2134 1481 2082"/>
                                </Shape>
                            </Glyph>
                            <Glyph ID="char_492" CONTENT="&#39;" HPOS="1515" VPOS="2074" WIDTH="4" HEIGHT="63" GC="0.9995">
                                <Shape>
                                    <Polygon POINTS="1515 2074 1519 2137 1519 2137 1515 2074"/>
                                </Shape>
                            </Glyph>
                            <Glyph ID="char_493" CONTENT="i" HPOS="1529" VPOS="2068" WIDTH="4" HEIGHT="70" GC="1.0">
                                <Shape>
                                    <Polygon POINTS="1529 2068 1533 2138 1533 2138 1529 2068"/>
                                </Shape>
                            </Glyph>
                            <Glyph ID="char_494" CONTENT="l" HPOS="1556" VPOS="2056" WIDTH="4" HEIGHT="76" GC="0.9999">
                                <Shape>
                                    <Polygon POINTS="1556 2056 1560 2132 1560 2132 1556 2056"/>
                                </Shape>
                            </Glyph>
                        </String>
                        <SP ID="segment_146" HPOS="1590"  VPOS="2063" WIDTH="10"  HEIGHT="66"/>
                        <String ID="segment_147" CONTENT="a" HPOS="1612" VPOS="2074" WIDTH="3" HEIGHT="59" WC="1.0">
                            <Shape>
                                <Polygon POINTS="1612 2074 1615 2133 1615 2133 1612 2074"/>
                            </Shape>
                            <Glyph ID="char_496" CONTENT="a" HPOS="1612" VPOS="2074" WIDTH="3" HEIGHT="59" GC="1.0">
                                <Shape>
                                    <Polygon POINTS="1612 2074 1615 2133 1615 2133 1612 2074"/>
                                </Shape>
                            </Glyph>
                        </String>
                        <SP ID="segment_148" HPOS="1653"  VPOS="2072" WIDTH="3"  HEIGHT="60"/>
                        <String ID="segment_149" CONTENT="pres" HPOS="1674" VPOS="2068" WIDTH="105" HEIGHT="59" WC="0.9705">
                            <Shape>
                                <Polygon POINTS="1674 2072 1676 2126 1779 2121 1776 2068"/>
                            </Shape>
                            <Glyph ID="char_498" CONTENT="p" HPOS="1674" VPOS="2072" WIDTH="2" HEIGHT="54" GC="0.9996">
                                <Shape>
                                    <Polygon POINTS="1674 2072 1676 2126 1676 2126 1674 2072"/>
                                </Shape>
                            </Glyph>
                            <Glyph ID="char_499" CONTENT="r" HPOS="1715" VPOS="2070" WIDTH="2" HEIGHT="52" GC="1.0">
                                <Shape>
                                    <Polygon POINTS="1715 2070 1717 2122 1717 2122 1715 2070"/>
                                </Shape>
                            </Glyph>
                            <Glyph ID="char_500" CONTENT="e" HPOS="1748" VPOS="2069" WIDTH="4" HEIGHT="58" GC="1.0">
                                <Shape>
                                    <Polygon POINTS="1748 2069 1752 2127 1752 2127 1748 2069"/>
                                </Shape>
                            </Glyph>
                            <Glyph ID="char_501" CONTENT="s" HPOS="1776" VPOS="2068" WIDTH="3" HEIGHT="53" GC="0.8823">
                                <Shape>
                                    <Polygon POINTS="1776 2068 1779 2121 1779 2121 1776 2068"/>
                                </Shape>
                            </Glyph>
                        </String>
                        <SP ID="segment_150" HPOS="1838"  VPOS="2066" WIDTH="9"  HEIGHT="53"/>
                        <String ID="segment_151" CONTENT="et" HPOS="1858" VPOS="2064" WIDTH="37" HEIGHT="57" WC="0.9667">
                            <Shape>
                                <Polygon POINTS="1858 2065 1861 2121 1895 2120 1892 2064"/>
                            </Shape>
                            <Glyph ID="char_503" CONTENT="e" HPOS="1858" VPOS="2065" WIDTH="3" HEIGHT="56" GC="0.9989">
                                <Shape>
                                    <Polygon POINTS="1858 2065 1861 2121 1861 2121 1858 2065"/>
                                </Shape>
                            </Glyph>
                            <Glyph ID="char_504" CONTENT="t" HPOS="1892" VPOS="2064" WIDTH="3" HEIGHT="56" GC="0.9344">
                                <Shape>
                                    <Polygon POINTS="1892 2064 1895 2120 1895 2120 1892 2064"/>
                                </Shape>
                            </Glyph>
                        </String>
                        <SP ID="segment_152" HPOS="1920"  VPOS="2063" WIDTH="11"  HEIGHT="65"/>
                        <String ID="segment_153" CONTENT="qu&#39;il" HPOS="1941" VPOS="2032" WIDTH="120" HEIGHT="92" WC="0.9959">
                            <Shape>
                                <Polygon POINTS="1941 2062 1945 2124 2061 2119 2056 2040"/>
                            </Shape>
                            <Glyph ID="char_506" CONTENT="q" HPOS="1941" VPOS="2062" WIDTH="4" HEIGHT="62" GC="0.9818">
                                <Shape>
                                    <Polygon POINTS="1941 2062 1945 2124 1945 2124 1941 2062"/>
                                </Shape>
                            </Glyph>
                            <Glyph ID="char_507" CONTENT="u" HPOS="1989" VPOS="2054" WIDTH="3" HEIGHT="58" GC="0.9996">
                                <Shape>
                                    <Polygon POINTS="1989 2054 1992 2112 1992 2112 1989 2054"/>
                                </Shape>
                            </Glyph>
                            <Glyph ID="char_508" CONTENT="&#39;" HPOS="2015" VPOS="2035" WIDTH="11" HEIGHT="81" GC="0.9999">
                                <Shape>
                                    <Polygon POINTS="2015 2039 2019 2115 2026 2116 2022 2035"/>
                                </Shape>
                            </Glyph>
                            <Glyph ID="char_509" CONTENT="i" HPOS="2029" VPOS="2032" WIDTH="4" HEIGHT="84" GC="0.9984">
                                <Shape>
                                    <Polygon POINTS="2029 2032 2033 2116 2033 2116 2029 2032"/>
                                </Shape>
                            </Glyph>
                            <Glyph ID="char_510" CONTENT="l" HPOS="2049" VPOS="2037" WIDTH="12" HEIGHT="82" GC="0.9995">
                                <Shape>
                                    <Polygon POINTS="2049 2037 2054 2119 2061 2119 2056 2040"/>
                                </Shape>
                            </Glyph>
                        </String>
                        <SP ID="segment_154" HPOS="2092"  VPOS="2053" WIDTH="4"  HEIGHT="67"/>
                        <String ID="segment_155" CONTENT="prend" HPOS="2112" VPOS="2019" WIDTH="119" HEIGHT="93" WC="0.9998">
                            <Shape>
                                <Polygon POINTS="2112 2050 2115 2112 2231 2094 2228 2019"/>
                            </Shape>
                            <Glyph ID="char_512" CONTENT="p" HPOS="2112" VPOS="2050" WIDTH="3" HEIGHT="62" GC="1.0">
                                <Shape>
                                    <Polygon POINTS="2112 2050 2115 2112 2115 2112 2112 2050"/>
                                </Shape>
                            </Glyph>
                            <Glyph ID="char_513" CONTENT="r" HPOS="2152" VPOS="2034" WIDTH="4" HEIGHT="64" GC="0.9999">
                                <Shape>
                                    <Polygon POINTS="2152 2034 2156 2098 2156 2098 2152 2034"/>
                                </Shape>
                            </Glyph>
                            <Glyph ID="char_514" CONTENT="e" HPOS="2173" VPOS="2025" WIDTH="4" HEIGHT="72" GC="1.0">
                                <Shape>
                                    <Polygon POINTS="2173 2025 2177 2097 2177 2097 2173 2025"/>
                                </Shape>
                            </Glyph>
                            <Glyph ID="char_515" CONTENT="n" HPOS="2200" VPOS="2021" WIDTH="4" HEIGHT="74" GC="0.9999">
                                <Shape>
                                    <Polygon POINTS="2200 2021 2204 2095 2204 2095 2200 2021"/>
                                </Shape>
                            </Glyph>
                            <Glyph ID="char_516" CONTENT="d" HPOS="2228" VPOS="2019" WIDTH="3" HEIGHT="75" GC="0.9993">
                                <Shape>
                                    <Polygon POINTS="2228 2019 2231 2094 2231 2094 2228 2019"/>
                                </Shape>
                            </Glyph>
                        </String>
                    </TextLine>

                    <TextLine ID="a04480f9-9310-4d83-bba8-77885088d1b7" HPOS="634.0" VPOS="2149.0" WIDTH="1672.0" HEIGHT="136.0" BASELINE="636.0 2256.0 1505.0 2239.0 2306.0 2198.0" TAGREFS="LINE_TYPE_1">
                        <Shape>
                            <Polygon POINTS="636.0 2256.0 636.0 2273.0 707.0 2281.0 709.0 2281.0 711.0 2281.0 759.0 2269.0 805.0 2283.0 808.0 2283.0 810.0 2283.0 812.0 2283.0 866.0 2269.0 952.0 2279.0 954.0 2279.0 1057.0 2267.0 1163.0 2269.0 1205.0 2285.0 1207.0 2285.0 1210.0 2285.0 1212.0 2285.0 1306.0 2258.0 1337.0 2281.0 1339.0 2281.0 1341.0 2281.0 1343.0 2281.0 1488.0 2277.0 1588.0 2273.0 1591.0 2273.0 1681.0 2241.0 1840.0 2250.0 1842.0 2250.0 1925.0 2231.0 1951.0 2239.0 1953.0 2239.0 1955.0 2239.0 1957.0 2239.0 1982.0 2227.0 2306.0 2214.0 2306.0 2198.0 2298.0 2160.0 2273.0 2168.0 2221.0 2149.0 2219.0 2149.0 2216.0 2149.0 2214.0 2149.0 2154.0 2166.0 2122.0 2154.0 2120.0 2154.0 2118.0 2154.0 2116.0 2154.0 2013.0 2185.0 1978.0 2158.0 1976.0 2158.0 1974.0 2158.0 1972.0 2158.0 1921.0 2160.0 1919.0 2160.0 1917.0 2160.0 1884.0 2189.0 1848.0 2195.0 1722.0 2198.0 1697.0 2185.0 1695.0 2185.0 1693.0 2185.0 1691.0 2185.0 1658.0 2202.0 1423.0 2210.0 1335.0 2210.0 1308.0 2191.0 1306.0 2191.0 1304.0 2191.0 1302.0 2191.0 1300.0 2191.0 1297.0 2191.0 1277.0 2210.0 1182.0 2216.0 1126.0 2187.0 1124.0 2187.0 1122.0 2187.0 1063.0 2189.0 1061.0 2189.0 1059.0 2189.0 1059.0 2191.0 1044.0 2204.0 1011.0 2191.0 1009.0 2191.0 1006.0 2191.0 908.0 2195.0 906.0 2195.0 904.0 2195.0 877.0 2216.0 776.0 2214.0 774.0 2214.0 772.0 2214.0 770.0 2214.0 757.0 2225.0 699.0 2204.0 697.0 2204.0 695.0 2204.0 634.0 2204.0 636.0 2256.0"/>
                        </Shape>
                        <String ID="segment_156" CONTENT="de" HPOS="669" VPOS="2204" WIDTH="42" HEIGHT="77" WC="1.0">
                            <Shape>
                                <Polygon POINTS="669 2204 670 2277 711 2281 709 2208"/>
                            </Shape>
                            <Glyph ID="char_517" CONTENT="d" HPOS="669" VPOS="2204" WIDTH="1" HEIGHT="73" GC="1.0">
                                <Shape>
                                    <Polygon POINTS="669 2204 670 2277 670 2277 669 2204"/>
                                </Shape>
                            </Glyph>
                            <Glyph ID="char_518" CONTENT="e" HPOS="709" VPOS="2208" WIDTH="2" HEIGHT="73" GC="0.9999">
                                <Shape>
                                    <Polygon POINTS="709 2208 711 2281 711 2281 709 2208"/>
                                </Shape>
                            </Glyph>
                        </String>
                        <SP ID="segment_157" HPOS="756"  VPOS="2220" WIDTH="8"  HEIGHT="51"/>
                        <String ID="segment_158" CONTENT="cet" HPOS="777" VPOS="2214" WIDTH="75" HEIGHT="67" WC="0.9804">
                            <Shape>
                                <Polygon POINTS="777 2214 778 2275 852 2273 851 2215"/>
                            </Shape>
                            <Glyph ID="char_520" CONTENT="c" HPOS="777" VPOS="2214" WIDTH="1" HEIGHT="61" GC="0.9954">
                                <Shape>
                                    <Polygon POINTS="777 2214 778 2275 778 2275 777 2214"/>
                                </Shape>
                            </Glyph>
                            <Glyph ID="char_521" CONTENT="e" HPOS="817" VPOS="2215" WIDTH="2" HEIGHT="66" GC="1.0">
                                <Shape>
                                    <Polygon POINTS="817 2215 819 2281 819 2281 817 2215"/>
                                </Shape>
                            </Glyph>
                            <Glyph ID="char_522" CONTENT="t" HPOS="851" VPOS="2215" WIDTH="1" HEIGHT="58" GC="0.9458">
                                <Shape>
                                    <Polygon POINTS="851 2215 852 2273 852 2273 851 2215"/>
                                </Shape>
                            </Glyph>
                        </String>
                        <SP ID="segment_159" HPOS="891"  VPOS="2205" WIDTH="1"  HEIGHT="67"/>
                        <String ID="segment_160" CONTENT="individu," HPOS="905" VPOS="2187" WIDTH="312" HEIGHT="97" WC="0.9982">
                            <Shape>
                                <Polygon POINTS="905 2195 906 2274 1217 2284 1215 2214"/>
                            </Shape>
                            <Glyph ID="char_524" CONTENT="i" HPOS="905" VPOS="2195" WIDTH="1" HEIGHT="79" GC="1.0">
                                <Shape>
                                    <Polygon POINTS="905 2195 906 2274 906 2274 905 2195"/>
                                </Shape>
                            </Glyph>
                            <Glyph ID="char_525" CONTENT="n" HPOS="939" VPOS="2194" WIDTH="1" HEIGHT="84" GC="1.0">
                                <Shape>
                                    <Polygon POINTS="939 2194 940 2278 940 2278 939 2194"/>
                                </Shape>
                            </Glyph>
                            <Glyph ID="char_526" CONTENT="d" HPOS="972" VPOS="2192" WIDTH="1" HEIGHT="85" GC="0.9842">
                                <Shape>
                                    <Polygon POINTS="972 2192 973 2277 973 2277 972 2192"/>
                                </Shape>
                            </Glyph>
                            <Glyph ID="char_527" CONTENT="i" HPOS="1006" VPOS="2191" WIDTH="1" HEIGHT="82" GC="0.9999">
                                <Shape>
                                    <Polygon POINTS="1006 2191 1007 2273 1007 2273 1006 2191"/>
                                </Shape>
                            </Glyph>
                            <Glyph ID="char_528" CONTENT="v" HPOS="1033" VPOS="2200" WIDTH="1" HEIGHT="70" GC="1.0">
                                <Shape>
                                    <Polygon POINTS="1033 2200 1034 2270 1034 2270 1033 2200"/>
                                </Shape>
                            </Glyph>
                            <Glyph ID="char_529" CONTENT="i" HPOS="1073" VPOS="2189" WIDTH="1" HEIGHT="78" GC="1.0">
                                <Shape>
                                    <Polygon POINTS="1073 2189 1074 2267 1074 2267 1073 2189"/>
                                </Shape>
                            </Glyph>
                            <Glyph ID="char_530" CONTENT="d" HPOS="1114" VPOS="2187" WIDTH="1" HEIGHT="81" GC="1.0">
                                <Shape>
                                    <Polygon POINTS="1114 2187 1115 2268 1115 2268 1114 2187"/>
                                </Shape>
                            </Glyph>
                            <Glyph ID="char_531" CONTENT="u" HPOS="1148" VPOS="2198" WIDTH="1" HEIGHT="71" GC="1.0">
                                <Shape>
                                    <Polygon POINTS="1148 2198 1149 2269 1149 2269 1148 2198"/>
                                </Shape>
                            </Glyph>
                            <Glyph ID="char_532" CONTENT="," HPOS="1215" VPOS="2214" WIDTH="2" HEIGHT="70" GC="1.0">
                                <Shape>
                                    <Polygon POINTS="1215 2214 1217 2284 1217 2284 1215 2214"/>
                                </Shape>
                            </Glyph>
                        </String>
                        <SP ID="segment_161" HPOS="1242"  VPOS="2212" WIDTH="8"  HEIGHT="64"/>
                        <String ID="segment_162" CONTENT="et" HPOS="1262" VPOS="2192" WIDTH="35" HEIGHT="78" WC="0.9999">
                            <Shape>
                                <Polygon POINTS="1262 2211 1263 2270 1297 2261 1296 2192"/>
                            </Shape>
                            <Glyph ID="char_534" CONTENT="e" HPOS="1262" VPOS="2211" WIDTH="1" HEIGHT="59" GC="0.9997">
                                <Shape>
                                    <Polygon POINTS="1262 2211 1263 2270 1263 2270 1262 2211"/>
                                </Shape>
                            </Glyph>
                            <Glyph ID="char_535" CONTENT="t" HPOS="1296" VPOS="2192" WIDTH="1" HEIGHT="69" GC="1.0">
                                <Shape>
                                    <Polygon POINTS="1296 2192 1297 2261 1297 2261 1296 2192"/>
                                </Shape>
                            </Glyph>
                        </String>
                        <SP ID="segment_163" HPOS="1343"  VPOS="2210" WIDTH="9"  HEIGHT="71"/>
                        <String ID="segment_164" CONTENT="on" HPOS="1364" VPOS="2210" WIDTH="42" HEIGHT="70" WC="1.0">
                            <Shape>
                                <Polygon POINTS="1364 2210 1366 2280 1406 2279 1404 2210"/>
                            </Shape>
                            <Glyph ID="char_537" CONTENT="o" HPOS="1364" VPOS="2210" WIDTH="2" HEIGHT="70" GC="1.0">
                                <Shape>
                                    <Polygon POINTS="1364 2210 1366 2280 1366 2280 1364 2210"/>
                                </Shape>
                            </Glyph>
                            <Glyph ID="char_538" CONTENT="n" HPOS="1404" VPOS="2210" WIDTH="2" HEIGHT="69" GC="1.0">
                                <Shape>
                                    <Polygon POINTS="1404 2210 1406 2279 1406 2279 1404 2210"/>
                                </Shape>
                            </Glyph>
                        </String>
                        <SP ID="segment_165" HPOS="1438"  VPOS="2209" WIDTH="9"  HEIGHT="69"/>
                        <String ID="segment_166" CONTENT="propose" HPOS="1465" VPOS="2186" WIDTH="237" HEIGHT="92" WC="0.9999">
                            <Shape>
                                <Polygon POINTS="1465 2209 1467 2278 1702 2242 1699 2186"/>
                            </Shape>
                            <Glyph ID="char_540" CONTENT="p" HPOS="1465" VPOS="2209" WIDTH="2" HEIGHT="69" GC="0.9997">
                                <Shape>
                                    <Polygon POINTS="1465 2209 1467 2278 1467 2278 1465 2209"/>
                                </Shape>
                            </Glyph>
                            <Glyph ID="char_541" CONTENT="r" HPOS="1511" VPOS="2207" WIDTH="4" HEIGHT="69" GC="0.9999">
                                <Shape>
                                    <Polygon POINTS="1511 2207 1515 2276 1515 2276 1511 2207"/>
                                </Shape>
                            </Glyph>
                            <Glyph ID="char_542" CONTENT="o" HPOS="1538" VPOS="2206" WIDTH="4" HEIGHT="69" GC="1.0">
                                <Shape>
                                    <Polygon POINTS="1538 2206 1542 2275 1542 2275 1538 2206"/>
                                </Shape>
                            </Glyph>
                            <Glyph ID="char_543" CONTENT="p" HPOS="1578" VPOS="2205" WIDTH="4" HEIGHT="68" GC="1.0">
                                <Shape>
                                    <Polygon POINTS="1578 2205 1582 2273 1582 2273 1578 2205"/>
                                </Shape>
                            </Glyph>
                            <Glyph ID="char_544" CONTENT="o" HPOS="1626" VPOS="2203" WIDTH="3" HEIGHT="56" GC="1.0">
                                <Shape>
                                    <Polygon POINTS="1626 2203 1629 2259 1629 2259 1626 2203"/>
                                </Shape>
                            </Glyph>
                            <Glyph ID="char_545" CONTENT="s" HPOS="1659" VPOS="2201" WIDTH="2" HEIGHT="47" GC="1.0">
                                <Shape>
                                    <Polygon POINTS="1659 2201 1661 2248 1661 2248 1659 2201"/>
                                </Shape>
                            </Glyph>
                            <Glyph ID="char_546" CONTENT="e" HPOS="1699" VPOS="2186" WIDTH="3" HEIGHT="56" GC="1.0">
                                <Shape>
                                    <Polygon POINTS="1699 2186 1702 2242 1702 2242 1699 2186"/>
                                </Shape>
                            </Glyph>
                        </String>
                        <SP ID="segment_167" HPOS="1754"  VPOS="2197" WIDTH="10"  HEIGHT="49"/>
                        <String ID="segment_168" CONTENT="au" HPOS="1774" VPOS="2196" WIDTH="50" HEIGHT="53" WC="0.9993">
                            <Shape>
                                <Polygon POINTS="1774 2197 1777 2246 1824 2249 1821 2196"/>
                            </Shape>
                            <Glyph ID="char_548" CONTENT="a" HPOS="1774" VPOS="2197" WIDTH="3" HEIGHT="49" GC="0.9991">
                                <Shape>
                                    <Polygon POINTS="1774 2197 1777 2246 1777 2246 1774 2197"/>
                                </Shape>
                            </Glyph>
                            <Glyph ID="char_549" CONTENT="u" HPOS="1821" VPOS="2196" WIDTH="3" HEIGHT="53" GC="0.9995">
                                <Shape>
                                    <Polygon POINTS="1821 2196 1824 2249 1824 2249 1821 2196"/>
                                </Shape>
                            </Glyph>
                        </String>
                        <SP ID="segment_169" HPOS="1862"  VPOS="2192" WIDTH="10"  HEIGHT="53"/>
                        <String ID="segment_170" CONTENT="Ministre" HPOS="1882" VPOS="2154" WIDTH="319" HEIGHT="86" WC="0.9908">
                            <Shape>
                                <Polygon POINTS="1882 2189 1884 2240 2201 2218 2197 2154"/>
                            </Shape>
                            <Glyph ID="char_551" CONTENT="M" HPOS="1882" VPOS="2189" WIDTH="2" HEIGHT="51" GC="0.9997">
                                <Shape>
                                    <Polygon POINTS="1882 2189 1884 2240 1884 2240 1882 2189"/>
                                </Shape>
                            </Glyph>
                            <Glyph ID="char_552" CONTENT="i" HPOS="1996" VPOS="2172" WIDTH="3" HEIGHT="54" GC="0.9988">
                                <Shape>
                                    <Polygon POINTS="1996 2172 1999 2226 1999 2226 1996 2172"/>
                                </Shape>
                            </Glyph>
                            <Glyph ID="char_553" CONTENT="n" HPOS="2030" VPOS="2180" WIDTH="2" HEIGHT="45" GC="0.9837">
                                <Shape>
                                    <Polygon POINTS="2030 2180 2032 2225 2032 2225 2030 2180"/>
                                </Shape>
                            </Glyph>
                            <Glyph ID="char_554" CONTENT="i" HPOS="2056" VPOS="2170" WIDTH="10" HEIGHT="54" GC="0.9995">
                                <Shape>
                                    <Polygon POINTS="2056 2172 2059 2224 2066 2224 2063 2170"/>
                                </Shape>
                            </Glyph>
                            <Glyph ID="char_555" CONTENT="s" HPOS="2083" VPOS="2164" WIDTH="3" HEIGHT="59" GC="0.9722">
                                <Shape>
                                    <Polygon POINTS="2083 2164 2086 2223 2086 2223 2083 2164"/>
                                </Shape>
                            </Glyph>
                            <Glyph ID="char_556" CONTENT="t" HPOS="2116" VPOS="2154" WIDTH="4" HEIGHT="67" GC="0.9999">
                                <Shape>
                                    <Polygon POINTS="2116 2154 2120 2221 2120 2221 2116 2154"/>
                                </Shape>
                            </Glyph>
                            <Glyph ID="char_557" CONTENT="r" HPOS="2151" VPOS="2165" WIDTH="3" HEIGHT="55" GC="0.9738">
                                <Shape>
                                    <Polygon POINTS="2151 2165 2154 2220 2154 2220 2151 2165"/>
                                </Shape>
                            </Glyph>
                            <Glyph ID="char_558" CONTENT="e" HPOS="2197" VPOS="2154" WIDTH="4" HEIGHT="64" GC="0.9988">
                                <Shape>
                                    <Polygon POINTS="2197 2154 2201 2218 2201 2218 2197 2154"/>
                                </Shape>
                            </Glyph>
                        </String>
                    </TextLine>

                    <TextLine ID="6c3fc07a-dbbc-4b03-a803-fa4e8d4b3235" HPOS="630.0" VPOS="2271.0" WIDTH="1545.0" HEIGHT="138.0" BASELINE="632.0 2375.0 1316.0 2367.0 2175.0 2331.0" TAGREFS="LINE_TYPE_1">
                        <Shape>
                            <Polygon POINTS="632.0 2375.0 632.0 2390.0 745.0 2409.0 747.0 2409.0 749.0 2409.0 839.0 2386.0 858.0 2398.0 860.0 2398.0 862.0 2398.0 975.0 2405.0 977.0 2405.0 1050.0 2388.0 1101.0 2394.0 1103.0 2394.0 1105.0 2394.0 1107.0 2394.0 1107.0 2392.0 1124.0 2378.0 1155.0 2392.0 1157.0 2392.0 1159.0 2392.0 1161.0 2392.0 1163.0 2392.0 1189.0 2375.0 1249.0 2392.0 1251.0 2392.0 1253.0 2392.0 1256.0 2392.0 1287.0 2375.0 1316.0 2394.0 1318.0 2394.0 1320.0 2394.0 1323.0 2394.0 1404.0 2378.0 1532.0 2388.0 1534.0 2388.0 1588.0 2386.0 1591.0 2386.0 1593.0 2386.0 1593.0 2384.0 1609.0 2369.0 1794.0 2371.0 1796.0 2371.0 1798.0 2371.0 1829.0 2357.0 1869.0 2378.0 1871.0 2378.0 1873.0 2378.0 1875.0 2378.0 1940.0 2355.0 2020.0 2361.0 2022.0 2361.0 2175.0 2344.0 2175.0 2331.0 2166.0 2271.0 2110.0 2285.0 2091.0 2273.0 2089.0 2273.0 2087.0 2273.0 2085.0 2273.0 2022.0 2275.0 2020.0 2275.0 2018.0 2275.0 1978.0 2311.0 1921.0 2311.0 1838.0 2298.0 1835.0 2298.0 1833.0 2298.0 1781.0 2317.0 1565.0 2321.0 1511.0 2290.0 1509.0 2290.0 1507.0 2290.0 1505.0 2290.0 1503.0 2290.0 1501.0 2290.0 1482.0 2304.0 1427.0 2294.0 1425.0 2294.0 1423.0 2294.0 1421.0 2294.0 1385.0 2323.0 1339.0 2298.0 1337.0 2298.0 1335.0 2298.0 1333.0 2298.0 1306.0 2313.0 1279.0 2298.0 1277.0 2298.0 1274.0 2298.0 1272.0 2298.0 1270.0 2298.0 1222.0 2334.0 1157.0 2334.0 1046.0 2319.0 1044.0 2319.0 958.0 2338.0 881.0 2308.0 879.0 2308.0 877.0 2308.0 797.0 2313.0 795.0 2313.0 793.0 2313.0 755.0 2344.0 730.0 2344.0 692.0 2315.0 690.0 2315.0 688.0 2315.0 686.0 2315.0 630.0 2315.0 632.0 2375.0"/>
                        </Shape>
                        <String ID="segment_171" CONTENT="de" HPOS="680" VPOS="2315" WIDTH="43" HEIGHT="90" WC="1.0">
                            <Shape>
                                <Polygon POINTS="680 2315 681 2398 723 2405 723 2338"/>
                            </Shape>
                            <Glyph ID="char_559" CONTENT="d" HPOS="680" VPOS="2315" WIDTH="1" HEIGHT="83" GC="1.0">
                                <Shape>
                                    <Polygon POINTS="680 2315 681 2398 681 2398 680 2315"/>
                                </Shape>
                            </Glyph>
                            <Glyph ID="char_560" CONTENT="e" HPOS="723" VPOS="2338" WIDTH="0" HEIGHT="67" GC="1.0">
                                <Shape>
                                    <Polygon POINTS="723 2338 723 2405 723 2405 723 2338"/>
                                </Shape>
                            </Glyph>
                        </String>
                        <SP ID="segment_172" HPOS="779"  VPOS="2324" WIDTH="1"  HEIGHT="77"/>
                        <String ID="segment_173" CONTENT="l&#39;adopter:" HPOS="793" VPOS="2308" WIDTH="373" HEIGHT="96" WC="0.9997">
                            <Shape>
                                <Polygon POINTS="793 2313 794 2397 1166 2390 1166 2334"/>
                            </Shape>
                            <Glyph ID="char_562" CONTENT="l" HPOS="793" VPOS="2313" WIDTH="1" HEIGHT="84" GC="1.0">
                                <Shape>
                                    <Polygon POINTS="793 2313 794 2397 794 2397 793 2313"/>
                                </Shape>
                            </Glyph>
                            <Glyph ID="char_563" CONTENT="&#39;" HPOS="849" VPOS="2309" WIDTH="8" HEIGHT="89" GC="0.9998">
                                <Shape>
                                    <Polygon POINTS="849 2310 850 2393 857 2398 856 2309"/>
                                </Shape>
                            </Glyph>
                            <Glyph ID="char_564" CONTENT="a" HPOS="877" VPOS="2308" WIDTH="1" HEIGHT="91" GC="1.0">
                                <Shape>
                                    <Polygon POINTS="877 2308 878 2399 878 2399 877 2308"/>
                                </Shape>
                            </Glyph>
                            <Glyph ID="char_565" CONTENT="d" HPOS="919" VPOS="2323" WIDTH="1" HEIGHT="79" GC="1.0">
                                <Shape>
                                    <Polygon POINTS="919 2323 920 2402 920 2402 919 2323"/>
                                </Shape>
                            </Glyph>
                            <Glyph ID="char_566" CONTENT="o" HPOS="955" VPOS="2337" WIDTH="0" HEIGHT="67" GC="1.0">
                                <Shape>
                                    <Polygon POINTS="955 2337 955 2404 955 2404 955 2337"/>
                                </Shape>
                            </Glyph>
                            <Glyph ID="char_567" CONTENT="p" HPOS="996" VPOS="2329" WIDTH="1" HEIGHT="71" GC="0.9973">
                                <Shape>
                                    <Polygon POINTS="996 2329 997 2400 997 2400 996 2329"/>
                                </Shape>
                            </Glyph>
                            <Glyph ID="char_568" CONTENT="t" HPOS="1045" VPOS="2319" WIDTH="1" HEIGHT="70" GC="1.0">
                                <Shape>
                                    <Polygon POINTS="1045 2319 1046 2389 1046 2389 1045 2319"/>
                                </Shape>
                            </Glyph>
                            <Glyph ID="char_569" CONTENT="e" HPOS="1073" VPOS="2323" WIDTH="1" HEIGHT="68" GC="1.0">
                                <Shape>
                                    <Polygon POINTS="1073 2323 1074 2391 1074 2391 1073 2323"/>
                                </Shape>
                            </Glyph>
                            <Glyph ID="char_570" CONTENT="r" HPOS="1109" VPOS="2328" WIDTH="1" HEIGHT="61" GC="1.0">
                                <Shape>
                                    <Polygon POINTS="1109 2328 1110 2389 1110 2389 1109 2328"/>
                                </Shape>
                            </Glyph>
                            <Glyph ID="char_571" CONTENT=":" HPOS="1166" VPOS="2334" WIDTH="0" HEIGHT="56" GC="1.0">
                                <Shape>
                                    <Polygon POINTS="1166 2334 1166 2390 1166 2390 1166 2334"/>
                                </Shape>
                            </Glyph>
                        </String>
                        <SP ID="segment_174" HPOS="1222"  VPOS="2329" WIDTH="7"  HEIGHT="57"/>
                        <String ID="segment_175" CONTENT="C&#39;est" HPOS="1242" VPOS="2301" WIDTH="135" HEIGHT="93" WC="0.9999">
                            <Shape>
                                <Polygon POINTS="1242 2319 1243 2390 1377 2383 1374 2317"/>
                            </Shape>
                            <Glyph ID="char_573" CONTENT="C" HPOS="1242" VPOS="2319" WIDTH="1" HEIGHT="71" GC="1.0">
                                <Shape>
                                    <Polygon POINTS="1242 2319 1243 2390 1243 2390 1242 2319"/>
                                </Shape>
                            </Glyph>
                            <Glyph ID="char_574" CONTENT="&#39;" HPOS="1298" VPOS="2309" WIDTH="15" HEIGHT="83" GC="0.9999">
                                <Shape>
                                    <Polygon POINTS="1298 2309 1299 2383 1313 2392 1312 2310"/>
                                </Shape>
                            </Glyph>
                            <Glyph ID="char_575" CONTENT="e" HPOS="1317" VPOS="2307" WIDTH="4" HEIGHT="87" GC="0.9998">
                                <Shape>
                                    <Polygon POINTS="1317 2307 1321 2394 1321 2394 1317 2307"/>
                                </Shape>
                            </Glyph>
                            <Glyph ID="char_576" CONTENT="s" HPOS="1345" VPOS="2301" WIDTH="4" HEIGHT="88" GC="1.0">
                                <Shape>
                                    <Polygon POINTS="1345 2301 1349 2389 1349 2389 1345 2301"/>
                                </Shape>
                            </Glyph>
                            <Glyph ID="char_577" CONTENT="t" HPOS="1374" VPOS="2317" WIDTH="3" HEIGHT="66" GC="1.0">
                                <Shape>
                                    <Polygon POINTS="1374 2317 1377 2383 1377 2383 1374 2317"/>
                                </Shape>
                            </Glyph>
                        </String>
                        <SP ID="segment_176" HPOS="1423"  VPOS="2294" WIDTH="11"  HEIGHT="86"/>
                        <String ID="segment_177" CONTENT="d&#39;approuver" HPOS="1444" VPOS="2291" WIDTH="361" HEIGHT="97" WC="0.9997">
                            <Shape>
                                <Polygon POINTS="1444 2297 1448 2381 1805 2368 1803 2309"/>
                            </Shape>
                            <Glyph ID="char_579" CONTENT="d" HPOS="1444" VPOS="2297" WIDTH="4" HEIGHT="84" GC="1.0">
                                <Shape>
                                    <Polygon POINTS="1444 2297 1448 2381 1448 2381 1444 2297"/>
                                </Shape>
                            </Glyph>
                            <Glyph ID="char_580" CONTENT="&#39;" HPOS="1479" VPOS="2301" WIDTH="11" HEIGHT="84" GC="1.0">
                                <Shape>
                                    <Polygon POINTS="1479 2304 1483 2384 1490 2385 1486 2301"/>
                                </Shape>
                            </Glyph>
                            <Glyph ID="char_581" CONTENT="a" HPOS="1500" VPOS="2291" WIDTH="4" HEIGHT="95" GC="1.0">
                                <Shape>
                                    <Polygon POINTS="1500 2291 1504 2386 1504 2386 1500 2291"/>
                                </Shape>
                            </Glyph>
                            <Glyph ID="char_582" CONTENT="p" HPOS="1543" VPOS="2308" WIDTH="3" HEIGHT="80" GC="0.9988">
                                <Shape>
                                    <Polygon POINTS="1543 2308 1546 2388 1546 2388 1543 2308"/>
                                </Shape>
                            </Glyph>
                            <Glyph ID="char_583" CONTENT="p" HPOS="1578" VPOS="2321" WIDTH="3" HEIGHT="65" GC="0.9981">
                                <Shape>
                                    <Polygon POINTS="1578 2321 1581 2386 1581 2386 1578 2321"/>
                                </Shape>
                            </Glyph>
                            <Glyph ID="char_584" CONTENT="r" HPOS="1620" VPOS="2320" WIDTH="2" HEIGHT="49" GC="1.0">
                                <Shape>
                                    <Polygon POINTS="1620 2320 1622 2369 1622 2369 1620 2320"/>
                                </Shape>
                            </Glyph>
                            <Glyph ID="char_585" CONTENT="o" HPOS="1655" VPOS="2319" WIDTH="2" HEIGHT="51" GC="1.0">
                                <Shape>
                                    <Polygon POINTS="1655 2319 1657 2370 1657 2370 1655 2319"/>
                                </Shape>
                            </Glyph>
                            <Glyph ID="char_586" CONTENT="u" HPOS="1697" VPOS="2319" WIDTH="2" HEIGHT="51" GC="1.0">
                                <Shape>
                                    <Polygon POINTS="1697 2319 1699 2370 1699 2370 1697 2319"/>
                                </Shape>
                            </Glyph>
                            <Glyph ID="char_587" CONTENT="v" HPOS="1733" VPOS="2318" WIDTH="2" HEIGHT="52" GC="1.0">
                                <Shape>
                                    <Polygon POINTS="1733 2318 1735 2370 1735 2370 1733 2318"/>
                                </Shape>
                            </Glyph>
                            <Glyph ID="char_588" CONTENT="e" HPOS="1768" VPOS="2317" WIDTH="3" HEIGHT="54" GC="0.9998">
                                <Shape>
                                    <Polygon POINTS="1768 2317 1771 2371 1771 2371 1768 2317"/>
                                </Shape>
                            </Glyph>
                            <Glyph ID="char_589" CONTENT="r" HPOS="1803" VPOS="2309" WIDTH="2" HEIGHT="59" GC="0.9999">
                                <Shape>
                                    <Polygon POINTS="1803 2309 1805 2368 1805 2368 1803 2309"/>
                                </Shape>
                            </Glyph>
                        </String>
                        <SP ID="segment_178" HPOS="1852"  VPOS="2300" WIDTH="10"  HEIGHT="74"/>
                        <String ID="segment_179" CONTENT="que" HPOS="1880" VPOS="2305" WIDTH="79" HEIGHT="70" WC="0.963">
                            <Shape>
                                <Polygon POINTS="1880 2305 1883 2375 1959 2356 1957 2311"/>
                            </Shape>
                            <Glyph ID="char_591" CONTENT="q" HPOS="1880" VPOS="2305" WIDTH="3" HEIGHT="70" GC="0.9934">
                                <Shape>
                                    <Polygon POINTS="1880 2305 1883 2375 1883 2375 1880 2305"/>
                                </Shape>
                            </Glyph>
                            <Glyph ID="char_592" CONTENT="u" HPOS="1915" VPOS="2310" WIDTH="2" HEIGHT="53" GC="0.9191">
                                <Shape>
                                    <Polygon POINTS="1915 2310 1917 2363 1917 2363 1915 2310"/>
                                </Shape>
                            </Glyph>
                            <Glyph ID="char_593" CONTENT="e" HPOS="1957" VPOS="2311" WIDTH="2" HEIGHT="45" GC="0.9764">
                                <Shape>
                                    <Polygon POINTS="1957 2311 1959 2356 1959 2356 1957 2311"/>
                                </Shape>
                            </Glyph>
                        </String>
                        <SP ID="segment_180" HPOS="2005"  VPOS="2287" WIDTH="3"  HEIGHT="73"/>
                        <String ID="segment_181" CONTENT="le" HPOS="2019" VPOS="2274" WIDTH="39" HEIGHT="87" WC="0.9993">
                            <Shape>
                                <Polygon POINTS="2019 2275 2022 2361 2058 2357 2055 2274"/>
                            </Shape>
                            <Glyph ID="char_595" CONTENT="l" HPOS="2019" VPOS="2275" WIDTH="3" HEIGHT="86" GC="0.9989">
                                <Shape>
                                    <Polygon POINTS="2019 2275 2022 2361 2022 2361 2019 2275"/>
                                </Shape>
                            </Glyph>
                            <Glyph ID="char_596" CONTENT="e" HPOS="2055" VPOS="2274" WIDTH="3" HEIGHT="83" GC="0.9997">
                                <Shape>
                                    <Polygon POINTS="2055 2274 2058 2357 2058 2357 2055 2274"/>
                                </Shape>
                            </Glyph>
                        </String>
                        <SP ID="segment_182" HPOS="2104"  VPOS="2281" WIDTH="10"  HEIGHT="71"/>
                        <String ID="segment_183" CONTENT="C" HPOS="2125" VPOS="2281" WIDTH="3" HEIGHT="68" WC="0.9996">
                            <Shape>
                                <Polygon POINTS="2125 2281 2128 2349 2128 2349 2125 2281"/>
                            </Shape>
                            <Glyph ID="char_598" CONTENT="C" HPOS="2125" VPOS="2281" WIDTH="3" HEIGHT="68" GC="0.9996">
                                <Shape>
                                    <Polygon POINTS="2125 2281 2128 2349 2128 2349 2125 2281"/>
                                </Shape>
                            </Glyph>
                        </String>
                    </TextLine>

                    <TextLine ID="6fcb5022-4662-4087-90b4-98325e18db94" HPOS="2202.0" VPOS="2252.0" WIDTH="104.0" HEIGHT="46.0" BASELINE="2202.0 2285.0 2306.0 2285.0" TAGREFS="LINE_TYPE_1">
                        <Shape>
                            <Polygon POINTS="2202.0 2285.0 2202.0 2298.0 2306.0 2294.0 2306.0 2285.0 2306.0 2252.0 2202.0 2252.0 2202.0 2285.0"/>
                        </Shape>
                        <String ID="segment_184" CONTENT="eu" HPOS="2218" VPOS="2252" WIDTH="41" HEIGHT="45" WC="0.9993">
                            <Shape>
                                <Polygon POINTS="2218 2252 2218 2297 2259 2296 2259 2252"/>
                            </Shape>
                            <Glyph ID="char_599" CONTENT="e" HPOS="2218" VPOS="2252" WIDTH="0" HEIGHT="45" GC="1.0">
                                <Shape>
                                    <Polygon POINTS="2218 2252 2218 2297 2218 2297 2218 2252"/>
                                </Shape>
                            </Glyph>
                            <Glyph ID="char_600" CONTENT="u" HPOS="2259" VPOS="2252" WIDTH="0" HEIGHT="44" GC="0.9987">
                                <Shape>
                                    <Polygon POINTS="2259 2252 2259 2296 2259 2296 2259 2252"/>
                                </Shape>
                            </Glyph>
                        </String>
                    </TextLine>

                    <TextLine ID="4dead456-064c-446c-85ec-817297beeef1" HPOS="632.0" VPOS="2403.0" WIDTH="1668.0" HEIGHT="127.0" BASELINE="634.0 2509.0 1486.0 2493.0 1999.0 2468.0 2300.0 2440.0" TAGREFS="LINE_TYPE_1">
                        <Shape>
                            <Polygon POINTS="634.0 2509.0 634.0 2530.0 900.0 2528.0 902.0 2528.0 904.0 2528.0 919.0 2518.0 1048.0 2528.0 1050.0 2528.0 1053.0 2528.0 1094.0 2514.0 1155.0 2524.0 1157.0 2524.0 1528.0 2514.0 1530.0 2514.0 1563.0 2499.0 1584.0 2512.0 1586.0 2512.0 1588.0 2512.0 1591.0 2512.0 2300.0 2470.0 2300.0 2440.0 2294.0 2403.0 2202.0 2407.0 2200.0 2407.0 2198.0 2407.0 2179.0 2424.0 2160.0 2413.0 2158.0 2413.0 2156.0 2413.0 2154.0 2413.0 2152.0 2413.0 2131.0 2430.0 2091.0 2421.0 2089.0 2421.0 2087.0 2421.0 2085.0 2421.0 2064.0 2434.0 1990.0 2426.0 1988.0 2426.0 1848.0 2442.0 1806.0 2442.0 1768.0 2415.0 1766.0 2415.0 1764.0 2415.0 1762.0 2415.0 1685.0 2417.0 1683.0 2417.0 1681.0 2417.0 1641.0 2449.0 1492.0 2453.0 1406.0 2440.0 1404.0 2440.0 1352.0 2449.0 1323.0 2430.0 1320.0 2430.0 1318.0 2430.0 1316.0 2430.0 1314.0 2430.0 1312.0 2430.0 1274.0 2459.0 1176.0 2434.0 1174.0 2434.0 1172.0 2434.0 1170.0 2434.0 1105.0 2465.0 1023.0 2457.0 1021.0 2457.0 1019.0 2457.0 1017.0 2457.0 1004.0 2468.0 935.0 2442.0 933.0 2442.0 931.0 2442.0 929.0 2442.0 879.0 2455.0 829.0 2447.0 826.0 2447.0 824.0 2447.0 822.0 2447.0 799.0 2463.0 632.0 2453.0 634.0 2509.0"/>
                        </Shape>
                        <String ID="segment_185" CONTENT="D&#39;aillebout" HPOS="676" VPOS="2444" WIDTH="345" HEIGHT="86" WC="0.9982">
                            <Shape>
                                <Polygon POINTS="676 2456 677 2530 1021 2526 1020 2457"/>
                            </Shape>
                            <Glyph ID="char_601" CONTENT="D" HPOS="676" VPOS="2456" WIDTH="1" HEIGHT="74" GC="1.0">
                                <Shape>
                                    <Polygon POINTS="676 2456 677 2530 677 2530 676 2456"/>
                                </Shape>
                            </Glyph>
                            <Glyph ID="char_602" CONTENT="&#39;" HPOS="719" VPOS="2458" WIDTH="1" HEIGHT="71" GC="0.9999">
                                <Shape>
                                    <Polygon POINTS="719 2458 720 2529 720 2529 719 2458"/>
                                </Shape>
                            </Glyph>
                            <Glyph ID="char_603" CONTENT="a" HPOS="737" VPOS="2459" WIDTH="1" HEIGHT="70" GC="1.0">
                                <Shape>
                                    <Polygon POINTS="737 2459 738 2529 738 2529 737 2459"/>
                                </Shape>
                            </Glyph>
                            <Glyph ID="char_604" CONTENT="i" HPOS="786" VPOS="2462" WIDTH="1" HEIGHT="67" GC="1.0">
                                <Shape>
                                    <Polygon POINTS="786 2462 787 2529 787 2529 786 2462"/>
                                </Shape>
                            </Glyph>
                            <Glyph ID="char_605" CONTENT="l" HPOS="811" VPOS="2455" WIDTH="1" HEIGHT="74" GC="1.0">
                                <Shape>
                                    <Polygon POINTS="811 2455 812 2529 812 2529 811 2455"/>
                                </Shape>
                            </Glyph>
                            <Glyph ID="char_606" CONTENT="l" HPOS="835" VPOS="2448" WIDTH="1" HEIGHT="80" GC="0.9826">
                                <Shape>
                                    <Polygon POINTS="835 2448 836 2528 836 2528 835 2448"/>
                                </Shape>
                            </Glyph>
                            <Glyph ID="char_607" CONTENT="e" HPOS="860" VPOS="2452" WIDTH="1" HEIGHT="76" GC="0.9998">
                                <Shape>
                                    <Polygon POINTS="860 2452 861 2528 861 2528 860 2452"/>
                                </Shape>
                            </Glyph>
                            <Glyph ID="char_608" CONTENT="b" HPOS="891" VPOS="2452" WIDTH="1" HEIGHT="76" GC="1.0">
                                <Shape>
                                    <Polygon POINTS="891 2452 892 2528 892 2528 891 2452"/>
                                </Shape>
                            </Glyph>
                            <Glyph ID="char_609" CONTENT="o" HPOS="940" VPOS="2444" WIDTH="1" HEIGHT="76" GC="0.9997">
                                <Shape>
                                    <Polygon POINTS="940 2444 941 2520 941 2520 940 2444"/>
                                </Shape>
                            </Glyph>
                            <Glyph ID="char_610" CONTENT="u" HPOS="989" VPOS="2462" WIDTH="1" HEIGHT="62" GC="0.9997">
                                <Shape>
                                    <Polygon POINTS="989 2462 990 2524 990 2524 989 2462"/>
                                </Shape>
                            </Glyph>
                            <Glyph ID="char_611" CONTENT="t" HPOS="1020" VPOS="2457" WIDTH="1" HEIGHT="69" GC="0.9984">
                                <Shape>
                                    <Polygon POINTS="1020 2457 1021 2526 1021 2526 1020 2457"/>
                                </Shape>
                            </Glyph>
                        </String>
                        <SP ID="segment_186" HPOS="1099"  VPOS="2464" WIDTH="7"  HEIGHT="52"/>
                        <String ID="segment_187" CONTENT="soit" HPOS="1124" VPOS="2438" WIDTH="99" HEIGHT="86" WC="0.9999">
                            <Shape>
                                <Polygon POINTS="1124 2456 1125 2519 1223 2522 1222 2446"/>
                            </Shape>
                            <Glyph ID="char_613" CONTENT="s" HPOS="1124" VPOS="2456" WIDTH="1" HEIGHT="63" GC="1.0">
                                <Shape>
                                    <Polygon POINTS="1124 2456 1125 2519 1125 2519 1124 2456"/>
                                </Shape>
                            </Glyph>
                            <Glyph ID="char_614" CONTENT="o" HPOS="1161" VPOS="2438" WIDTH="1" HEIGHT="86" GC="0.9998">
                                <Shape>
                                    <Polygon POINTS="1161 2438 1162 2524 1162 2524 1161 2438"/>
                                </Shape>
                            </Glyph>
                            <Glyph ID="char_615" CONTENT="i" HPOS="1191" VPOS="2438" WIDTH="1" HEIGHT="85" GC="1.0">
                                <Shape>
                                    <Polygon POINTS="1191 2438 1192 2523 1192 2523 1191 2438"/>
                                </Shape>
                            </Glyph>
                            <Glyph ID="char_616" CONTENT="t" HPOS="1222" VPOS="2446" WIDTH="1" HEIGHT="76" GC="0.9999">
                                <Shape>
                                    <Polygon POINTS="1222 2446 1223 2522 1223 2522 1222 2446"/>
                                </Shape>
                            </Glyph>
                        </String>
                        <SP ID="segment_188" HPOS="1277"  VPOS="2452" WIDTH="7"  HEIGHT="69"/>
                        <String ID="segment_189" CONTENT="toujours" HPOS="1296" VPOS="2432" WIDTH="247" HEIGHT="88" WC="0.9515">
                            <Shape>
                                <Polygon POINTS="1296 2442 1297 2520 1543 2508 1540 2452"/>
                            </Shape>
                            <Glyph ID="char_618" CONTENT="t" HPOS="1296" VPOS="2442" WIDTH="1" HEIGHT="78" GC="1.0">
                                <Shape>
                                    <Polygon POINTS="1296 2442 1297 2520 1297 2520 1296 2442"/>
                                </Shape>
                            </Glyph>
                            <Glyph ID="char_619" CONTENT="o" HPOS="1326" VPOS="2432" WIDTH="1" HEIGHT="87" GC="0.9985">
                                <Shape>
                                    <Polygon POINTS="1326 2432 1327 2519 1327 2519 1326 2432"/>
                                </Shape>
                            </Glyph>
                            <Glyph ID="char_620" CONTENT="u" HPOS="1363" VPOS="2447" WIDTH="1" HEIGHT="71" GC="1.0">
                                <Shape>
                                    <Polygon POINTS="1363 2447 1364 2518 1364 2518 1363 2447"/>
                                </Shape>
                            </Glyph>
                            <Glyph ID="char_621" CONTENT="j" HPOS="1388" VPOS="2443" WIDTH="1" HEIGHT="75" GC="0.9996">
                                <Shape>
                                    <Polygon POINTS="1388 2443 1389 2518 1389 2518 1388 2443"/>
                                </Shape>
                            </Glyph>
                            <Glyph ID="char_622" CONTENT="o" HPOS="1425" VPOS="2443" WIDTH="1" HEIGHT="74" GC="0.6136">
                                <Shape>
                                    <Polygon POINTS="1425 2443 1426 2517 1426 2517 1425 2443"/>
                                </Shape>
                            </Glyph>
                            <Glyph ID="char_623" CONTENT="u" HPOS="1474" VPOS="2450" WIDTH="1" HEIGHT="65" GC="1.0">
                                <Shape>
                                    <Polygon POINTS="1474 2450 1475 2515 1475 2515 1474 2450"/>
                                </Shape>
                            </Glyph>
                            <Glyph ID="char_624" CONTENT="r" HPOS="1503" VPOS="2453" WIDTH="9" HEIGHT="62" GC="0.9999">
                                <Shape>
                                    <Polygon POINTS="1503 2453 1506 2515 1512 2514 1509 2453"/>
                                </Shape>
                            </Glyph>
                            <Glyph ID="char_625" CONTENT="s" HPOS="1540" VPOS="2452" WIDTH="3" HEIGHT="56" GC="1.0">
                                <Shape>
                                    <Polygon POINTS="1540 2452 1543 2508 1543 2508 1540 2452"/>
                                </Shape>
                            </Glyph>
                        </String>
                        <SP ID="segment_190" HPOS="1571"  VPOS="2451" WIDTH="9"  HEIGHT="58"/>
                        <String ID="segment_191" CONTENT="considéré" HPOS="1589" VPOS="2415" WIDTH="291" HEIGHT="97" WC="0.9934">
                            <Shape>
                                <Polygon POINTS="1589 2450 1592 2512 1880 2495 1878 2439"/>
                            </Shape>
                            <Glyph ID="char_627" CONTENT="c" HPOS="1589" VPOS="2450" WIDTH="3" HEIGHT="62" GC="1.0">
                                <Shape>
                                    <Polygon POINTS="1589 2450 1592 2512 1592 2512 1589 2450"/>
                                </Shape>
                            </Glyph>
                            <Glyph ID="char_628" CONTENT="o" HPOS="1620" VPOS="2450" WIDTH="3" HEIGHT="60" GC="0.9438">
                                <Shape>
                                    <Polygon POINTS="1620 2450 1623 2510 1623 2510 1620 2450"/>
                                </Shape>
                            </Glyph>
                            <Glyph ID="char_629" CONTENT="n" HPOS="1662" VPOS="2432" WIDTH="4" HEIGHT="76" GC="0.999">
                                <Shape>
                                    <Polygon POINTS="1662 2432 1666 2508 1666 2508 1662 2432"/>
                                </Shape>
                            </Glyph>
                            <Glyph ID="char_630" CONTENT="s" HPOS="1698" VPOS="2417" WIDTH="5" HEIGHT="88" GC="1.0">
                                <Shape>
                                    <Polygon POINTS="1698 2417 1703 2505 1703 2505 1698 2417"/>
                                </Shape>
                            </Glyph>
                            <Glyph ID="char_631" CONTENT="i" HPOS="1728" VPOS="2416" WIDTH="5" HEIGHT="88" GC="1.0">
                                <Shape>
                                    <Polygon POINTS="1728 2416 1733 2504 1733 2504 1728 2416"/>
                                </Shape>
                            </Glyph>
                            <Glyph ID="char_632" CONTENT="d" HPOS="1753" VPOS="2415" WIDTH="5" HEIGHT="87" GC="0.9999">
                                <Shape>
                                    <Polygon POINTS="1753 2415 1758 2502 1758 2502 1753 2415"/>
                                </Shape>
                            </Glyph>
                            <Glyph ID="char_633" CONTENT="e" HPOS="1791" VPOS="2431" WIDTH="4" HEIGHT="69" GC="1.0">
                                <Shape>
                                    <Polygon POINTS="1791 2431 1795 2500 1795 2500 1791 2431"/>
                                </Shape>
                            </Glyph>
                            <Glyph ID="char_634" CONTENT="́" HPOS="1797" VPOS="2436" WIDTH="10" HEIGHT="64" GC="1.0">
                                <Shape>
                                    <Polygon POINTS="1797 2436 1801 2500 1807 2499 1804 2440"/>
                                </Shape>
                            </Glyph>
                            <Glyph ID="char_635" CONTENT="r" HPOS="1822" VPOS="2442" WIDTH="3" HEIGHT="56" GC="1.0">
                                <Shape>
                                    <Polygon POINTS="1822 2442 1825 2498 1825 2498 1822 2442"/>
                                </Shape>
                            </Glyph>
                            <Glyph ID="char_636" CONTENT="e" HPOS="1865" VPOS="2440" WIDTH="2" HEIGHT="56" GC="0.9845">
                                <Shape>
                                    <Polygon POINTS="1865 2440 1867 2496 1867 2496 1865 2440"/>
                                </Shape>
                            </Glyph>
                            <Glyph ID="char_637" CONTENT="́" HPOS="1871" VPOS="2439" WIDTH="9" HEIGHT="56" GC="0.9998">
                                <Shape>
                                    <Polygon POINTS="1871 2439 1873 2495 1880 2495 1878 2439"/>
                                </Shape>
                            </Glyph>
                        </String>
                        <SP ID="segment_192" HPOS="1926"  VPOS="2432" WIDTH="9"  HEIGHT="60"/>
                        <String ID="segment_193" CONTENT="comme" HPOS="1944" VPOS="2414" WIDTH="213" HEIGHT="77" WC="0.8889">
                            <Shape>
                                <Polygon POINTS="1944 2431 1947 2491 2157 2478 2151 2414"/>
                            </Shape>
                            <Glyph ID="char_639" CONTENT="c" HPOS="1944" VPOS="2431" WIDTH="3" HEIGHT="60" GC="0.9997">
                                <Shape>
                                    <Polygon POINTS="1944 2431 1947 2491 1947 2491 1944 2431"/>
                                </Shape>
                            </Glyph>
                            <Glyph ID="char_640" CONTENT="o" HPOS="1981" VPOS="2427" WIDTH="3" HEIGHT="62" GC="0.6079">
                                <Shape>
                                    <Polygon POINTS="1981 2427 1984 2489 1984 2489 1981 2427"/>
                                </Shape>
                            </Glyph>
                            <Glyph ID="char_641" CONTENT="m" HPOS="2029" VPOS="2430" WIDTH="5" HEIGHT="56" GC="0.8371">
                                <Shape>
                                    <Polygon POINTS="2029 2430 2034 2486 2034 2486 2029 2430"/>
                                </Shape>
                            </Glyph>
                            <Glyph ID="char_642" CONTENT="m" HPOS="2096" VPOS="2422" WIDTH="6" HEIGHT="60" GC="0.9999">
                                <Shape>
                                    <Polygon POINTS="2096 2422 2102 2482 2102 2482 2096 2422"/>
                                </Shape>
                            </Glyph>
                            <Glyph ID="char_643" CONTENT="e" HPOS="2151" VPOS="2414" WIDTH="6" HEIGHT="64" GC="1.0">
                                <Shape>
                                    <Polygon POINTS="2151 2414 2157 2478 2157 2478 2151 2414"/>
                                </Shape>
                            </Glyph>
                        </String>
                        <SP ID="segment_194" HPOS="2188"  VPOS="2411" WIDTH="12"  HEIGHT="65"/>
                        <String ID="segment_195" CONTENT="en" HPOS="2205" VPOS="2405" WIDTH="44" HEIGHT="70" WC="0.997">
                            <Shape>
                                <Polygon POINTS="2205 2407 2212 2475 2249 2473 2242 2405"/>
                            </Shape>
                            <Glyph ID="char_645" CONTENT="e" HPOS="2205" VPOS="2407" WIDTH="7" HEIGHT="68" GC="1.0">
                                <Shape>
                                    <Polygon POINTS="2205 2407 2212 2475 2212 2475 2205 2407"/>
                                </Shape>
                            </Glyph>
                            <Glyph ID="char_646" CONTENT="n" HPOS="2242" VPOS="2405" WIDTH="7" HEIGHT="68" GC="0.9941">
                                <Shape>
                                    <Polygon POINTS="2242 2405 2249 2473 2249 2473 2242 2405"/>
                                </Shape>
                            </Glyph>
                        </String>
                    </TextLine>

                    <TextLine ID="d3d2d9d6-8d6e-42cd-9cb2-6899f4336807" HPOS="636.0" VPOS="2526.0" WIDTH="1652.0" HEIGHT="128.0" BASELINE="638.0 2635.0 1756.0 2604.0 2288.0 2560.0" TAGREFS="LINE_TYPE_1">
                        <Shape>
                            <Polygon POINTS="638.0 2635.0 638.0 2654.0 952.0 2643.0 1120.0 2650.0 1122.0 2650.0 1124.0 2650.0 1126.0 2650.0 1138.0 2639.0 1233.0 2650.0 1235.0 2650.0 1237.0 2650.0 1239.0 2650.0 1239.0 2648.0 1256.0 2633.0 1283.0 2648.0 1285.0 2648.0 1287.0 2648.0 1289.0 2648.0 1406.0 2618.0 1429.0 2635.0 1431.0 2635.0 1434.0 2635.0 1436.0 2635.0 1492.0 2629.0 1524.0 2650.0 1526.0 2650.0 1528.0 2650.0 1530.0 2650.0 1645.0 2631.0 1676.0 2645.0 1678.0 2645.0 1681.0 2645.0 1844.0 2639.0 1846.0 2639.0 1911.0 2608.0 1986.0 2612.0 1988.0 2612.0 2097.0 2604.0 2099.0 2604.0 2101.0 2604.0 2126.0 2587.0 2288.0 2581.0 2288.0 2560.0 2286.0 2528.0 2170.0 2526.0 2168.0 2526.0 1946.0 2560.0 1869.0 2543.0 1867.0 2543.0 1865.0 2543.0 1863.0 2543.0 1838.0 2564.0 1758.0 2543.0 1756.0 2543.0 1754.0 2543.0 1752.0 2543.0 1750.0 2543.0 1722.0 2568.0 1697.0 2560.0 1695.0 2560.0 1693.0 2560.0 1691.0 2560.0 1689.0 2560.0 1670.0 2572.0 1517.0 2574.0 1488.0 2560.0 1486.0 2560.0 1484.0 2560.0 1482.0 2560.0 1434.0 2581.0 1289.0 2587.0 1228.0 2587.0 1186.0 2564.0 1184.0 2564.0 1182.0 2564.0 1180.0 2564.0 1071.0 2593.0 1023.0 2570.0 1021.0 2570.0 1019.0 2570.0 979.0 2572.0 977.0 2572.0 975.0 2572.0 975.0 2574.0 952.0 2593.0 837.0 2578.0 835.0 2578.0 833.0 2578.0 831.0 2578.0 793.0 2602.0 747.0 2581.0 745.0 2581.0 743.0 2581.0 636.0 2602.0 638.0 2635.0"/>
                        </Shape>
                        <String ID="segment_196" CONTENT="aclivité" HPOS="669" VPOS="2580" WIDTH="245" HEIGHT="73" WC="0.9989">
                            <Shape>
                                <Polygon POINTS="669 2596 671 2653 914 2644 913 2588"/>
                            </Shape>
                            <Glyph ID="char_647" CONTENT="a" HPOS="669" VPOS="2596" WIDTH="2" HEIGHT="57" GC="1.0">
                                <Shape>
                                    <Polygon POINTS="669 2596 671 2653 671 2653 669 2596"/>
                                </Shape>
                            </Glyph>
                            <Glyph ID="char_648" CONTENT="c" HPOS="708" VPOS="2588" WIDTH="1" HEIGHT="63" GC="0.9995">
                                <Shape>
                                    <Polygon POINTS="708 2588 709 2651 709 2651 708 2588"/>
                                </Shape>
                            </Glyph>
                            <Glyph ID="char_649" CONTENT="l" HPOS="733" VPOS="2583" WIDTH="1" HEIGHT="68" GC="0.9979">
                                <Shape>
                                    <Polygon POINTS="733 2583 734 2651 734 2651 733 2583"/>
                                </Shape>
                            </Glyph>
                            <Glyph ID="char_650" CONTENT="i" HPOS="759" VPOS="2586" WIDTH="1" HEIGHT="64" GC="1.0">
                                <Shape>
                                    <Polygon POINTS="759 2586 760 2650 760 2650 759 2586"/>
                                </Shape>
                            </Glyph>
                            <Glyph ID="char_651" CONTENT="v" HPOS="791" VPOS="2601" WIDTH="1" HEIGHT="48" GC="0.9963">
                                <Shape>
                                    <Polygon POINTS="791 2601 792 2649 792 2649 791 2601"/>
                                </Shape>
                            </Glyph>
                            <Glyph ID="char_652" CONTENT="i" HPOS="829" VPOS="2580" WIDTH="1" HEIGHT="67" GC="1.0">
                                <Shape>
                                    <Polygon POINTS="829 2580 830 2647 830 2647 829 2580"/>
                                </Shape>
                            </Glyph>
                            <Glyph ID="char_653" CONTENT="t" HPOS="861" VPOS="2581" WIDTH="1" HEIGHT="65" GC="1.0">
                                <Shape>
                                    <Polygon POINTS="861 2581 862 2646 862 2646 861 2581"/>
                                </Shape>
                            </Glyph>
                            <Glyph ID="char_654" CONTENT="e" HPOS="900" VPOS="2586" WIDTH="1" HEIGHT="59" GC="0.9969">
                                <Shape>
                                    <Polygon POINTS="900 2586 901 2645 901 2645 900 2586"/>
                                </Shape>
                            </Glyph>
                            <Glyph ID="char_655" CONTENT="́" HPOS="906" VPOS="2587" WIDTH="8" HEIGHT="58" GC="1.0">
                                <Shape>
                                    <Polygon POINTS="906 2587 907 2645 914 2644 913 2588"/>
                                </Shape>
                            </Glyph>
                        </String>
                        <SP ID="segment_197" HPOS="970"  VPOS="2572" WIDTH="8"  HEIGHT="72"/>
                        <String ID="segment_198" CONTENT="de" HPOS="989" VPOS="2571" WIDTH="46" HEIGHT="75" WC="1.0">
                            <Shape>
                                <Polygon POINTS="989 2571 991 2645 1035 2646 1033 2575"/>
                            </Shape>
                            <Glyph ID="char_657" CONTENT="d" HPOS="989" VPOS="2571" WIDTH="2" HEIGHT="74" GC="1.0">
                                <Shape>
                                    <Polygon POINTS="989 2571 991 2645 991 2645 989 2571"/>
                                </Shape>
                            </Glyph>
                            <Glyph ID="char_658" CONTENT="e" HPOS="1033" VPOS="2575" WIDTH="2" HEIGHT="71" GC="1.0">
                                <Shape>
                                    <Polygon POINTS="1033 2575 1035 2646 1035 2646 1033 2575"/>
                                </Shape>
                            </Glyph>
                        </String>
                        <SP ID="segment_199" HPOS="1092"  VPOS="2586" WIDTH="9"  HEIGHT="63"/>
                        <String ID="segment_200" CONTENT="service" HPOS="1111" VPOS="2569" WIDTH="232" HEIGHT="81" WC="0.9943">
                            <Shape>
                                <Polygon POINTS="1111 2582 1113 2650 1343 2634 1342 2585"/>
                            </Shape>
                            <Glyph ID="char_660" CONTENT="s" HPOS="1111" VPOS="2582" WIDTH="2" HEIGHT="68" GC="1.0">
                                <Shape>
                                    <Polygon POINTS="1111 2582 1113 2650 1113 2650 1111 2582"/>
                                </Shape>
                            </Glyph>
                            <Glyph ID="char_661" CONTENT="e" HPOS="1162" VPOS="2569" WIDTH="2" HEIGHT="73" GC="0.9989">
                                <Shape>
                                    <Polygon POINTS="1162 2569 1164 2642 1164 2642 1162 2569"/>
                                </Shape>
                            </Glyph>
                            <Glyph ID="char_662" CONTENT="r" HPOS="1200" VPOS="2572" WIDTH="3" HEIGHT="74" GC="1.0">
                                <Shape>
                                    <Polygon POINTS="1200 2572 1203 2646 1203 2646 1200 2572"/>
                                </Shape>
                            </Glyph>
                            <Glyph ID="char_663" CONTENT="v" HPOS="1233" VPOS="2587" WIDTH="2" HEIGHT="63" GC="0.9966">
                                <Shape>
                                    <Polygon POINTS="1233 2587 1235 2650 1235 2650 1233 2587"/>
                                </Shape>
                            </Glyph>
                            <Glyph ID="char_664" CONTENT="i" HPOS="1272" VPOS="2587" WIDTH="8" HEIGHT="59" GC="0.9999">
                                <Shape>
                                    <Polygon POINTS="1272 2587 1273 2643 1280 2646 1278 2587"/>
                                </Shape>
                            </Glyph>
                            <Glyph ID="char_665" CONTENT="c" HPOS="1304" VPOS="2586" WIDTH="1" HEIGHT="58" GC="0.9645">
                                <Shape>
                                    <Polygon POINTS="1304 2586 1305 2644 1305 2644 1304 2586"/>
                                </Shape>
                            </Glyph>
                            <Glyph ID="char_666" CONTENT="e" HPOS="1342" VPOS="2585" WIDTH="1" HEIGHT="49" GC="1.0">
                                <Shape>
                                    <Polygon POINTS="1342 2585 1343 2634 1343 2634 1342 2585"/>
                                </Shape>
                            </Glyph>
                        </String>
                        <SP ID="segment_201" HPOS="1419"  VPOS="2581" WIDTH="8"  HEIGHT="53"/>
                        <String ID="segment_202" CONTENT="et" HPOS="1445" VPOS="2562" WIDTH="33" HEIGHT="72" WC="1.0">
                            <Shape>
                                <Polygon POINTS="1445 2576 1446 2634 1478 2630 1476 2562"/>
                            </Shape>
                            <Glyph ID="char_668" CONTENT="e" HPOS="1445" VPOS="2576" WIDTH="1" HEIGHT="58" GC="1.0">
                                <Shape>
                                    <Polygon POINTS="1445 2576 1446 2634 1446 2634 1445 2576"/>
                                </Shape>
                            </Glyph>
                            <Glyph ID="char_669" CONTENT="t" HPOS="1476" VPOS="2562" WIDTH="2" HEIGHT="68" GC="1.0">
                                <Shape>
                                    <Polygon POINTS="1476 2562 1478 2630 1478 2630 1476 2562"/>
                                </Shape>
                            </Glyph>
                        </String>
                        <SP ID="segment_203" HPOS="1515"  VPOS="2573" WIDTH="9"  HEIGHT="77"/>
                        <String ID="segment_204" CONTENT="que" HPOS="1541" VPOS="2573" WIDTH="91" HEIGHT="75" WC="1.0">
                            <Shape>
                                <Polygon POINTS="1541 2574 1543 2648 1632 2633 1631 2573"/>
                            </Shape>
                            <Glyph ID="char_671" CONTENT="q" HPOS="1541" VPOS="2574" WIDTH="2" HEIGHT="74" GC="1.0">
                                <Shape>
                                    <Polygon POINTS="1541 2574 1543 2648 1543 2648 1541 2574"/>
                                </Shape>
                            </Glyph>
                            <Glyph ID="char_672" CONTENT="u" HPOS="1586" VPOS="2573" WIDTH="2" HEIGHT="67" GC="1.0">
                                <Shape>
                                    <Polygon POINTS="1586 2573 1588 2640 1588 2640 1586 2573"/>
                                </Shape>
                            </Glyph>
                            <Glyph ID="char_673" CONTENT="e" HPOS="1631" VPOS="2573" WIDTH="1" HEIGHT="60" GC="1.0">
                                <Shape>
                                    <Polygon POINTS="1631 2573 1632 2633 1632 2633 1631 2573"/>
                                </Shape>
                            </Glyph>
                        </String>
                        <SP ID="segment_205" HPOS="1681"  VPOS="2561" WIDTH="9"  HEIGHT="84"/>
                        <String ID="segment_206" CONTENT="sa" HPOS="1700" VPOS="2544" WIDTH="69" HEIGHT="100" WC="0.991">
                            <Shape>
                                <Polygon POINTS="1700 2561 1703 2644 1769 2642 1761 2544"/>
                            </Shape>
                            <Glyph ID="char_675" CONTENT="s" HPOS="1700" VPOS="2561" WIDTH="3" HEIGHT="83" GC="0.9819">
                                <Shape>
                                    <Polygon POINTS="1700 2561 1703 2644 1703 2644 1700 2561"/>
                                </Shape>
                            </Glyph>
                            <Glyph ID="char_676" CONTENT="a" HPOS="1761" VPOS="2544" WIDTH="8" HEIGHT="98" GC="1.0">
                                <Shape>
                                    <Polygon POINTS="1761 2544 1769 2642 1769 2642 1761 2544"/>
                                </Shape>
                            </Glyph>
                        </String>
                        <SP ID="segment_207" HPOS="1833"  VPOS="2563" WIDTH="13"  HEIGHT="76"/>
                        <String ID="segment_208" CONTENT="journée" HPOS="1852" VPOS="2541" WIDTH="223" HEIGHT="92" WC="0.9989">
                            <Shape>
                                <Polygon POINTS="1852 2553 1858 2633 2075 2606 2069 2541"/>
                            </Shape>
                            <Glyph ID="char_678" CONTENT="j" HPOS="1852" VPOS="2553" WIDTH="6" HEIGHT="80" GC="1.0">
                                <Shape>
                                    <Polygon POINTS="1852 2553 1858 2633 1858 2633 1852 2553"/>
                                </Shape>
                            </Glyph>
                            <Glyph ID="char_679" CONTENT="o" HPOS="1897" VPOS="2549" WIDTH="5" HEIGHT="63" GC="0.9996">
                                <Shape>
                                    <Polygon POINTS="1897 2549 1902 2612 1902 2612 1897 2549"/>
                                </Shape>
                            </Glyph>
                            <Glyph ID="char_680" CONTENT="u" HPOS="1943" VPOS="2559" WIDTH="4" HEIGHT="51" GC="0.9987">
                                <Shape>
                                    <Polygon POINTS="1943 2559 1947 2610 1947 2610 1943 2559"/>
                                </Shape>
                            </Glyph>
                            <Glyph ID="char_681" CONTENT="r" HPOS="1967" VPOS="2556" WIDTH="12" HEIGHT="56" GC="0.9998">
                                <Shape>
                                    <Polygon POINTS="1967 2557 1972 2611 1979 2612 1974 2556"/>
                                </Shape>
                            </Glyph>
                            <Glyph ID="char_682" CONTENT="n" HPOS="1999" VPOS="2552" WIDTH="5" HEIGHT="59" GC="0.9937">
                                <Shape>
                                    <Polygon POINTS="1999 2552 2004 2611 2004 2611 1999 2552"/>
                                </Shape>
                            </Glyph>
                            <Glyph ID="char_683" CONTENT="e" HPOS="2038" VPOS="2546" WIDTH="5" HEIGHT="62" GC="0.9998">
                                <Shape>
                                    <Polygon POINTS="2038 2546 2043 2608 2043 2608 2038 2546"/>
                                </Shape>
                            </Glyph>
                            <Glyph ID="char_684" CONTENT="́" HPOS="2044" VPOS="2543" WIDTH="18" HEIGHT="65" GC="0.9996">
                                <Shape>
                                    <Polygon POINTS="2044 2545 2049 2608 2062 2607 2057 2543"/>
                                </Shape>
                            </Glyph>
                            <Glyph ID="char_685" CONTENT="e" HPOS="2069" VPOS="2541" WIDTH="6" HEIGHT="65" GC="0.9998">
                                <Shape>
                                    <Polygon POINTS="2069 2541 2075 2606 2075 2606 2069 2541"/>
                                </Shape>
                            </Glyph>
                        </String>
                        <SP ID="segment_209" HPOS="2127"  VPOS="2531" WIDTH="10"  HEIGHT="56"/>
                        <String ID="segment_210" CONTENT="soit" HPOS="2146" VPOS="2526" WIDTH="94" HEIGHT="60" WC="0.8963">
                            <Shape>
                                <Polygon POINTS="2146 2529 2150 2586 2240 2583 2236 2527"/>
                            </Shape>
                            <Glyph ID="char_687" CONTENT="s" HPOS="2146" VPOS="2529" WIDTH="4" HEIGHT="57" GC="0.9293">
                                <Shape>
                                    <Polygon POINTS="2146 2529 2150 2586 2150 2586 2146 2529"/>
                                </Shape>
                            </Glyph>
                            <Glyph ID="char_688" CONTENT="o" HPOS="2191" VPOS="2526" WIDTH="4" HEIGHT="58" GC="0.7689">
                                <Shape>
                                    <Polygon POINTS="2191 2526 2195 2584 2195 2584 2191 2526"/>
                                </Shape>
                            </Glyph>
                            <Glyph ID="char_689" CONTENT="i" HPOS="2216" VPOS="2527" WIDTH="4" HEIGHT="57" GC="0.8955">
                                <Shape>
                                    <Polygon POINTS="2216 2527 2220 2584 2220 2584 2216 2527"/>
                                </Shape>
                            </Glyph>
                            <Glyph ID="char_690" CONTENT="t" HPOS="2236" VPOS="2527" WIDTH="4" HEIGHT="56" GC="0.9915">
                                <Shape>
                                    <Polygon POINTS="2236 2527 2240 2583 2240 2583 2236 2527"/>
                                </Shape>
                            </Glyph>
                        </String>
                    </TextLine>

                    <TextLine ID="ab654330-546e-4ed1-9663-bcd95d412d32" HPOS="628.0" VPOS="2641.0" WIDTH="1678.0" HEIGHT="174.0" BASELINE="630.0 2765.0 1155.0 2754.0 2306.0 2702.0" TAGREFS="LINE_TYPE_1">
                        <Shape>
                            <Polygon POINTS="630.0 2765.0 634.0 2815.0 674.0 2784.0 701.0 2784.0 808.0 2802.0 810.0 2802.0 812.0 2802.0 814.0 2802.0 837.0 2784.0 1029.0 2773.0 1073.0 2773.0 1103.0 2794.0 1105.0 2794.0 1107.0 2794.0 1109.0 2794.0 1191.0 2792.0 1333.0 2761.0 1369.0 2769.0 1371.0 2769.0 1373.0 2769.0 1375.0 2769.0 1400.0 2759.0 1423.0 2773.0 1425.0 2773.0 1427.0 2773.0 1429.0 2773.0 1595.0 2750.0 1748.0 2769.0 1750.0 2769.0 1871.0 2744.0 1949.0 2752.0 1951.0 2752.0 2196.0 2723.0 2252.0 2748.0 2254.0 2748.0 2256.0 2748.0 2258.0 2748.0 2260.0 2748.0 2306.0 2719.0 2306.0 2702.0 2298.0 2641.0 2219.0 2654.0 2183.0 2645.0 2181.0 2645.0 2179.0 2645.0 2177.0 2645.0 2175.0 2645.0 2141.0 2673.0 2064.0 2650.0 2062.0 2650.0 2059.0 2650.0 2057.0 2650.0 2055.0 2650.0 2003.0 2685.0 1764.0 2692.0 1714.0 2671.0 1712.0 2671.0 1710.0 2671.0 1708.0 2671.0 1683.0 2683.0 1658.0 2666.0 1655.0 2666.0 1653.0 2666.0 1651.0 2666.0 1607.0 2669.0 1605.0 2669.0 1538.0 2704.0 1494.0 2704.0 1452.0 2675.0 1450.0 2675.0 1448.0 2675.0 1446.0 2675.0 1402.0 2677.0 1400.0 2677.0 1398.0 2677.0 1358.0 2708.0 1325.0 2710.0 1289.0 2692.0 1287.0 2692.0 1285.0 2692.0 1283.0 2692.0 1222.0 2715.0 1180.0 2687.0 1178.0 2687.0 1176.0 2687.0 1140.0 2687.0 1138.0 2687.0 1050.0 2692.0 1048.0 2692.0 1046.0 2692.0 1006.0 2725.0 751.0 2729.0 705.0 2719.0 703.0 2719.0 701.0 2719.0 628.0 2735.0 630.0 2765.0"/>
                        </Shape>
                        <String ID="segment_211" CONTENT="payée" HPOS="659" VPOS="2727" WIDTH="214" HEIGHT="74" WC="0.9658">
                            <Shape>
                                <Polygon POINTS="659 2728 661 2794 873 2782 872 2727"/>
                            </Shape>
                            <Glyph ID="char_691" CONTENT="p" HPOS="659" VPOS="2728" WIDTH="2" HEIGHT="66" GC="1.0">
                                <Shape>
                                    <Polygon POINTS="659 2728 661 2794 661 2794 659 2728"/>
                                </Shape>
                            </Glyph>
                            <Glyph ID="char_692" CONTENT="a" HPOS="769" VPOS="2729" WIDTH="2" HEIGHT="67" GC="1.0">
                                <Shape>
                                    <Polygon POINTS="769 2729 771 2796 771 2796 769 2729"/>
                                </Shape>
                            </Glyph>
                            <Glyph ID="char_693" CONTENT="y" HPOS="813" VPOS="2728" WIDTH="2" HEIGHT="73" GC="0.999">
                                <Shape>
                                    <Polygon POINTS="813 2728 815 2801 815 2801 813 2728"/>
                                </Shape>
                            </Glyph>
                            <Glyph ID="char_694" CONTENT="e" HPOS="843" VPOS="2728" WIDTH="1" HEIGHT="56" GC="1.0">
                                <Shape>
                                    <Polygon POINTS="843 2728 844 2784 844 2784 843 2728"/>
                                </Shape>
                            </Glyph>
                            <Glyph ID="char_695" CONTENT="́" HPOS="850" VPOS="2727" WIDTH="8" HEIGHT="56" GC="0.9999">
                                <Shape>
                                    <Polygon POINTS="850 2727 851 2783 858 2783 857 2727"/>
                                </Shape>
                            </Glyph>
                            <Glyph ID="char_696" CONTENT="e" HPOS="872" VPOS="2727" WIDTH="1" HEIGHT="55" GC="0.7958">
                                <Shape>
                                    <Polygon POINTS="872 2727 873 2782 873 2782 872 2727"/>
                                </Shape>
                            </Glyph>
                        </String>
                        <SP ID="segment_212" HPOS="924"  VPOS="2726" WIDTH="8"  HEIGHT="53"/>
                        <String ID="segment_213" CONTENT="à" HPOS="953" VPOS="2725" WIDTH="23" HEIGHT="52" WC="1.0">
                            <Shape>
                                <Polygon POINTS="953 2726 954 2777 976 2776 975 2725"/>
                            </Shape>
                            <Glyph ID="char_698" CONTENT="a" HPOS="953" VPOS="2726" WIDTH="1" HEIGHT="51" GC="1.0">
                                <Shape>
                                    <Polygon POINTS="953 2726 954 2777 954 2777 953 2726"/>
                                </Shape>
                            </Glyph>
                            <Glyph ID="char_699" CONTENT="̀" HPOS="968" VPOS="2725" WIDTH="8" HEIGHT="51" GC="1.0">
                                <Shape>
                                    <Polygon POINTS="968 2726 969 2776 976 2776 975 2725"/>
                                </Shape>
                            </Glyph>
                        </String>
                        <SP ID="segment_214" HPOS="1027"  VPOS="2702" WIDTH="8"  HEIGHT="71"/>
                        <String ID="segment_215" CONTENT="l&#39;hospice" HPOS="1049" VPOS="2687" WIDTH="304" HEIGHT="107" WC="0.9882">
                            <Shape>
                                <Polygon POINTS="1049 2692 1050 2773 1353 2765 1350 2708"/>
                            </Shape>
                            <Glyph ID="char_701" CONTENT="l" HPOS="1049" VPOS="2692" WIDTH="1" HEIGHT="81" GC="1.0">
                                <Shape>
                                    <Polygon POINTS="1049 2692 1050 2773 1050 2773 1049 2692"/>
                                </Shape>
                            </Glyph>
                            <Glyph ID="char_702" CONTENT="&#39;" HPOS="1093" VPOS="2689" WIDTH="9" HEIGHT="104" GC="1.0">
                                <Shape>
                                    <Polygon POINTS="1093 2690 1095 2788 1102 2793 1100 2689"/>
                                </Shape>
                            </Glyph>
                            <Glyph ID="char_703" CONTENT="h" HPOS="1115" VPOS="2688" WIDTH="2" HEIGHT="106" GC="0.9992">
                                <Shape>
                                    <Polygon POINTS="1115 2688 1117 2794 1117 2794 1115 2688"/>
                                </Shape>
                            </Glyph>
                            <Glyph ID="char_704" CONTENT="o" HPOS="1172" VPOS="2687" WIDTH="5" HEIGHT="105" GC="0.8955">
                                <Shape>
                                    <Polygon POINTS="1172 2687 1177 2792 1177 2792 1172 2687"/>
                                </Shape>
                            </Glyph>
                            <Glyph ID="char_705" CONTENT="s" HPOS="1202" VPOS="2701" WIDTH="4" HEIGHT="88" GC="0.9997">
                                <Shape>
                                    <Polygon POINTS="1202 2701 1206 2789 1206 2789 1202 2701"/>
                                </Shape>
                            </Glyph>
                            <Glyph ID="char_706" CONTENT="p" HPOS="1239" VPOS="2709" WIDTH="3" HEIGHT="72" GC="1.0">
                                <Shape>
                                    <Polygon POINTS="1239 2709 1242 2781 1242 2781 1239 2709"/>
                                </Shape>
                            </Glyph>
                            <Glyph ID="char_707" CONTENT="i" HPOS="1275" VPOS="2695" WIDTH="4" HEIGHT="78" GC="0.999">
                                <Shape>
                                    <Polygon POINTS="1275 2695 1279 2773 1279 2773 1275 2695"/>
                                </Shape>
                            </Glyph>
                            <Glyph ID="char_708" CONTENT="c" HPOS="1313" VPOS="2704" WIDTH="3" HEIGHT="61" GC="1.0">
                                <Shape>
                                    <Polygon POINTS="1313 2704 1316 2765 1316 2765 1313 2704"/>
                                </Shape>
                            </Glyph>
                            <Glyph ID="char_709" CONTENT="e" HPOS="1350" VPOS="2708" WIDTH="3" HEIGHT="57" GC="1.0">
                                <Shape>
                                    <Polygon POINTS="1350 2708 1353 2765 1353 2765 1350 2708"/>
                                </Shape>
                            </Glyph>
                        </String>
                        <SP ID="segment_216" HPOS="1408"  VPOS="2676" WIDTH="11"  HEIGHT="95"/>
                        <String ID="segment_217" CONTENT="de" HPOS="1430" VPOS="2676" WIDTH="55" HEIGHT="96" WC="0.9999">
                            <Shape>
                                <Polygon POINTS="1430 2676 1434 2772 1485 2765 1482 2695"/>
                            </Shape>
                            <Glyph ID="char_711" CONTENT="d" HPOS="1430" VPOS="2676" WIDTH="4" HEIGHT="96" GC="0.9999">
                                <Shape>
                                    <Polygon POINTS="1430 2676 1434 2772 1434 2772 1430 2676"/>
                                </Shape>
                            </Glyph>
                            <Glyph ID="char_712" CONTENT="e" HPOS="1482" VPOS="2695" WIDTH="3" HEIGHT="70" GC="1.0">
                                <Shape>
                                    <Polygon POINTS="1482 2695 1485 2765 1485 2765 1482 2695"/>
                                </Shape>
                            </Glyph>
                        </String>
                        <SP ID="segment_218" HPOS="1541"  VPOS="2699" WIDTH="9"  HEIGHT="58"/>
                        <String ID="segment_219" CONTENT="Senlis," HPOS="1562" VPOS="2668" WIDTH="232" HEIGHT="101" WC="0.9579">
                            <Shape>
                                <Polygon POINTS="1562 2691 1565 2754 1794 2760 1791 2691"/>
                            </Shape>
                            <Glyph ID="char_714" CONTENT="S" HPOS="1562" VPOS="2691" WIDTH="3" HEIGHT="63" GC="0.9999">
                                <Shape>
                                    <Polygon POINTS="1562 2691 1565 2754 1565 2754 1562 2691"/>
                                </Shape>
                            </Glyph>
                            <Glyph ID="char_715" CONTENT="e" HPOS="1620" VPOS="2668" WIDTH="4" HEIGHT="86" GC="0.9997">
                                <Shape>
                                    <Polygon POINTS="1620 2668 1624 2754 1624 2754 1620 2668"/>
                                </Shape>
                            </Glyph>
                            <Glyph ID="char_716" CONTENT="n" HPOS="1665" VPOS="2671" WIDTH="4" HEIGHT="88" GC="1.0">
                                <Shape>
                                    <Polygon POINTS="1665 2671 1669 2759 1669 2759 1665 2671"/>
                                </Shape>
                            </Glyph>
                            <Glyph ID="char_717" CONTENT="l" HPOS="1695" VPOS="2677" WIDTH="4" HEIGHT="86" GC="0.8424">
                                <Shape>
                                    <Polygon POINTS="1695 2677 1699 2763 1699 2763 1695 2677"/>
                                </Shape>
                            </Glyph>
                            <Glyph ID="char_718" CONTENT="i" HPOS="1717" VPOS="2672" WIDTH="4" HEIGHT="94" GC="1.0">
                                <Shape>
                                    <Polygon POINTS="1717 2672 1721 2766 1721 2766 1717 2672"/>
                                </Shape>
                            </Glyph>
                            <Glyph ID="char_719" CONTENT="s" HPOS="1746" VPOS="2685" WIDTH="4" HEIGHT="84" GC="0.9946">
                                <Shape>
                                    <Polygon POINTS="1746 2685 1750 2769 1750 2769 1746 2685"/>
                                </Shape>
                            </Glyph>
                            <Glyph ID="char_720" CONTENT="," HPOS="1791" VPOS="2691" WIDTH="3" HEIGHT="69" GC="0.8689">
                                <Shape>
                                    <Polygon POINTS="1791 2691 1794 2760 1794 2760 1791 2691"/>
                                </Shape>
                            </Glyph>
                        </String>
                        <SP ID="segment_220" HPOS="1806"  VPOS="2691" WIDTH="11"  HEIGHT="66"/>
                        <String ID="segment_221" CONTENT="à" HPOS="1828" VPOS="2689" WIDTH="24" HEIGHT="63" WC="0.9505">
                            <Shape>
                                <Polygon POINTS="1828 2690 1830 2752 1852 2748 1850 2689"/>
                            </Shape>
                            <Glyph ID="char_722" CONTENT="a" HPOS="1828" VPOS="2690" WIDTH="2" HEIGHT="62" GC="0.9642">
                                <Shape>
                                    <Polygon POINTS="1828 2690 1830 2752 1830 2752 1828 2690"/>
                                </Shape>
                            </Glyph>
                            <Glyph ID="char_723" CONTENT="̀" HPOS="1843" VPOS="2689" WIDTH="9" HEIGHT="60" GC="0.9368">
                                <Shape>
                                    <Polygon POINTS="1843 2690 1845 2749 1852 2748 1850 2689"/>
                                </Shape>
                            </Glyph>
                        </String>
                        <SP ID="segment_222" HPOS="1865"  VPOS="2689" WIDTH="9"  HEIGHT="56"/>
                        <String ID="segment_223" CONTENT="raison" HPOS="1895" VPOS="2660" WIDTH="149" HEIGHT="91" WC="0.892">
                            <Shape>
                                <Polygon POINTS="1895 2688 1897 2747 2044 2741 2041 2660"/>
                            </Shape>
                            <Glyph ID="char_725" CONTENT="r" HPOS="1895" VPOS="2688" WIDTH="2" HEIGHT="59" GC="0.9947">
                                <Shape>
                                    <Polygon POINTS="1895 2688 1897 2747 1897 2747 1895 2688"/>
                                </Shape>
                            </Glyph>
                            <Glyph ID="char_726" CONTENT="a" HPOS="1931" VPOS="2687" WIDTH="3" HEIGHT="63" GC="0.9804">
                                <Shape>
                                    <Polygon POINTS="1931 2687 1934 2750 1934 2750 1931 2687"/>
                                </Shape>
                            </Glyph>
                            <Glyph ID="char_727" CONTENT="i" HPOS="1961" VPOS="2686" WIDTH="10" HEIGHT="65" GC="0.9787">
                                <Shape>
                                    <Polygon POINTS="1961 2686 1964 2751 1971 2750 1968 2686"/>
                                </Shape>
                            </Glyph>
                            <Glyph ID="char_728" CONTENT="s" HPOS="1990" VPOS="2685" WIDTH="2" HEIGHT="62" GC="0.8688">
                                <Shape>
                                    <Polygon POINTS="1990 2685 1992 2747 1992 2747 1990 2685"/>
                                </Shape>
                            </Glyph>
                            <Glyph ID="char_729" CONTENT="o" HPOS="2011" VPOS="2679" WIDTH="3" HEIGHT="66" GC="0.6774">
                                <Shape>
                                    <Polygon POINTS="2011 2679 2014 2745 2014 2745 2011 2679"/>
                                </Shape>
                            </Glyph>
                            <Glyph ID="char_730" CONTENT="n" HPOS="2041" VPOS="2660" WIDTH="3" HEIGHT="81" GC="0.8519">
                                <Shape>
                                    <Polygon POINTS="2041 2660 2044 2741 2044 2741 2041 2660"/>
                                </Shape>
                            </Glyph>
                        </String>
                        <SP ID="segment_224" HPOS="2069"  VPOS="2652" WIDTH="12"  HEIGHT="86"/>
                        <String ID="segment_225" CONTENT="de" HPOS="2092" VPOS="2658" WIDTH="40" HEIGHT="77" WC="0.9992">
                            <Shape>
                                <Polygon POINTS="2092 2658 2095 2735 2132 2731 2129 2669"/>
                            </Shape>
                            <Glyph ID="char_732" CONTENT="d" HPOS="2092" VPOS="2658" WIDTH="3" HEIGHT="77" GC="0.9992">
                                <Shape>
                                    <Polygon POINTS="2092 2658 2095 2735 2095 2735 2092 2658"/>
                                </Shape>
                            </Glyph>
                            <Glyph ID="char_733" CONTENT="e" HPOS="2129" VPOS="2669" WIDTH="3" HEIGHT="62" GC="0.9993">
                                <Shape>
                                    <Polygon POINTS="2129 2669 2132 2731 2132 2731 2129 2669"/>
                                </Shape>
                            </Glyph>
                        </String>
                        <SP ID="segment_226" HPOS="2159"  VPOS="2653" WIDTH="10"  HEIGHT="74"/>
                        <String ID="segment_227" CONTENT="1." HPOS="2180" VPOS="2645" WIDTH="18" HEIGHT="79" WC="0.9807">
                            <Shape>
                                <Polygon POINTS="2180 2645 2184 2724 2198 2724 2194 2648"/>
                            </Shape>
                            <Glyph ID="char_735" CONTENT="1" HPOS="2180" VPOS="2645" WIDTH="4" HEIGHT="79" GC="0.9984">
                                <Shape>
                                    <Polygon POINTS="2180 2645 2184 2724 2184 2724 2180 2645"/>
                                </Shape>
                            </Glyph>
                            <Glyph ID="char_736" CONTENT="." HPOS="2194" VPOS="2648" WIDTH="4" HEIGHT="76" GC="0.963">
                                <Shape>
                                    <Polygon POINTS="2194 2648 2198 2724 2198 2724 2194 2648"/>
                                </Shape>
                            </Glyph>
                        </String>
                        <SP ID="segment_228" HPOS="2224"  VPOS="2653" WIDTH="4"  HEIGHT="84"/>
                        <String ID="segment_229" CONTENT="25." HPOS="2239" VPOS="2641" WIDTH="63" HEIGHT="103" WC="0.8482">
                            <Shape>
                                <Polygon POINTS="2239 2651 2244 2744 2302 2722 2298 2641"/>
                            </Shape>
                            <Glyph ID="char_738" CONTENT="2" HPOS="2239" VPOS="2651" WIDTH="5" HEIGHT="93" GC="0.9979">
                                <Shape>
                                    <Polygon POINTS="2239 2651 2244 2744 2244 2744 2239 2651"/>
                                </Shape>
                            </Glyph>
                            <Glyph ID="char_739" CONTENT="5" HPOS="2268" VPOS="2646" WIDTH="4" HEIGHT="94" GC="0.9999">
                                <Shape>
                                    <Polygon POINTS="2268 2646 2272 2740 2272 2740 2268 2646"/>
                                </Shape>
                            </Glyph>
                            <Glyph ID="char_740" CONTENT="." HPOS="2298" VPOS="2641" WIDTH="4" HEIGHT="81" GC="0.5467">
                                <Shape>
                                    <Polygon POINTS="2298 2641 2302 2722 2302 2722 2298 2641"/>
                                </Shape>
                            </Glyph>
                        </String>
                    </TextLine>

                    <TextLine ID="e3ad2709-51b6-440c-a10a-ebf881a9a3ae" HPOS="628.0" VPOS="2790.0" WIDTH="1653.0" HEIGHT="136.0" BASELINE="630.0 2895.0 1630.0 2869.0 2281.0 2840.0" TAGREFS="LINE_TYPE_1">
                        <Shape>
                            <Polygon POINTS="630.0 2895.0 630.0 2911.0 663.0 2926.0 665.0 2926.0 667.0 2926.0 745.0 2909.0 895.0 2920.0 898.0 2920.0 1009.0 2901.0 1082.0 2918.0 1084.0 2918.0 1086.0 2918.0 1170.0 2897.0 1233.0 2913.0 1235.0 2913.0 1237.0 2913.0 1239.0 2913.0 1241.0 2913.0 1264.0 2899.0 1488.0 2905.0 1490.0 2905.0 1492.0 2905.0 1524.0 2888.0 1557.0 2897.0 1559.0 2897.0 1561.0 2897.0 1712.0 2882.0 1909.0 2892.0 1911.0 2892.0 1913.0 2892.0 1980.0 2867.0 2202.0 2863.0 2227.0 2882.0 2229.0 2882.0 2231.0 2882.0 2233.0 2882.0 2281.0 2874.0 2281.0 2840.0 2275.0 2800.0 2193.0 2811.0 2085.0 2790.0 2082.0 2790.0 2080.0 2790.0 2026.0 2815.0 1884.0 2819.0 1810.0 2798.0 1808.0 2798.0 1806.0 2798.0 1804.0 2798.0 1802.0 2798.0 1777.0 2819.0 1693.0 2809.0 1691.0 2809.0 1601.0 2830.0 1484.0 2809.0 1482.0 2809.0 1480.0 2809.0 1477.0 2809.0 1446.0 2836.0 1239.0 2840.0 1168.0 2821.0 1166.0 2821.0 1163.0 2821.0 1161.0 2821.0 1159.0 2821.0 1134.0 2838.0 933.0 2826.0 931.0 2826.0 929.0 2826.0 927.0 2826.0 900.0 2846.0 852.0 2830.0 849.0 2830.0 847.0 2830.0 724.0 2832.0 722.0 2832.0 628.0 2857.0 630.0 2895.0"/>
                        </Shape>
                        <String ID="segment_230" CONTENT="si" HPOS="670" VPOS="2832" WIDTH="61" HEIGHT="93" WC="1.0">
                            <Shape>
                                <Polygon POINTS="670 2846 672 2925 731 2912 729 2832"/>
                            </Shape>
                            <Glyph ID="char_741" CONTENT="s" HPOS="670" VPOS="2846" WIDTH="2" HEIGHT="79" GC="1.0">
                                <Shape>
                                    <Polygon POINTS="670 2846 672 2925 672 2925 670 2846"/>
                                </Shape>
                            </Glyph>
                            <Glyph ID="char_742" CONTENT="i" HPOS="729" VPOS="2832" WIDTH="2" HEIGHT="80" GC="1.0">
                                <Shape>
                                    <Polygon POINTS="729 2832 731 2912 731 2912 729 2832"/>
                                </Shape>
                            </Glyph>
                        </String>
                        <SP ID="segment_231" HPOS="763"  VPOS="2831" WIDTH="9"  HEIGHT="80"/>
                        <String ID="segment_232" CONTENT="le" HPOS="783" VPOS="2830" WIDTH="44" HEIGHT="85" WC="1.0">
                            <Shape>
                                <Polygon POINTS="783 2831 785 2912 827 2915 824 2830"/>
                            </Shape>
                            <Glyph ID="char_744" CONTENT="l" HPOS="783" VPOS="2831" WIDTH="2" HEIGHT="81" GC="1.0">
                                <Shape>
                                    <Polygon POINTS="783 2831 785 2912 785 2912 783 2831"/>
                                </Shape>
                            </Glyph>
                            <Glyph ID="char_745" CONTENT="e" HPOS="824" VPOS="2830" WIDTH="3" HEIGHT="85" GC="1.0">
                                <Shape>
                                    <Polygon POINTS="824 2830 827 2915 827 2915 824 2830"/>
                                </Shape>
                            </Glyph>
                        </String>
                        <SP ID="segment_233" HPOS="872"  VPOS="2837" WIDTH="9"  HEIGHT="82"/>
                        <String ID="segment_234" CONTENT="Ministre" HPOS="892" VPOS="2824" WIDTH="326" HEIGHT="96" WC="0.9983">
                            <Shape>
                                <Polygon POINTS="892 2843 894 2920 1218 2909 1216 2834"/>
                            </Shape>
                            <Glyph ID="char_747" CONTENT="M" HPOS="892" VPOS="2843" WIDTH="2" HEIGHT="77" GC="1.0">
                                <Shape>
                                    <Polygon POINTS="892 2843 894 2920 894 2920 892 2843"/>
                                </Shape>
                            </Glyph>
                            <Glyph ID="char_748" CONTENT="i" HPOS="1026" VPOS="2832" WIDTH="9" HEIGHT="75" GC="1.0">
                                <Shape>
                                    <Polygon POINTS="1026 2832 1028 2906 1035 2907 1033 2832"/>
                                </Shape>
                            </Glyph>
                            <Glyph ID="char_749" CONTENT="n" HPOS="1061" VPOS="2834" WIDTH="2" HEIGHT="79" GC="0.9999">
                                <Shape>
                                    <Polygon POINTS="1061 2834 1063 2913 1063 2913 1061 2834"/>
                                </Shape>
                            </Glyph>
                            <Glyph ID="char_750" CONTENT="i" HPOS="1095" VPOS="2836" WIDTH="2" HEIGHT="79" GC="1.0">
                                <Shape>
                                    <Polygon POINTS="1095 2836 1097 2915 1097 2915 1095 2836"/>
                                </Shape>
                            </Glyph>
                            <Glyph ID="char_751" CONTENT="s" HPOS="1122" VPOS="2837" WIDTH="2" HEIGHT="72" GC="1.0">
                                <Shape>
                                    <Polygon POINTS="1122 2837 1124 2909 1124 2909 1122 2837"/>
                                </Shape>
                            </Glyph>
                            <Glyph ID="char_752" CONTENT="t" HPOS="1154" VPOS="2824" WIDTH="2" HEIGHT="76" GC="0.9999">
                                <Shape>
                                    <Polygon POINTS="1154 2824 1156 2900 1156 2900 1154 2824"/>
                                </Shape>
                            </Glyph>
                            <Glyph ID="char_753" CONTENT="r" HPOS="1181" VPOS="2825" WIDTH="2" HEIGHT="75" GC="1.0">
                                <Shape>
                                    <Polygon POINTS="1181 2825 1183 2900 1183 2900 1181 2825"/>
                                </Shape>
                            </Glyph>
                            <Glyph ID="char_754" CONTENT="e" HPOS="1216" VPOS="2834" WIDTH="2" HEIGHT="75" GC="0.9863">
                                <Shape>
                                    <Polygon POINTS="1216 2834 1218 2909 1218 2909 1216 2834"/>
                                </Shape>
                            </Glyph>
                        </String>
                        <SP ID="segment_235" HPOS="1270"  VPOS="2839" WIDTH="8"  HEIGHT="60"/>
                        <String ID="segment_236" CONTENT="accueille" HPOS="1290" VPOS="2809" WIDTH="244" HEIGHT="96" WC="0.9655">
                            <Shape>
                                <Polygon POINTS="1290 2839 1291 2900 1534 2891 1532 2818"/>
                            </Shape>
                            <Glyph ID="char_756" CONTENT="a" HPOS="1290" VPOS="2839" WIDTH="1" HEIGHT="61" GC="0.9827">
                                <Shape>
                                    <Polygon POINTS="1290 2839 1291 2900 1291 2900 1290 2839"/>
                                </Shape>
                            </Glyph>
                            <Glyph ID="char_757" CONTENT="c" HPOS="1331" VPOS="2838" WIDTH="1" HEIGHT="63" GC="1.0">
                                <Shape>
                                    <Polygon POINTS="1331 2838 1332 2901 1332 2901 1331 2838"/>
                                </Shape>
                            </Glyph>
                            <Glyph ID="char_758" CONTENT="c" HPOS="1358" VPOS="2838" WIDTH="1" HEIGHT="64" GC="0.9998">
                                <Shape>
                                    <Polygon POINTS="1358 2838 1359 2902 1359 2902 1358 2838"/>
                                </Shape>
                            </Glyph>
                            <Glyph ID="char_759" CONTENT="u" HPOS="1398" VPOS="2837" WIDTH="1" HEIGHT="66" GC="0.9758">
                                <Shape>
                                    <Polygon POINTS="1398 2837 1399 2903 1399 2903 1398 2837"/>
                                </Shape>
                            </Glyph>
                            <Glyph ID="char_760" CONTENT="e" HPOS="1432" VPOS="2836" WIDTH="1" HEIGHT="68" GC="0.9998">
                                <Shape>
                                    <Polygon POINTS="1432 2836 1433 2904 1433 2904 1432 2836"/>
                                </Shape>
                            </Glyph>
                            <Glyph ID="char_761" CONTENT="i" HPOS="1458" VPOS="2825" WIDTH="3" HEIGHT="79" GC="0.9981">
                                <Shape>
                                    <Polygon POINTS="1458 2825 1461 2904 1461 2904 1458 2825"/>
                                </Shape>
                            </Glyph>
                            <Glyph ID="char_762" CONTENT="l" HPOS="1485" VPOS="2809" WIDTH="3" HEIGHT="96" GC="0.9998">
                                <Shape>
                                    <Polygon POINTS="1485 2809 1488 2905 1488 2905 1485 2809"/>
                                </Shape>
                            </Glyph>
                            <Glyph ID="char_763" CONTENT="l" HPOS="1505" VPOS="2813" WIDTH="2" HEIGHT="84" GC="0.7334">
                                <Shape>
                                    <Polygon POINTS="1505 2813 1507 2897 1507 2897 1505 2813"/>
                                </Shape>
                            </Glyph>
                            <Glyph ID="char_764" CONTENT="e" HPOS="1532" VPOS="2818" WIDTH="2" HEIGHT="73" GC="0.9999">
                                <Shape>
                                    <Polygon POINTS="1532 2818 1534 2891 1534 2891 1532 2818"/>
                                </Shape>
                            </Glyph>
                        </String>
                        <SP ID="segment_237" HPOS="1594"  VPOS="2829" WIDTH="8"  HEIGHT="65"/>
                        <String ID="segment_238" CONTENT="cette" HPOS="1614" VPOS="2811" WIDTH="129" HEIGHT="81" WC="0.9962">
                            <Shape>
                                <Polygon POINTS="1614 2827 1615 2892 1743 2884 1740 2815"/>
                            </Shape>
                            <Glyph ID="char_766" CONTENT="c" HPOS="1614" VPOS="2827" WIDTH="1" HEIGHT="65" GC="1.0">
                                <Shape>
                                    <Polygon POINTS="1614 2827 1615 2892 1615 2892 1614 2827"/>
                                </Shape>
                            </Glyph>
                            <Glyph ID="char_767" CONTENT="e" HPOS="1653" VPOS="2818" WIDTH="4" HEIGHT="70" GC="1.0">
                                <Shape>
                                    <Polygon POINTS="1653 2818 1657 2888 1657 2888 1653 2818"/>
                                </Shape>
                            </Glyph>
                            <Glyph ID="char_768" CONTENT="t" HPOS="1680" VPOS="2812" WIDTH="3" HEIGHT="73" GC="1.0">
                                <Shape>
                                    <Polygon POINTS="1680 2812 1683 2885 1683 2885 1680 2812"/>
                                </Shape>
                            </Glyph>
                            <Glyph ID="char_769" CONTENT="t" HPOS="1707" VPOS="2811" WIDTH="3" HEIGHT="71" GC="0.981">
                                <Shape>
                                    <Polygon POINTS="1707 2811 1710 2882 1710 2882 1707 2811"/>
                                </Shape>
                            </Glyph>
                            <Glyph ID="char_770" CONTENT="e" HPOS="1740" VPOS="2815" WIDTH="3" HEIGHT="69" GC="1.0">
                                <Shape>
                                    <Polygon POINTS="1740 2815 1743 2884 1743 2884 1740 2815"/>
                                </Shape>
                            </Glyph>
                        </String>
                        <SP ID="segment_239" HPOS="1787"  VPOS="2805" WIDTH="11"  HEIGHT="81"/>
                        <String ID="segment_240" CONTENT="disposition," HPOS="1814" VPOS="2790" WIDTH="456" HEIGHT="101" WC="0.9874">
                            <Shape>
                                <Polygon POINTS="1814 2799 1818 2887 2270 2876 2266 2801"/>
                            </Shape>
                            <Glyph ID="char_772" CONTENT="d" HPOS="1814" VPOS="2799" WIDTH="4" HEIGHT="88" GC="1.0">
                                <Shape>
                                    <Polygon POINTS="1814 2799 1818 2887 1818 2887 1814 2799"/>
                                </Shape>
                            </Glyph>
                            <Glyph ID="char_773" CONTENT="i" HPOS="1862" VPOS="2813" WIDTH="4" HEIGHT="77" GC="0.9992">
                                <Shape>
                                    <Polygon POINTS="1862 2813 1866 2890 1866 2890 1862 2813"/>
                                </Shape>
                            </Glyph>
                            <Glyph ID="char_774" CONTENT="s" HPOS="1883" VPOS="2819" WIDTH="3" HEIGHT="72" GC="0.9974">
                                <Shape>
                                    <Polygon POINTS="1883 2819 1886 2891 1886 2891 1883 2819"/>
                                </Shape>
                            </Glyph>
                            <Glyph ID="char_775" CONTENT="p" HPOS="1917" VPOS="2818" WIDTH="3" HEIGHT="71" GC="0.9878">
                                <Shape>
                                    <Polygon POINTS="1917 2818 1920 2889 1920 2889 1917 2818"/>
                                </Shape>
                            </Glyph>
                            <Glyph ID="char_776" CONTENT="o" HPOS="1964" VPOS="2817" WIDTH="2" HEIGHT="55" GC="0.985">
                                <Shape>
                                    <Polygon POINTS="1964 2817 1966 2872 1966 2872 1964 2817"/>
                                </Shape>
                            </Glyph>
                            <Glyph ID="char_777" CONTENT="s" HPOS="1991" VPOS="2816" WIDTH="2" HEIGHT="51" GC="0.9998">
                                <Shape>
                                    <Polygon POINTS="1991 2816 1993 2867 1993 2867 1991 2816"/>
                                </Shape>
                            </Glyph>
                            <Glyph ID="char_778" CONTENT="i" HPOS="2018" VPOS="2815" WIDTH="9" HEIGHT="51" GC="0.9131">
                                <Shape>
                                    <Polygon POINTS="2018 2815 2020 2866 2027 2866 2025 2815"/>
                                </Shape>
                            </Glyph>
                            <Glyph ID="char_779" CONTENT="t" HPOS="2051" VPOS="2803" WIDTH="3" HEIGHT="63" GC="0.9991">
                                <Shape>
                                    <Polygon POINTS="2051 2803 2054 2866 2054 2866 2051 2803"/>
                                </Shape>
                            </Glyph>
                            <Glyph ID="char_780" CONTENT="i" HPOS="2078" VPOS="2790" WIDTH="9" HEIGHT="75" GC="0.9997">
                                <Shape>
                                    <Polygon POINTS="2078 2791 2081 2865 2087 2865 2084 2790"/>
                                </Shape>
                            </Glyph>
                            <Glyph ID="char_781" CONTENT="o" HPOS="2111" VPOS="2795" WIDTH="3" HEIGHT="70" GC="0.9995">
                                <Shape>
                                    <Polygon POINTS="2111 2795 2114 2865 2114 2865 2111 2795"/>
                                </Shape>
                            </Glyph>
                            <Glyph ID="char_782" CONTENT="n" HPOS="2152" VPOS="2803" WIDTH="3" HEIGHT="61" GC="0.9682">
                                <Shape>
                                    <Polygon POINTS="2152 2803 2155 2864 2155 2864 2152 2803"/>
                                </Shape>
                            </Glyph>
                            <Glyph ID="char_783" CONTENT="," HPOS="2266" VPOS="2801" WIDTH="4" HEIGHT="75" GC="0.9999">
                                <Shape>
                                    <Polygon POINTS="2266 2801 2270 2876 2270 2876 2266 2801"/>
                                </Shape>
                            </Glyph>
                        </String>
                    </TextLine>

                    <TextLine ID="063d1551-0406-492a-8695-266428aae4a3" HPOS="602.0" VPOS="2901.0" WIDTH="1669.0" HEIGHT="157.0" BASELINE="607.0 3018.0 1616.0 2995.0 1932.0 2980.0 2271.0 2949.0" TAGREFS="LINE_TYPE_1">
                        <Shape>
                            <Polygon POINTS="607.0 3018.0 607.0 3041.0 688.0 3039.0 720.0 3058.0 722.0 3058.0 724.0 3058.0 726.0 3058.0 728.0 3058.0 766.0 3039.0 820.0 3039.0 858.0 3058.0 860.0 3058.0 862.0 3058.0 864.0 3058.0 866.0 3058.0 866.0 3056.0 883.0 3041.0 937.0 3058.0 939.0 3058.0 942.0 3058.0 988.0 3056.0 990.0 3056.0 992.0 3056.0 1029.0 3029.0 1065.0 3047.0 1067.0 3047.0 1069.0 3047.0 1071.0 3047.0 1073.0 3047.0 1086.0 3037.0 1128.0 3049.0 1130.0 3049.0 1132.0 3049.0 1134.0 3049.0 1168.0 3035.0 1195.0 3047.0 1197.0 3047.0 1199.0 3047.0 1343.0 3045.0 1346.0 3045.0 1427.0 3024.0 1471.0 3035.0 1473.0 3035.0 1475.0 3035.0 1477.0 3035.0 1480.0 3035.0 1503.0 3016.0 1521.0 3026.0 1524.0 3026.0 1526.0 3026.0 1528.0 3026.0 1530.0 3026.0 1549.0 3016.0 1699.0 3022.0 1701.0 3022.0 1775.0 3010.0 1810.0 3026.0 1812.0 3026.0 1815.0 3026.0 1817.0 3026.0 1819.0 3026.0 1852.0 3001.0 1892.0 3001.0 1915.0 3018.0 1917.0 3018.0 1919.0 3018.0 1921.0 3018.0 1923.0 3018.0 1925.0 3018.0 1951.0 2999.0 2018.0 2993.0 2108.0 3020.0 2110.0 3020.0 2112.0 3020.0 2114.0 3020.0 2116.0 3020.0 2156.0 2987.0 2271.0 2985.0 2271.0 2949.0 2267.0 2903.0 2137.0 2901.0 2135.0 2901.0 2133.0 2901.0 2024.0 2943.0 1984.0 2934.0 1982.0 2934.0 1980.0 2934.0 1978.0 2934.0 1963.0 2945.0 1919.0 2920.0 1917.0 2920.0 1915.0 2920.0 1913.0 2920.0 1858.0 2943.0 1812.0 2920.0 1810.0 2920.0 1808.0 2920.0 1756.0 2926.0 1706.0 2913.0 1704.0 2913.0 1701.0 2913.0 1699.0 2913.0 1697.0 2913.0 1634.0 2955.0 1582.0 2920.0 1580.0 2920.0 1578.0 2920.0 1576.0 2920.0 1574.0 2920.0 1572.0 2920.0 1524.0 2959.0 1230.0 2968.0 1157.0 2936.0 1155.0 2936.0 1153.0 2936.0 1151.0 2936.0 1149.0 2936.0 1122.0 2955.0 1034.0 2951.0 1032.0 2951.0 898.0 2978.0 841.0 2968.0 839.0 2968.0 837.0 2968.0 835.0 2968.0 835.0 2970.0 829.0 2974.0 785.0 2943.0 782.0 2943.0 780.0 2943.0 778.0 2943.0 602.0 2951.0 607.0 3018.0"/>
                        </Shape>
                        <String ID="segment_241" CONTENT="le" HPOS="623" VPOS="2948" WIDTH="56" HEIGHT="93" WC="1.0">
                            <Shape>
                                <Polygon POINTS="623 2950 626 3041 679 3039 676 2948"/>
                            </Shape>
                            <Glyph ID="char_784" CONTENT="l" HPOS="623" VPOS="2950" WIDTH="3" HEIGHT="91" GC="1.0">
                                <Shape>
                                    <Polygon POINTS="623 2950 626 3041 626 3041 623 2950"/>
                                </Shape>
                            </Glyph>
                            <Glyph ID="char_785" CONTENT="e" HPOS="676" VPOS="2948" WIDTH="3" HEIGHT="91" GC="1.0">
                                <Shape>
                                    <Polygon POINTS="676 2948 679 3039 679 3039 676 2948"/>
                                </Shape>
                            </Glyph>
                        </String>
                        <SP ID="segment_242" HPOS="738"  VPOS="2944" WIDTH="12"  HEIGHT="108"/>
                        <String ID="segment_243" CONTENT="décompte" HPOS="765" VPOS="2944" WIDTH="296" HEIGHT="114" WC="0.9992">
                            <Shape>
                                <Polygon POINTS="765 2944 768 3039 1061 3045 1059 2952"/>
                            </Shape>
                            <Glyph ID="char_787" CONTENT="d" HPOS="765" VPOS="2944" WIDTH="3" HEIGHT="95" GC="0.9989">
                                <Shape>
                                    <Polygon POINTS="765 2944 768 3039 768 3039 765 2944"/>
                                </Shape>
                            </Glyph>
                            <Glyph ID="char_788" CONTENT="e" HPOS="819" VPOS="2967" WIDTH="2" HEIGHT="72" GC="1.0">
                                <Shape>
                                    <Polygon POINTS="819 2967 821 3039 821 3039 819 2967"/>
                                </Shape>
                            </Glyph>
                            <Glyph ID="char_789" CONTENT="́" HPOS="828" VPOS="2973" WIDTH="2" HEIGHT="71" GC="1.0">
                                <Shape>
                                    <Polygon POINTS="828 2973 830 3044 830 3044 828 2973"/>
                                </Shape>
                            </Glyph>
                            <Glyph ID="char_790" CONTENT="c" HPOS="855" VPOS="2970" WIDTH="2" HEIGHT="87" GC="0.9968">
                                <Shape>
                                    <Polygon POINTS="855 2970 857 3057 857 3057 855 2970"/>
                                </Shape>
                            </Glyph>
                            <Glyph ID="char_791" CONTENT="o" HPOS="881" VPOS="2975" WIDTH="2" HEIGHT="66" GC="1.0">
                                <Shape>
                                    <Polygon POINTS="881 2975 883 3041 883 3041 881 2975"/>
                                </Shape>
                            </Glyph>
                            <Glyph ID="char_792" CONTENT="m" HPOS="935" VPOS="2971" WIDTH="2" HEIGHT="87" GC="1.0">
                                <Shape>
                                    <Polygon POINTS="935 2971 937 3058 937 3058 935 2971"/>
                                </Shape>
                            </Glyph>
                            <Glyph ID="char_793" CONTENT="p" HPOS="979" VPOS="2962" WIDTH="2" HEIGHT="94" GC="0.9999">
                                <Shape>
                                    <Polygon POINTS="979 2962 981 3056 981 3056 979 2962"/>
                                </Shape>
                            </Glyph>
                            <Glyph ID="char_794" CONTENT="t" HPOS="1024" VPOS="2953" WIDTH="1" HEIGHT="79" GC="0.9974">
                                <Shape>
                                    <Polygon POINTS="1024 2953 1025 3032 1025 3032 1024 2953"/>
                                </Shape>
                            </Glyph>
                            <Glyph ID="char_795" CONTENT="e" HPOS="1059" VPOS="2952" WIDTH="2" HEIGHT="93" GC="1.0">
                                <Shape>
                                    <Polygon POINTS="1059 2952 1061 3045 1061 3045 1059 2952"/>
                                </Shape>
                            </Glyph>
                        </String>
                        <SP ID="segment_244" HPOS="1138"  VPOS="2937" WIDTH="12"  HEIGHT="109"/>
                        <String ID="segment_245" CONTENT="de" HPOS="1165" VPOS="2940" WIDTH="47" HEIGHT="107" WC="1.0">
                            <Shape>
                                <Polygon POINTS="1165 2940 1168 3035 1212 3047 1210 2959"/>
                            </Shape>
                            <Glyph ID="char_797" CONTENT="d" HPOS="1165" VPOS="2940" WIDTH="3" HEIGHT="95" GC="1.0">
                                <Shape>
                                    <Polygon POINTS="1165 2940 1168 3035 1168 3035 1165 2940"/>
                                </Shape>
                            </Glyph>
                            <Glyph ID="char_798" CONTENT="e" HPOS="1210" VPOS="2959" WIDTH="2" HEIGHT="88" GC="1.0">
                                <Shape>
                                    <Polygon POINTS="1210 2959 1212 3047 1212 3047 1210 2959"/>
                                </Shape>
                            </Glyph>
                        </String>
                        <SP ID="segment_246" HPOS="1254"  VPOS="2967" WIDTH="11"  HEIGHT="79"/>
                        <String ID="segment_247" CONTENT="ce" HPOS="1281" VPOS="2965" WIDTH="38" HEIGHT="81" WC="1.0">
                            <Shape>
                                <Polygon POINTS="1281 2966 1283 3046 1319 3045 1317 2965"/>
                            </Shape>
                            <Glyph ID="char_800" CONTENT="c" HPOS="1281" VPOS="2966" WIDTH="2" HEIGHT="80" GC="1.0">
                                <Shape>
                                    <Polygon POINTS="1281 2966 1283 3046 1283 3046 1281 2966"/>
                                </Shape>
                            </Glyph>
                            <Glyph ID="char_801" CONTENT="e" HPOS="1317" VPOS="2965" WIDTH="2" HEIGHT="80" GC="0.9999">
                                <Shape>
                                    <Polygon POINTS="1317 2965 1319 3045 1319 3045 1317 2965"/>
                                </Shape>
                            </Glyph>
                        </String>
                        <SP ID="segment_248" HPOS="1343"  VPOS="2965" WIDTH="2"  HEIGHT="80"/>
                        <String ID="segment_249" CONTENT="qui" HPOS="1370" VPOS="2962" WIDTH="72" HEIGHT="76" WC="0.9997">
                            <Shape>
                                <Polygon POINTS="1370 2964 1372 3038 1442 3028 1441 2962"/>
                            </Shape>
                            <Glyph ID="char_803" CONTENT="q" HPOS="1370" VPOS="2964" WIDTH="2" HEIGHT="74" GC="1.0">
                                <Shape>
                                    <Polygon POINTS="1370 2964 1372 3038 1372 3038 1370 2964"/>
                                </Shape>
                            </Glyph>
                            <Glyph ID="char_804" CONTENT="u" HPOS="1414" VPOS="2962" WIDTH="1" HEIGHT="65" GC="0.9999">
                                <Shape>
                                    <Polygon POINTS="1414 2962 1415 3027 1415 3027 1414 2962"/>
                                </Shape>
                            </Glyph>
                            <Glyph ID="char_805" CONTENT="i" HPOS="1441" VPOS="2962" WIDTH="1" HEIGHT="66" GC="0.9992">
                                <Shape>
                                    <Polygon POINTS="1441 2962 1442 3028 1442 3028 1441 2962"/>
                                </Shape>
                            </Glyph>
                        </String>
                        <SP ID="segment_250" HPOS="1494"  VPOS="2960" WIDTH="10"  HEIGHT="62"/>
                        <String ID="segment_251" CONTENT="sera" HPOS="1521" VPOS="2920" WIDTH="135" HEIGHT="106" WC="0.999">
                            <Shape>
                                <Polygon POINTS="1521 2959 1522 3026 1656 3020 1652 2943"/>
                            </Shape>
                            <Glyph ID="char_807" CONTENT="s" HPOS="1521" VPOS="2959" WIDTH="1" HEIGHT="67" GC="0.9993">
                                <Shape>
                                    <Polygon POINTS="1521 2959 1522 3026 1522 3026 1521 2959"/>
                                </Shape>
                            </Glyph>
                            <Glyph ID="char_808" CONTENT="e" HPOS="1573" VPOS="2920" WIDTH="2" HEIGHT="97" GC="0.9995">
                                <Shape>
                                    <Polygon POINTS="1573 2920 1575 3017 1575 3017 1573 2920"/>
                                </Shape>
                            </Glyph>
                            <Glyph ID="char_809" CONTENT="r" HPOS="1617" VPOS="2944" WIDTH="4" HEIGHT="75" GC="0.9978">
                                <Shape>
                                    <Polygon POINTS="1617 2944 1621 3019 1621 3019 1617 2944"/>
                                </Shape>
                            </Glyph>
                            <Glyph ID="char_810" CONTENT="a" HPOS="1652" VPOS="2943" WIDTH="4" HEIGHT="77" GC="0.9994">
                                <Shape>
                                    <Polygon POINTS="1652 2943 1656 3020 1656 3020 1652 2943"/>
                                </Shape>
                            </Glyph>
                        </String>
                        <SP ID="segment_252" HPOS="1704"  VPOS="2913" WIDTH="5"  HEIGHT="108"/>
                        <String ID="segment_253" CONTENT="dû," HPOS="1722" VPOS="2917" WIDTH="112" HEIGHT="104" WC="0.9996">
                            <Shape>
                                <Polygon POINTS="1722 2917 1727 3018 1834 3015 1830 2929"/>
                            </Shape>
                            <Glyph ID="char_812" CONTENT="d" HPOS="1722" VPOS="2917" WIDTH="5" HEIGHT="101" GC="1.0">
                                <Shape>
                                    <Polygon POINTS="1722 2917 1727 3018 1727 3018 1722 2917"/>
                                </Shape>
                            </Glyph>
                            <Glyph ID="char_813" CONTENT="u" HPOS="1777" VPOS="2924" WIDTH="4" HEIGHT="89" GC="0.9994">
                                <Shape>
                                    <Polygon POINTS="1777 2924 1781 3013 1781 3013 1777 2924"/>
                                </Shape>
                            </Glyph>
                            <Glyph ID="char_814" CONTENT="̂" HPOS="1784" VPOS="2923" WIDTH="5" HEIGHT="93" GC="0.9992">
                                <Shape>
                                    <Polygon POINTS="1784 2923 1789 3016 1789 3016 1784 2923"/>
                                </Shape>
                            </Glyph>
                            <Glyph ID="char_815" CONTENT="," HPOS="1821" VPOS="2924" WIDTH="13" HEIGHT="97" GC="0.9999">
                                <Shape>
                                    <Polygon POINTS="1821 2924 1825 3021 1834 3015 1830 2929"/>
                                </Shape>
                            </Glyph>
                        </String>
                        <SP ID="segment_254" HPOS="1848"  VPOS="2938" WIDTH="11"  HEIGHT="64"/>
                        <String ID="segment_255" CONTENT="sera" HPOS="1874" VPOS="2920" WIDTH="111" HEIGHT="98" WC="0.9659">
                            <Shape>
                                <Polygon POINTS="1874 2936 1877 3001 1985 2996 1979 2934"/>
                            </Shape>
                            <Glyph ID="char_817" CONTENT="s" HPOS="1874" VPOS="2936" WIDTH="3" HEIGHT="65" GC="0.9826">
                                <Shape>
                                    <Polygon POINTS="1874 2936 1877 3001 1877 3001 1874 2936"/>
                                </Shape>
                            </Glyph>
                            <Glyph ID="char_818" CONTENT="e" HPOS="1919" VPOS="2920" WIDTH="4" HEIGHT="98" GC="0.9982">
                                <Shape>
                                    <Polygon POINTS="1919 2920 1923 3018 1923 3018 1919 2920"/>
                                </Shape>
                            </Glyph>
                            <Glyph ID="char_819" CONTENT="r" HPOS="1953" VPOS="2939" WIDTH="5" HEIGHT="59" GC="0.8835">
                                <Shape>
                                    <Polygon POINTS="1953 2939 1958 2998 1958 2998 1953 2939"/>
                                </Shape>
                            </Glyph>
                            <Glyph ID="char_820" CONTENT="a" HPOS="1979" VPOS="2934" WIDTH="6" HEIGHT="62" GC="0.9992">
                                <Shape>
                                    <Polygon POINTS="1979 2934 1985 2996 1985 2996 1979 2934"/>
                                </Shape>
                            </Glyph>
                        </String>
                        <SP ID="segment_256" HPOS="2024"  VPOS="2939" WIDTH="15"  HEIGHT="60"/>
                        <String ID="segment_257" CONTENT="reglé" HPOS="2051" VPOS="2901" WIDTH="183" HEIGHT="115" WC="0.9932">
                            <Shape>
                                <Polygon POINTS="2051 2933 2057 3005 2234 2986 2227 2902"/>
                            </Shape>
                            <Glyph ID="char_822" CONTENT="r" HPOS="2051" VPOS="2933" WIDTH="6" HEIGHT="72" GC="0.9996">
                                <Shape>
                                    <Polygon POINTS="2051 2933 2057 3005 2057 3005 2051 2933"/>
                                </Shape>
                            </Glyph>
                            <Glyph ID="char_823" CONTENT="e" HPOS="2085" VPOS="2920" WIDTH="8" HEIGHT="96" GC="0.9998">
                                <Shape>
                                    <Polygon POINTS="2085 2920 2093 3016 2093 3016 2085 2920"/>
                                </Shape>
                            </Glyph>
                            <Glyph ID="char_824" CONTENT="g" HPOS="2128" VPOS="2903" WIDTH="9" HEIGHT="99" GC="0.9923">
                                <Shape>
                                    <Polygon POINTS="2128 2903 2137 3002 2137 3002 2128 2903"/>
                                </Shape>
                            </Glyph>
                            <Glyph ID="char_825" CONTENT="l" HPOS="2163" VPOS="2901" WIDTH="8" HEIGHT="86" GC="1.0">
                                <Shape>
                                    <Polygon POINTS="2163 2901 2171 2987 2171 2987 2163 2901"/>
                                </Shape>
                            </Glyph>
                            <Glyph ID="char_826" CONTENT="e" HPOS="2208" VPOS="2902" WIDTH="8" HEIGHT="84" GC="0.9677">
                                <Shape>
                                    <Polygon POINTS="2208 2902 2216 2986 2216 2986 2208 2902"/>
                                </Shape>
                            </Glyph>
                            <Glyph ID="char_827" CONTENT="́" HPOS="2217" VPOS="2902" WIDTH="17" HEIGHT="84" GC="0.9999">
                                <Shape>
                                    <Polygon POINTS="2217 2902 2225 2986 2234 2986 2227 2902"/>
                                </Shape>
                            </Glyph>
                        </String>
                    </TextLine>

                    <TextLine ID="136e8b6f-c818-4abb-9bcc-a89f49d56a44" HPOS="653.0" VPOS="3079.0" WIDTH="841.0" HEIGHT="81.0" BASELINE="655.0 3133.0 1494.0 3125.0" TAGREFS="LINE_TYPE_1">
                        <Shape>
                            <Polygon POINTS="655.0 3133.0 655.0 3160.0 1283.0 3160.0 1283.0 3158.0 1285.0 3158.0 1287.0 3158.0 1304.0 3146.0 1494.0 3146.0 1494.0 3125.0 1490.0 3096.0 1343.0 3079.0 1341.0 3079.0 1266.0 3096.0 1111.0 3081.0 1109.0 3081.0 1107.0 3081.0 1105.0 3081.0 1105.0 3083.0 1090.0 3096.0 935.0 3087.0 933.0 3087.0 831.0 3100.0 732.0 3087.0 730.0 3087.0 653.0 3098.0 655.0 3133.0"/>
                        </Shape>
                        <String ID="segment_258" CONTENT="en" HPOS="677" VPOS="3088" WIDTH="44" HEIGHT="72" WC="0.9991">
                            <Shape>
                                <Polygon POINTS="677 3095 677 3160 721 3160 721 3088"/>
                            </Shape>
                            <Glyph ID="char_828" CONTENT="e" HPOS="677" VPOS="3095" WIDTH="0" HEIGHT="65" GC="0.9982">
                                <Shape>
                                    <Polygon POINTS="677 3095 677 3160 677 3160 677 3095"/>
                                </Shape>
                            </Glyph>
                            <Glyph ID="char_829" CONTENT="n" HPOS="721" VPOS="3088" WIDTH="0" HEIGHT="72" GC="1.0">
                                <Shape>
                                    <Polygon POINTS="721 3088 721 3160 721 3160 721 3088"/>
                                </Shape>
                            </Glyph>
                        </String>
                        <SP ID="segment_259" HPOS="770"  VPOS="3092" WIDTH="6"  HEIGHT="68"/>
                        <String ID="segment_260" CONTENT="conséquence.." HPOS="787" VPOS="3082" WIDTH="588" HEIGHT="78" WC="0.9996">
                            <Shape>
                                <Polygon POINTS="787 3094 787 3160 1375 3146 1375 3083"/>
                            </Shape>
                            <Glyph ID="char_831" CONTENT="c" HPOS="787" VPOS="3094" WIDTH="0" HEIGHT="66" GC="0.9996">
                                <Shape>
                                    <Polygon POINTS="787 3094 787 3160 787 3160 787 3094"/>
                                </Shape>
                            </Glyph>
                            <Glyph ID="char_832" CONTENT="o" HPOS="820" VPOS="3099" WIDTH="0" HEIGHT="61" GC="1.0">
                                <Shape>
                                    <Polygon POINTS="820 3099 820 3160 820 3160 820 3099"/>
                                </Shape>
                            </Glyph>
                            <Glyph ID="char_833" CONTENT="n" HPOS="864" VPOS="3096" WIDTH="0" HEIGHT="64" GC="1.0">
                                <Shape>
                                    <Polygon POINTS="864 3096 864 3160 864 3160 864 3096"/>
                                </Shape>
                            </Glyph>
                            <Glyph ID="char_834" CONTENT="s" HPOS="891" VPOS="3092" WIDTH="0" HEIGHT="68" GC="1.0">
                                <Shape>
                                    <Polygon POINTS="891 3092 891 3160 891 3160 891 3092"/>
                                </Shape>
                            </Glyph>
                            <Glyph ID="char_835" CONTENT="e" HPOS="919" VPOS="3089" WIDTH="0" HEIGHT="71" GC="1.0">
                                <Shape>
                                    <Polygon POINTS="919 3089 919 3160 919 3160 919 3089"/>
                                </Shape>
                            </Glyph>
                            <Glyph ID="char_836" CONTENT="́" HPOS="924" VPOS="3087" WIDTH="6" HEIGHT="73" GC="1.0">
                                <Shape>
                                    <Polygon POINTS="924 3088 924 3160 930 3160 930 3087"/>
                                </Shape>
                            </Glyph>
                            <Glyph ID="char_837" CONTENT="q" HPOS="957" VPOS="3088" WIDTH="6" HEIGHT="72" GC="1.0">
                                <Shape>
                                    <Polygon POINTS="957 3088 957 3160 963 3160 963 3089"/>
                                </Shape>
                            </Glyph>
                            <Glyph ID="char_838" CONTENT="u" HPOS="1007" VPOS="3091" WIDTH="0" HEIGHT="69" GC="1.0">
                                <Shape>
                                    <Polygon POINTS="1007 3091 1007 3160 1007 3160 1007 3091"/>
                                </Shape>
                            </Glyph>
                            <Glyph ID="char_839" CONTENT="e" HPOS="1045" VPOS="3093" WIDTH="0" HEIGHT="67" GC="1.0">
                                <Shape>
                                    <Polygon POINTS="1045 3093 1045 3160 1045 3160 1045 3093"/>
                                </Shape>
                            </Glyph>
                            <Glyph ID="char_840" CONTENT="n" HPOS="1078" VPOS="3095" WIDTH="0" HEIGHT="65" GC="0.9999">
                                <Shape>
                                    <Polygon POINTS="1078 3095 1078 3160 1078 3160 1078 3095"/>
                                </Shape>
                            </Glyph>
                            <Glyph ID="char_841" CONTENT="c" HPOS="1117" VPOS="3082" WIDTH="0" HEIGHT="78" GC="0.9979">
                                <Shape>
                                    <Polygon POINTS="1117 3082 1117 3160 1117 3160 1117 3082"/>
                                </Shape>
                            </Glyph>
                            <Glyph ID="char_842" CONTENT="e" HPOS="1166" VPOS="3086" WIDTH="0" HEIGHT="74" GC="0.9987">
                                <Shape>
                                    <Polygon POINTS="1166 3086 1166 3160 1166 3160 1166 3086"/>
                                </Shape>
                            </Glyph>
                            <Glyph ID="char_843" CONTENT="." HPOS="1304" VPOS="3087" WIDTH="0" HEIGHT="59" GC="0.9983">
                                <Shape>
                                    <Polygon POINTS="1304 3087 1304 3146 1304 3146 1304 3087"/>
                                </Shape>
                            </Glyph>
                            <Glyph ID="char_844" CONTENT="." HPOS="1375" VPOS="3083" WIDTH="0" HEIGHT="63" GC="0.9997">
                                <Shape>
                                    <Polygon POINTS="1375 3083 1375 3146 1375 3146 1375 3083"/>
                                </Shape>
                            </Glyph>
                        </String>
                    </TextLine>
</TextBlock>
            </PrintSpace>
        </Page>
    </Layout>
</alto>