2528 3712
904 129 76 81 Jv

274 249 358 89 Marine.

338 451 215 73 Bureau

264 543 48 94 des
416 542 173 99 Troupes

300 641 43 78 des
380 641 214 78 Colonies.

366 779 167 134 ficier

2042 164 2 73 N

1892 459 256 148 Egalite패

2275 137 42 99 42

741 461 270 122 Liberte패.

1222 874 142 101 Paris,
1404 890 16 84 le
1459 913 16 61 10
1522 880 79 90 Mend
1649 899 0 65 r
1719 855 178 117 2airial
2036 891 26 85 an
2115 896 34 83 10

1279 979 25 72 de
1373 981 25 70 la
1455 979 251 93 Re패publique
1781 980 219 90 franc퍊aise.

1119 1156 574 167 Rapport

1116 1359 0 68 a
1203 1348 189 76 Ministre
1467 1354 29 67 de
1525 1350 218 79 l'jnterieur
1807 1353 80 73 par
1962 1354 40 63 sa
2077 1340 109 68 lettre
2255 1340 46 68 du

860 1444 90 61 130.
981 1433 153 72 Floreal
1229 1434 153 71 dernier,
1408 1436 148 71 engage
1619 1431 68 62 celui
1761 1430 21 65 de
1803 1434 43 63 les
1919 1433 132 66 Marine
2141 1433 21 59 et
2215 1427 57 70 des

810 1517 155 72 colonies
1092 1520 10 63 a
1156 1520 141 62 prendre
1370 1534 34 43 en
1463 1517 238 62 conside패ration
1770 1518 29 62 la
1862 1521 244 61 re패clamation
2194 1522 92 61 qu'il

776 1594 72 75 fait
908 1607 93 58 pour
1045 1592 180 77 l'hospice
1291 1595 33 66 de
1373 1589 22 68 la
1482 1590 148 73 Charite패
1679 1591 28 60 de
1761 1587 165 64 Senlis,
1964 1590 33 73 du
2062 1595 208 69 payement

783 1674 100 73 d'une
936 1691 132 53 pension
1126 1672 26 64 de
1205 1672 63 74 600
1321 1674 105 67 francs
1489 1683 58 59 par
1590 1685 79 62 an,
1737 1690 42 53 qui
1843 1680 100 58 avait
1995 1676 48 76 e패te패
2090 1686 148 64 promise
2285 1693 48 51 par

774 1744 159 83 l'ancien
984 1752 284 77 Gouvernement
1336 1773 29 53 au
1433 1759 45 66 C.
1518 1758 142 67 Charles
1746 1762 182 76 Phitippe
2006 1761 338 84 Daillebout

772 1858 23 54 et
846 1837 136 73 devant
1055 1840 148 81 officier
1259 1844 97 67 dans
1390 1841 45 72 les
1520 1842 159 82 Troupes
1775 1843 154 78 sievant
1990 1866 12 53 a
2058 1851 159 77 Cayenne

761 1917 94 68 admis
899 1920 78 64 aud.
1021 1923 195 77 hopital,
1247 1931 85 68 pour
1376 1936 95 61 cause
1531 1928 28 66 de
1619 1930 205 68 de패mence,
1863 1952 28 48 en
1956 1946 167 61 exe패cuction
2161 1936 90 75 d'un

762 1994 82 82 ordre
903 2011 35 64 du
997 1998 58 72 Roi
1132 2010 29 55 en
1214 2008 83 59 date
1366 2015 43 67 du
1484 2006 31 76 22
1589 2016 91 75 avril
1766 2020 131 69 1787.

900 2082 31 73 Il
996 2086 125 76 ajoute패
1181 2095 53 71 que
1294 2091 187 83 l'hospice
1552 2105 30 58 de
1602 2099 25 68 la
1715 2108 164 69 charite패
1962 2113 108 72 ayant
2119 2119 63 61 recu
2276 2121 36 66 du

762 2150 286 83 Gouvernement
1114 2161 50 76 des
1242 2165 122 70 secours
1459 2174 51 77 qui
1532 2173 75 66 l'ont
1659 2198 14 53 a
1720 2199 129 65 peupre패s
1926 2190 226 84 de패dommage패
2186 2199 149 72 jusqu'en

755 2234 81 79 l'an
896 2254 26 63 9.
960 2239 25 68 la
1053 2242 168 71 demande
1295 2251 32 62 du
1393 2258 52 77 non
1467 2263 207 74 payement
1728 2264 27 68 de
1834 2266 2 65 l
1982 2274 194 85 pension,
2236 2297 46 63 ne

749 2330 205 64 commencera
1028 2324 87 90 qu'a
1155 2329 65 70 cette
1287 2332 136 103 Epogue

1254 2418 533 105 Observations

929 2515 215 77 L'ordre,
1189 2544 1 53 a
1240 2523 261 91 effectivement
1558 2526 60 86 e패te패
1655 2533 119 87 donne패
1837 2536 22 84 le
1908 2538 35 71 22
1999 2538 93 80 avril
2155 2539 93 89 1787
2298 2542 41 79 au

736 2582 195 82 supe패rieur
989 2589 48 79 des
1097 2590 95 81 freres
1275 2600 32 74 de
1344 2599 26 76 la
1430 2602 153 74 churite패
1631 2613 31 75 de
1723 2637 152 57 recevoir
1929 2625 26 80 et
2011 2624 98 83 faire
2189 2631 127 82 garder

738 2663 17 74 le
816 2665 33 75 C.
882 2665 195 81 Daillebout
1142 2675 218 78 Lieutenant
1419 2701 30 54 en
1491 2685 36 72 2^e
1558 2686 46 73 des
1674 2693 141 72 Troupes
1874 2705 35 62 de
1963 2699 206 75 Cayenne,
2196 2723 63 54 avec
2301 2717 24 61 la

1570 2748 157 50 seraient
1767 2752 114 49 paye패se

734 2749 101 72 clause
899 2760 53 65 que
995 2756 37 67 les
1113 2757 74 61 fras
1251 2768 27 50 de
1320 2764 34 75 sa
1400 2771 162 70 pension,
1597 2777 50 67 par
1688 2779 23 67 le
1789 2782 168 72 Tre패sorier
2024 2784 146 74 Ge패ne패ral
2227 2787 34 68 du

720 2829 227 80 de패partement
1013 2833 24 72 de
1075 2837 23 67 la
1176 2841 129 63 marine
1389 2846 24 71 et
1468 2841 40 68 des
1580 2843 264 81 Colonies.
1877 2851 18 77 il
1933 2866 124 65 parait
2123 2854 91 76 juste
2282 2856 28 63 de

728 2913 93 71 faire
898 2917 82 65 droit
1041 2916 16 64 a
1101 2915 22 75 la
1188 2920 203 75 re패clamaton
1451 2920 126 76 forme패e
1643 2926 66 67 par
1742 2924 93 62 ledit
1906 2925 181 75 hopne,
2114 2939 22 56 et
2191 2929 21 70 de
2245 2932 39 71 lui

719 3000 158 64 procurer
925 2984 11 66 a
978 2984 82 66 datter
1125 2985 17 76 de
1178 2986 76 74 L'an
1331 2998 23 65 9.
1395 2988 36 82 de
1490 3003 206 69 payement
1766 3001 36 55 du
1866 2998 141 72 moniant
2066 2992 30 71 de
2131 2990 24 86 la
2208 2991 111 82 panson

721 3078 22 70 du
809 3057 43 94 C.
889 3059 185 91 Duillebont
1128 3057 81 94 sixe패e
1283 3080 14 62 a
1344 3060 27 78 La
1452 3071 142 63 Somme
1675 3058 27 97 de
1769 3058 96 100 600lt
1884 3060 109 98 Peues
2093 3085 62 74 par
2236 3073 34 78 an

208 1048 42 63 on
285 1036 163 74 demande
510 1035 37 73 si
599 1040 68 67 c'est
714 1057 16 49 a
765 1031 22 75 la

139 1120 113 68 caisse
319 1120 41 68 des
432 1118 181 72 Invalides
654 1140 31 50 ou
736 1140 16 50 a
788 1140 62 51 celte

132 1208 50 66 des
263 1208 134 66 affains
455 1209 175 63 courantes
702 1210 9 54 a

144 1265 211 89 supporter
411 1284 44 67 une
492 1268 131 84 pension
679 1262 31 75 de
747 1262 75 84 600.
853 1263 31 89 fr

159 1341 55 75 par
247 1344 33 59 au
346 1350 27 55 au
428 1338 38 68 C.
510 1338 220 73 Daillebout

195 1818 74 94 ds
324 1810 70 85 C.
