2688 3456
618 230 3 63 e
674 228 121 80 Lombord
818 241 25 95 de
860 244 102 95 fagues

647 162 1 52 a
681 157 237 83 renvoypar
990 147 459 86 BCeguinot

1191 210 26 71 le
1263 202 50 72 du
1343 205 159 61 procés
1543 193 165 77 verbal
1756 192 31 71 de
1835 193 43 68 la
1920 186 177 90 Captne
2151 184 122 90 faite
2351 182 37 69 le

1088 287 127 83 douze
1266 276 222 94 septembre
1558 279 70 68 mil
1666 277 83 65 sept
1787 284 89 59 cene
1926 278 197 86 soixante
2174 287 153 77 qu'inze
2358 284 89 80 pur

1097 359 175 63 L'exeme
1314 361 27 61 de
1369 359 340 64 Marechaussée
1765 376 0 47 a
1815 359 42 64 la
1894 359 225 65 Residence
2170 359 28 65 de
2230 363 207 61 surgeres

1104 440 41 77 du
1185 460 186 58 nommé
1412 437 180 66 antoine
1626 451 233 63 Beguinot
1911 435 139 74 soldat
2097 441 40 79 du
2172 443 140 77 depose
2346 445 47 66 des

1106 526 217 78 colonies
1371 554 0 47 a
1429 524 105 77 l'isle
1582 524 37 75 dé
1651 524 90 74 ré,
1772 542 164 55 arresté
1978 538 58 57 sur
2089 533 32 61 le
2158 533 190 60 soubcon

1108 602 34 84 de
1189 599 220 88 desertion
1482 601 27 78 et
1549 615 27 68 de
1636 602 347 98 l'interrogatoire
2050 633 87 69 qu'il
2197 633 0 62 a
2244 617 100 87 subi

1101 695 174 84 devant
1320 692 38 91 le
1409 693 283 88 Lieutenant
1731 706 38 77 de
1808 693 366 94 Marechaissée
2251 723 0 55 a
2302 702 39 84 la

1102 794 240 77 rochelle
1402 789 40 92 le
1496 789 214 96 qualorze
1770 787 234 98 septembre
2044 798 120 82 1775.

933 898 95 74 L'an
1085 900 73 106 mil
1221 902 81 104 sept
1336 915 82 82 cent
1452 907 219 101 soixante
1727 923 167 84 quinze
1959 906 29 75 le
2053 906 86 100 orze
2175 909 239 104 septembre

966 1005 111 58 nous
1104 994 147 75 Exemie
1288 998 32 74 de
1357 1000 369 75 Marechaussée
1774 1021 31 51 et
1842 1002 174 76 antoine
2069 1011 42 68 du
2148 1007 138 75 sollon

920 1082 232 81 Cavalier
1220 1081 0 75 a
1275 1080 34 77 la
1350 1079 239 88 Résidence
1630 1094 20 70 de
1691 1097 218 83 surgeres,
1930 1102 123 78 Gener
2087 1092 102 86 alité
2217 1099 27 74 de
2264 1095 21 77 la
2326 1085 143 83 Rochelle

957 1169 299 102 soussignés,
1283 1172 257 102 certifions
1581 1175 235 100 qu'etant
1879 1176 99 85 dans
2013 1182 341 100 nosfonctions

958 1263 301 85 ordinaires
1305 1275 73 78 sur
1436 1270 40 87 le
1508 1272 184 87 chemin
1744 1267 33 83 de
1822 1268 41 85 la
1901 1269 216 90 Rochelle
2163 1301 0 53 a
2209 1289 229 78 surgeres

968 1364 141 70 avons
1144 1366 247 68 rencontré
1439 1363 46 72 un
1521 1363 195 81 homme
1784 1363 121 88 vestu
1941 1366 26 87 de
2018 1367 270 92 l'uniforme
2349 1380 58 73 des

949 1454 213 84 troupes
1194 1447 54 81 des
1286 1449 227 87 colonies,
1537 1459 154 88 auquel
1730 1460 133 76 avons
1895 1455 239 90 demandé
2167 1459 66 83 d'ou
2273 1465 26 72 il
2339 1468 132 70 venoir

962 1545 49 50 ou
1034 1542 31 54 il
1113 1534 133 86 alloit
1292 1537 32 75 et
1359 1537 56 72 s'il
1461 1543 128 86 etoit
1623 1543 177 87 porteur
1853 1547 96 82 d'un
1984 1553 147 82 congé
2165 1570 31 56 ou
2232 1557 145 83 Billet

967 1621 302 105 d'hopital,
1305 1630 1 70 a
1348 1626 237 106 réponde
1627 1631 90 102 qu'il
1766 1633 133 79 alloit
1957 1655 1 55 a
2008 1638 200 105 l'hopital
2265 1660 1 66 a
2302 1649 39 96 S^t
2368 1652 96 76 Jean

964 1725 224 87 d'angely,
1220 1728 26 88 et
1278 1730 96 87 qu'il
1430 1731 92 93 avoi
1565 1737 136 88 perdu
1738 1743 66 73 son
1840 1753 143 68 Billet
2013 1747 214 94 d'hopital
2282 1754 78 68 lui

969 1826 143 62 avons
1143 1812 206 90 declaré
1398 1816 85 90 que
1533 1839 111 64 nous
1686 1820 284 92 l'arretions
1994 1835 39 68 de
2084 1831 135 83 l'ordre
2269 1844 52 76 du
2346 1846 91 80 Roy

974 1905 67 78 sur
1097 1906 35 78 le
1172 1911 195 76 soubcon
1402 1910 120 80 d'étre
1573 1916 238 78 deserleur
1868 1943 34 52 et
1937 1925 184 74 lavons
2146 1930 209 72 conduits
2381 1938 87 66 dans

957 2006 80 84 Les
1061 2011 213 82 prisons
1311 2015 37 60 de
1396 2014 104 76 notre
1547 2015 276 83 Residence
1888 2030 39 78 ou
1961 2025 135 85 Etant
2133 2031 115 79 crihe
2309 2029 67 67 les

976 2090 102 104 deux
1119 2093 230 103 Guichees
1391 2105 174 99 l'avons
1591 2108 173 98 fouillé
1806 2137 44 73 en
1878 2131 217 86 presence
2143 2122 38 95 du
2214 2133 224 85 concierge

978 2201 48 70 ne
1080 2203 72 74 lui
1199 2213 141 63 avons
1383 2226 92 56 rien
1518 2210 163 76 trouvé
1724 2216 27 64 de
1789 2213 216 79 contraire
2070 2236 70 51 aux
2178 2219 276 76 ordonnances

979 2314 26 57 il
1065 2325 100 56 nous
1199 2309 2 67 a
1242 2311 187 77 declaré
1470 2317 180 90 enscite
1697 2326 94 83 qu'il
1844 2336 155 79 verroit
2047 2331 32 82 se
2126 2332 150 90 mestre,
2311 2346 99 78 qu'il

978 2405 109 100 etoie
1132 2417 124 88 parti
1295 2411 42 72 le
1410 2436 135 77 même
1585 2439 102 74 jour
1741 2419 28 67 de
1821 2421 245 97 l'hopital
2118 2432 28 77 de
2178 2429 29 95 S^t
2246 2447 116 67 Jean

974 2524 214 91 dangely
1246 2530 104 60 avec
1414 2534 52 79 un
1511 2526 149 88 soldat
1706 2530 45 80 du
1784 2534 252 88 Regiment
2081 2533 33 73 de
2159 2536 311 81 Vermandois

1005 2622 100 83 qu'il
1156 2623 178 57 venoie
1391 2624 35 82 de
1463 2622 219 96 conduire
1738 2634 186 88 jusqu'a
1981 2632 153 76 aucher
2184 2636 217 80 distance

983 2714 44 68 de
1056 2714 63 68 six
1185 2718 155 84 lieuës
1368 2721 150 86 dudit
1577 2724 235 90 hopital
1872 2749 44 60 ou
1945 2734 33 76 il
2019 2738 296 76 retournoit
2375 2758 32 58 et

994 2821 88 86 qu'il
1142 2829 1 80 y
1181 2831 137 81 avoit
1356 2818 225 96 plusieurs
1633 2843 103 70 mois
1787 2828 104 101 qu'il
1936 2842 2 70 y
1976 2833 97 71 etoit
2139 2837 27 96 et
2200 2849 67 77 que
2314 2842 74 68 son

986 2923 143 93 Bellee
1167 2918 166 101 d'entrée
1393 2922 160 103 devoit
1603 2927 3 99 y
1648 2920 260 111 êtrequ'il
1974 2938 40 68 sa
2080 2929 250 95 nommoie
