2415 3644
145 220 131 75 Cat
352 196 55 86 de
454 185 36 81 la

149 257 341 121 matricule

122 380 97 85 ous

404 419 160 97 M.
691 341 679 150 Daillebout
1479 329 221 128 (Charle
1749 325 313 114 Philippo)

797 535 71 70 né
921 539 28 63 à
1042 483 345 118 Rochefort,
1432 474 37 112 le
1554 471 38 109 25
1718 478 100 79 X^r
1888 440 117 110 1762

494 664 560 118 sous-lieutenant
1140 638 124 84 dans
1303 626 53 91 les
1399 616 166 89 troupes
1603 593 267 84 nationales

501 829 309 106 Lieutenant
853 825 46 75 en
971 801 224 88 second,

1634 660 190 80 5avril
1915 651 163 99 1779.

1616 783 44 67 1r
1701 763 129 77 Avril
1908 750 152 98 1786.

527 995 290 109 Repassé
872 1012 43 60 en
990 961 164 105 France
1215 961 110 82 pour
1378 935 133 96 cause
1589 931 36 83 de
1693 902 118 102 folie
1916 887 51 95 et

467 1123 215 82 détenu,
702 1120 88 76 par
834 1091 117 85 ordie
998 1080 48 80 du
1108 1060 97 80 Roi
1254 1055 72 79 du
1382 1029 65 88 22^
1482 1019 169 76 Mai
1708 992 158 96 1787,
1912 984 140 73 dans

149 1272 42 61 cet
231 1261 103 67 moncé:
358 1257 21 62 le
388 1228 95 89 Corpel
505 1214 8 95 a
574 1212 191 81 Maison
828 1189 87 91 des
982 1162 127 103 frères
1168 1156 52 84 de
1249 1139 31 85 la
1331 1114 225 109 Charité
1599 1104 63 100 de
1746 1074 286 121 Senlis.

191 1608 110 67 parité
329 1599 62 56 qui
420 1581 43 62 est
513 1542 63 100 Je
625 1540 35 97 ne
717 1536 193 88 retrouve
979 1516 142 94 point
1209 1474 173 94 l'ordre
1436 1482 59 65 du
1557 1429 212 121 22(avril
1800 1416 131 104 dont
1971 1408 34 81 il
2045 1413 66 68 est

534 1641 181 89 question
785 1616 288 90 ci-dessus;
1129 1586 112 68 mais
1293 1574 29 57 il
1386 1558 91 74 sos
1539 1553 8 71 y
1587 1552 6 55 a
1668 1529 88 70 sous
1796 1517 30 74 la
1891 1513 115 62 même
2054 1487 82 68 date

531 1730 107 82 dans
664 1712 27 77 le
730 1686 193 99 Registre
974 1678 56 85 de
1081 1629 425 112 Correspondance,
1537 1609 35 74 la
1639 1595 166 78 minute
1871 1581 40 68 de
1938 1560 32 82 la
2020 1548 96 86 Lettre

535 1796 54 90 j'e
747 1772 120 89 écrite
925 1761 56 80 au
1027 1732 216 105 supérieur
1312 1712 63 81 des
1423 1696 126 96 frères
1598 1685 48 83 de
1681 1674 27 73 la
1765 1652 194 93 Charité
2016 1641 61 73 de

1944 1706 23 71 le
2004 1697 85 80 texte
2125 1692 30 60 de

531 1876 196 99 Senlis,
763 1869 135 78 pour
958 1837 76 86 lui
1086 1816 190 95 envoyer
1355 1794 73 71 cet
1481 1778 197 82 ordre.
1742 1747 121 86 Voici
1934 1741 97 63 cetté
2090 1738 35 66 la

533 1963 115 99 Lettre

734 2021 93 117 "Je
853 2024 118 95 joius
1009 2027 53 62 ici
1123 1956 282 126 Monsieur,
1422 1947 36 100 la
1508 1931 116 100 lettre
1683 1935 72 87 que
1791 1918 23 73 le
1860 1887 89 96 Rroi
2001 1905 94 67 vous

546 2158 138 75 "écrit
737 2143 91 84 pour
878 2124 159 83 recevoir
1087 2100 37 79 et
1178 2083 109 81 faire
1329 2063 153 84 garder
1518 2044 38 81 et
1598 2018 148 97 traiter
1781 2006 116 83 dans
1954 1987 102 76 votre

963 2168 316 94 Daillebout;
1314 2124 290 99 Lieutenant
1644 2127 39 62 en
1734 2087 134 90 second
1927 2081 79 71 des

540 2318 207 81 "Troupes
795 2301 48 75 de
887 2281 288 85 Cayenne.
1243 2243 62 88 les
1335 2231 126 88 frais
1501 2220 54 76 de
1606 2210 44 82 sa
1705 2198 205 80 pension
1970 2167 150 84 seront

539 2227 207 90 "maison
799 2214 28 79 le
878 2206 40 78 S^r

543 2389 236 109 "'acquittés
828 2393 87 83 par
954 2366 27 75 le
1035 2359 179 90 Trésorier
1273 2328 189 103 général
1524 2308 47 86 de
1639 2311 89 63 mon
1780 2264 332 106 Département

535 2500 155 85 "vous
736 2476 170 97 vouvrez
958 2456 90 88 bien
1118 2457 67 76 me
1242 2433 235 79 marquer
1560 2392 119 100 quels
1743 2381 97 74 sont
1917 2359 58 72 les

537 2575 247 117 "différens
828 2579 87 81 prix
966 2557 74 99 des
1076 2528 331 111 pensions..

828 2808 5 59 a
906 2793 191 70 pension
1156 2769 53 78 de
1280 2735 112 95 M.
1457 2706 310 118 Daillebout
1847 2711 5 71 a
1913 2705 104 71 cesse

547 2901 134 105 d'être
739 2917 136 81 payée
950 2909 22 53 à
1004 2858 266 106 l'hospice,
1294 2839 30 78 le
1384 2830 46 77 1^er
1498 2820 159 95 Vend^r
1726 2826 45 87 au
1838 2818 52 73 9.

812 3048 76 35 n9
942 2975 138 98 aurait
1155 2966 22 84 à
1239 2932 334 112 s'informer
1641 2923 110 87 chez
1809 2909 23 79 le
1904 2902 182 86 Tresorier

568 3099 60 94 g^e
673 3096 61 79 des
791 3065 234 95 Invalides
1107 3052 50 99 du
1215 3036 99 102 motif
1362 3045 63 77 qui
1476 3050 5 55 a
1552 3005 120 100 are
1750 3003 174 82 donné
1978 2975 80 90 lieu

551 3206 24 66 à
627 3178 102 93 cette
800 3158 176 156 cessatif
1095 3147 55 160 de
1204 3120 378 177 paiement.

171 1180 3 57 )
208 1168 28 67 Il
271 1176 3 56 y
303 1168 4 62 a
336 1163 85 65 sans.

158 1228 78 51 donte
272 1221 95 54 erreur
396 1217 62 52 dans

151 1317 32 61 de
194 1308 132 64 l'hospice
351 1300 27 53 de
395 1295 22 52 la

149 1351 142 69 Charité
312 1339 79 61 porte

164 1413 33 50 22
230 1398 78 56 avril
342 1389 27 50 et
407 1379 36 52 non

166 1455 51 54 pas
253 1446 30 52 22

158 1491 19 63 il
196 1489 63 64 est,

166 1536 55 54 avec
251 1529 21 57 la

325 1431 57 53 mai

293 1481 10 47 n
318 1470 61 54 cela
400 1435 115 75 d'accord

382 1495 90 66 lettre

162 1591 24 44 du
216 1557 142 74 Supérieur

413 1545 17 51 de
446 1539 22 56 la

175 1644 165 88 égaleent
373 1645 40 57 du
437 1631 31 61 22

168 1715 92 70 avril
