2432 3632
151 117 97 115 S^t
283 117 308 131 Domingue

759 167 396 84 APervailles
1211 167 30 65 le
1313 171 94 95 26.
1448 172 81 93 Juin
1620 161 159 101 167.

1010 434 300 91 Royayant
1348 407 66 113 bien
1461 432 103 96 voulu
1611 397 347 139 Monsieur,
1996 408 84 128 faire
2137 437 94 89 greace

652 564 36 75 au
732 542 188 101 Nommé
956 529 161 115 Jacques
1179 528 224 133 Augerant
1465 548 135 113 soldat
1643 537 197 111 Deserteur
1885 551 28 88 de
1945 538 39 125 La
2026 535 137 130 Leigion

643 663 38 83 de
726 663 112 88 L'Isle
875 670 37 100 de
957 671 120 94 france
1129 686 52 88 qui
1219 683 0 76 a
1264 668 59 87 été
1353 667 217 111 condamne
1615 703 67 73 par
1719 694 225 81 contumace
2003 688 15 89 à
2041 704 134 69 passer

650 805 70 70 par
766 776 78 90 les
890 778 132 92 armes
1092 808 85 81 pare
1207 784 188 107 Jugement
1439 806 41 71 du
1517 788 126 86 Conseil
1688 792 32 83 de
1757 818 102 67 guerre
1912 799 87 90 tenu
2036 827 33 57 au
2105 800 88 95 Port

626 916 106 68 Louis
813 885 31 98 le
911 887 38 88 8.
986 889 143 88 Avril
1166 898 173 102 dernier,
1375 905 32 93 sa
1457 896 220 110 Majeste
1721 901 76 95 Lui
1832 909 2 89 a
1885 940 31 62 en
1952 910 257 104 conséquence

643 1032 72 87 fait
745 1006 175 115 Expedier
959 1016 24 82 le
1022 1010 159 92 Brevet
1220 1037 24 71 ci
1267 1035 95 80 joint
1417 1033 87 86 sous
1551 1016 25 95 la
1615 1020 197 116 condition
1859 1034 89 102 qu'il
2002 1030 151 102 servira

652 1125 193 102 pendant
887 1129 37 97 sa
966 1146 45 84 vie
1061 1141 98 96 dans
1200 1149 28 101 la
1279 1125 150 126 Légion
1480 1130 35 104 de
1574 1128 55 107 S^t
1679 1130 315 126 Domingue;
2035 1169 46 77 ce

670 1238 225 125 Déserteur
951 1278 52 88 qui
1043 1282 43 75 est
1142 1253 268 111 actuellement
1449 1253 176 118 détenu
1689 1267 102 103 dans
1848 1274 49 88 les
1939 1280 166 96 prisons

652 1371 32 89 du
719 1372 203 109 Mans
1003 1378 84 101 sera
1123 1412 271 78 incessament
1430 1384 165 110 conduit
1633 1424 74 73 par
1752 1393 30 92 la
1842 1394 382 101 Marechaussée

649 1533 1 49 a
700 1503 197 112 Nantes
963 1517 44 109 où
1039 1512 19 102 je
1117 1505 120 111 donne
1270 1509 43 100 les
1363 1510 137 100 ordres
1550 1546 204 87 nécesaires
1812 1545 120 88 pour
1982 1520 96 115 qu'il
2119 1518 78 106 soit

613 1629 237 106 Embarqué
879 1641 26 64 et
950 1637 239 102 Consigné
1226 1641 18 76 à
1265 1634 98 100 bord
1406 1646 43 103 du
1486 1666 158 78 premier
1706 1647 246 110 Batiment
2006 1648 56 111 qui
2092 1649 80 100 sera

644 1715 136 85 Voile
825 1745 102 59 pour
985 1723 63 82 S^t
1087 1724 334 102 Domingue,
1480 1735 56 76 Le
1574 1739 242 95 Capitaine
1882 1773 74 63 de
2009 1758 42 81 ce

620 1822 263 100 Datiment
931 1835 91 92 sera
1071 1863 336 77 Expressemment
1465 1841 156 106 chargé
1672 1871 53 69 de
1791 1869 164 79 remettre
2013 1876 16 76 à
2087 1863 105 98 Votre

665 1940 256 118 disposition
980 1975 25 72 ce
1050 1965 185 90 déserteur
1302 1953 109 103 dont
1456 1991 86 64 vous
1594 1959 71 93 lui
1701 1963 139 105 donner
1916 1995 40 72 un
2000 1967 225 98 Recu.

610 2060 291 100 Aussitol
1004 2082 75 82 son
1123 2106 127 61 arrivée
1301 2077 112 93 dans
1457 2079 31 92 la
1524 2073 187 102 Colonie
1776 2116 98 62 vous
1947 2078 98 103 ferés
2080 2103 165 82 assemble

627 2178 31 134 le
692 2179 142 135 Conseil
887 2209 58 111 de
981 2190 113 131 Guerre
1139 2229 104 96 pour
1297 2232 58 89 que
1400 2234 67 54 son
1511 2231 179 70 Brevet
1772 2235 2 78 y
1837 2215 86 87 soit
1996 2207 216 109 Enthériné

634 2330 33 89 et
712 2312 105 113 qu'il
862 2311 136 116 Joüisse
1060 2319 182 96 suivant
1279 2320 50 87 les
1366 2334 222 89 intentions
1649 2356 57 65 de
1775 2330 42 99 sa
1878 2335 285 114 Majesté

626 2452 72 70 de
744 2425 40 104 la
844 2450 127 90 Grace
1024 2431 158 111 qu'Elle
1236 2445 1 90 a
1290 2435 72 110 bien
1422 2436 111 109 Voulu
1579 2439 71 110 lui
1688 2448 212 100 acorder.

812 2528 94 128 fai
961 2529 262 131 l'honneur
1259 2532 150 133 d'Ete
1455 2549 74 115 très
1604 2542 335 129 parfaitement
2013 2550 215 121 Monsieur

631 2679 129 91 Votre
815 2667 82 105 très
991 2663 178 112 humble
1207 2700 34 77 et
1303 2673 91 110 très
1496 2680 250 112 obeissant
1808 2679 227 119 serviteur

133 3295 150 149 M.
329 3302 35 143 Le
410 3295 120 168 S^on
560 3334 50 127 de
676 3312 74 152 S^r
802 3301 143 173 Pictor

1287 2845 31 106 le
1383 2844 105 105 duc
1553 2841 61 104 de
1679 2832 311 110 Barlin
