2496 3784
218 258 346 101 Marine.

272 453 218 75 Bureau

348 546 48 65 des

186 613 374 92 Subsistances

191 779 81 78 3^e
352 771 242 98 Division

659 468 268 120 Liberte.

1837 460 265 151 Egalité.

1139 908 166 62 Paris,
1358 908 18 50 le
1457 908 52 56 C.
1552 908 356 63 Brumaire
1974 909 34 54 au
2069 908 34 45 11

1274 974 24 70 de
1347 973 25 71 la
1427 971 253 88 République
1766 973 222 85 française.

622 1178 87 138 F.
930 1139 596 175 Rapport

155 1492 155 103 2y00ad
340 1493 14 102 le
374 1486 6 109 l
438 1463 137 128 frucinie
964 1502 1 69 e
1025 1449 134 117 C^en
1202 1441 242 127 Charles
1522 1431 277 126 Philipse
1875 1449 419 99 Daillebout,

146 1642 28 72 de
209 1617 198 90 l'hospel
513 1609 174 71 ancien
785 1598 333 81 Lieutenant
1209 1610 44 64 en
1315 1577 165 96 Second
1547 1576 75 89 des
1717 1566 179 98 Troupes
1971 1565 39 79 de
2056 1556 266 98 Cayenne,

526 1730 158 56 rentre
764 1735 39 50 en
875 1697 239 88 France
1199 1727 33 57 en
1318 1702 139 76 1787,
1482 1709 42 64 et
1586 1681 280 91 débarque
1938 1709 14 47 à
1996 1665 306 95 Rochefort

519 1864 204 65 comme
801 1843 191 69 atteint
1083 1833 47 82 de
1214 1822 243 91 folie,
1515 1816 88 89 fut
1658 1819 128 83 trans
1821 1808 90 87 fére
1993 1822 80 68 par
2129 1799 148 78 ordre

545 1972 54 86 du
659 1961 201 99 Roi,
906 1960 47 81 du
1031 1967 44 69 22
1138 1952 151 92 avril
1374 1972 162 60 même
1613 1962 211 70 année,
1868 1959 22 51 à
1940 1921 317 91 l'hospice

553 2103 52 76 de
687 2087 270 103 Senlis,
993 2089 33 89 et
1074 2082 27 88 il
1164 2074 72 107 lui
1307 2099 78 78 fut
1457 2061 258 101 accordé,
1756 2080 100 69 pour
1898 2041 78 91 son
2017 2037 273 91 traitement

552 2247 85 56 une
718 2240 240 60 pension
1045 2208 401 85 alimentaire
1544 2202 46 74 de
1677 2198 146 74 600^lt.

699 2356 176 87 Cette
932 2367 246 73 pension
1259 2337 103 88 fut
1419 2329 354 89 exactement
1860 2333 157 75 payée
2134 2320 1 66 a

542 2467 292 116 l'hôpital
928 2467 41 82 de
1062 2450 286 95 Senlis,
1399 2446 232 103 jusqu'au
1684 2443 65 73 1^er
1786 2433 160 85 Juillet
2022 2433 129 94 1793
2227 2438 74 70 mais

555 2599 182 96 depuis
780 2598 123 85 cette
968 2589 282 88 époque,
1291 2575 68 84 les
1450 2586 312 77 arrerages
1832 2568 118 73 sont
2020 2565 96 69 dus
2186 2563 2 61 a

548 2735 66 63 cet
680 2711 301 97 hospice.
1067 2730 114 61 Les
1267 2699 469 94 administrateurs
1785 2703 44 70 en
1892 2681 316 79 reclament

565 2844 127 87 donc
755 2842 40 107 le
875 2840 318 106 payement
1278 2847 35 75 et
1372 2814 322 106 demandent
1779 2816 129 100 que,
1952 2802 115 94 dans
2103 2797 35 80 le
2183 2803 82 72 cas

571 3001 46 69 ou
683 2982 40 75 le
801 2976 448 83 gouvernement
1346 2969 40 70 ne
1433 2947 258 94 voudroit
1761 2945 90 84 pas
1905 2931 317 78 continuer

573 3112 108 76 cette
759 3113 305 79 pension,
1108 3090 50 92 ils
1235 3098 207 73 puinent
1511 3069 135 96 faire
1728 3053 308 96 transférer
2118 3044 44 76 ce

560 3222 455 119 particulier
1093 3211 137 94 dans
1274 3199 150 103 telle
1518 3190 212 90 maison
1823 3198 66 77 qui
1960 3161 102 90 leur
2120 3156 114 84 sera

2046 3271 207 85 designée

163 1715 17 89 et
220 1692 184 106 seulis.
