2464 3680
755 130 3 72 M

166 291 401 144 Département
790 293 342 134 hospice
1268 293 167 116 civil

749 449 39 91 de
864 431 31 108 la
994 429 253 109 Charite
1338 439 47 95 de
1453 421 222 112 Senlis.

147 656 261 99 Commune
484 652 36 94 de
737 646 149 95 Etat
948 648 43 96 des
1032 647 135 91 sommes
1222 655 64 83 ducs
1320 664 15 67 à
1362 637 156 103 l'hosprie
1566 662 22 70 de
1601 660 22 71 la
1650 633 142 95 Charité

656 763 26 76 de
724 756 100 90 Senlis
854 766 51 78 par
935 754 13 80 le
991 752 224 90 Département
1264 751 26 82 de
1313 748 20 78 la
1382 752 168 82 Marine,
1568 765 69 65 pour
1673 742 162 88 arréragés

651 856 70 77 d'une
767 854 133 77 Pension
952 850 228 78 alimentaire
1232 846 59 77 d'un
1333 844 122 77 Officier
1496 844 107 74 Détenu
1650 856 27 59 au
1713 838 38 76 dit

641 950 122 89 hospice
807 962 63 76 pour
907 964 90 74 cause
1040 949 27 77 de
1097 942 204 92 Démence.
1332 947 26 77 La
1402 943 58 83 dite
1503 938 140 92 Pension
1687 935 140 92 payable

656 1067 47 66 par
741 1042 21 83 le
813 1042 165 88 Trésorier
1029 1051 145 81 général
1226 1037 27 90 de
1285 1034 27 85 la
1363 1035 198 93 Marine.

1097 1196 203 91 Scavoir

668 1300 164 102 Charles
862 1296 163 102 Philippe
1093 1294 216 100 Daillebout
1364 1292 209 98 Lieutenant
1600 1312 22 70 en
1655 1296 119 84 Second

643 1416 46 79 des
726 1415 134 85 Troupes
890 1412 28 80 de
948 1409 186 91 Cayenne,
1157 1407 83 80 entre
1284 1407 77 69 dans
1379 1402 20 74 le
1436 1400 26 78 d.
1480 1396 122 92 hospice
1645 1407 78 74 pour

637 1516 89 75 cause
763 1514 32 70 de
826 1506 152 86 Démence
1021 1504 20 86 le
1077 1502 26 83 22
1146 1505 96 79 avril
1285 1501 89 88 1787
1423 1516 58 72 par
1518 1508 32 63 un
1593 1494 95 74 Ordre
1719 1494 32 73 du

640 1608 89 96 Roy,
754 1629 14 57 à
801 1614 109 78 raison
948 1607 27 84 de
1021 1600 96 93 600^lt
1148 1621 48 60 par
1235 1602 89 89 An,
1349 1594 149 96 payable
1529 1603 48 85 par
1610 1598 21 81 le
1663 1588 162 85 Trésorier

648 1700 116 83 général
799 1700 25 74 de
859 1698 19 86 la
931 1705 176 74 Marine.
1142 1694 31 81 La
1215 1692 55 85 dite
1317 1693 134 85 Pension
1510 1713 13 54 à
1552 1692 49 76 été
1642 1711 98 62 payée

647 1815 141 78 jusqu'au
834 1798 54 97 1^ere
907 1797 102 91 Juillet
1061 1806 115 81 1793.
1216 1792 127 97 Malgre
1390 1794 34 89 les
1456 1790 188 91 poursuites
1685 1811 46 71 qui

654 1900 36 69 ont
718 1895 37 80 éte
795 1893 113 86 faites,
930 1891 78 85 led.
1031 1894 112 79 hospice
1184 1900 36 72 n'a
1248 1897 48 71 rien
1330 1887 119 78 touché
1483 1885 107 83 depuis
1608 1884 35 79 cet
1672 1882 130 84 Ecoque.

731 1991 25 84 Il
779 1989 123 83 reclame
944 1993 74 74 donc
1054 2007 74 65 pour
1157 1983 68 88 huit
1261 1994 49 70 ans
1346 1986 74 80 deux
1474 1990 68 65 mois
1571 1981 26 78 et
1632 1976 38 86 dix
1699 1974 68 84 huit

650 2083 73 81 Jours
761 2085 95 77 Echus
877 2079 23 80 le
938 2079 134 79 Premier
1121 2077 217 77 Vinsémiaire
1387 2080 50 68 au
1464 2074 95 72 Dix,
1580 2070 24 73 la
1641 2073 134 69 somme

652 2167 27 80 de
718 2159 118 90 Guatre
888 2157 73 88 mille
1006 2153 73 91 neuf
1104 2152 66 92 cent
1208 2148 100 94 trente
1352 2140 682 98 francs......4930^lt.

696 2343 58 93 Vu
803 2342 30 95 le
875 2350 159 93 certifie
1083 2334 194 105 veritable
1319 2338 73 91 Par
1441 2353 94 78 nous
1599 2338 173 88 membre
1843 2338 44 79 de
1914 2331 30 91 la

638 2452 328 94 Commission
1031 2450 66 85 des
1129 2445 191 95 hospices
1358 2447 93 82 Coril
1509 2444 40 78 de
1581 2439 27 85 la
1659 2442 86 87 ville
1784 2452 40 78 de
1849 2433 139 94 Seuilis

653 2551 241 92 soussigné
976 2551 19 72 le
1046 2555 126 75 douse
1217 2553 253 76 Brumaire
1521 2559 50 68 au
1616 2543 44 92 dix
1711 2550 31 64 de
1780 2544 26 70 la
1856 2541 279 92 Reublique

644 2645 222 125 francaige
908 2661 2 92 J

1043 2748 229 110 gayant
1360 2731 252 89 Mmenicy
1781 2723 237 115 malezieu

1130 2986 133 36 ocque
1513 2917 272 86 Couvreur

238 440 31 107 de
322 433 178 113 l'Oise

236 740 165 101 Senlis

224 942 95 94 4300

449 3091 71 77 Vu
555 3093 85 67 par
717 3084 74 60 not
849 3037 359 96 susprefet
1260 3033 40 61 de
1349 2993 629 102 Larroudiffement

554 3140 317 93 anunal
944 3136 56 58 de
1056 3114 140 75 sente
1302 3103 45 72 je
1409 3089 179 71 douze
1660 3057 222 87 invose
1953 3060 47 57 au
2065 3043 80 69 dix

494 3242 39 62 de
591 3219 35 73 la
729 3191 394 105 Repubtique
1203 3151 295 123 française
1603 3132 140 120 Jacr
