3072 3488
699 337 212 96 intoine
961 331 211 100 Beguend
1250 321 153 91 soldat
1445 320 33 65 de
1527 319 48 76 la
1617 313 309 97 Compagnie
1976 310 32 68 de
2051 310 92 72 Perie

717 430 40 86 du
790 428 119 93 depot
942 439 53 69 des
1028 436 212 72 colonies
1279 446 1 40 a
1324 416 102 93 Lisle
1470 429 35 49 de
1536 415 69 62 Ré
1642 420 50 73 en
1723 407 67 94 foy
1829 406 34 88 de
1895 416 120 83 quoy
2061 428 96 59 avous

692 535 89 104 fais
826 531 208 104 etdresse
1105 528 34 102 le
1164 527 204 102 presene
1409 519 187 102 procès
1631 511 165 97 verbal
1847 511 134 84 pour
2039 503 75 72 être

704 631 167 101 deposé
922 645 44 83 au
993 626 143 98 Greffe
1183 625 33 93 de
1256 621 46 86 la
1343 603 396 98 Marechaussee
1803 606 1 66 a
1869 597 37 75 La
1934 597 191 75 Rochelle

730 721 161 95 lesdits
925 730 124 84 jours
1076 728 24 78 et
1148 722 45 81 an
1234 714 32 91 de
1314 707 146 101 l'autre
1508 703 124 95 part
1682 701 102 81 dons
1826 698 131 73 acte.
1992 696 130 95 signé

718 814 174 100 Cores
937 807 23 102 et
1004 804 54 102 du
1096 802 166 109 Sollon

1054 937 157 125 Copie
1248 947 36 98 de
1337 924 448 128 l'Interrogatoire

728 1069 241 113 Interrogé
1008 1069 33 88 de
1072 1088 81 65 son
1192 1085 121 74 nom,
1336 1078 73 80 sur
1448 1084 121 92 nom,
1601 1083 96 93 age,
1729 1069 176 99 qualité
1937 1090 32 59 et
2001 1069 168 81 dememe

661 1138 30 86 14

784 1193 86 72 adit
927 1191 36 75 se
1006 1195 214 93 nommer
1284 1182 215 104 antoine
1563 1182 222 100 Beguino,
1827 1182 86 101 agé
1956 1192 21 88 de
2020 1183 57 82 dix
2120 1185 72 80 huit

739 1306 104 61 ans;
889 1284 123 95 natif
1064 1284 26 95 de
1141 1284 195 73 neuvelle
1388 1298 0 54 a
1433 1284 84 95 sqn
1563 1285 129 94 luues
1731 1288 39 74 de
1808 1284 216 95 Langres,
2048 1308 138 71 garçon

726 1389 284 87 Boulanger
1062 1402 33 72 et
1133 1385 149 89 soldat
1334 1394 45 82 au
1411 1387 259 95 Régimene
1715 1389 59 69 des
1806 1393 207 66 Colonies
2065 1411 45 58 en

750 1495 239 81 garnison
1038 1497 0 80 a
1087 1477 98 96 lisle
1234 1491 35 84 de
1297 1488 77 89 Ré,
1402 1480 176 101 depuis
1620 1480 63 89 dix
1732 1480 105 74 huit
1893 1488 99 66 mois
2034 1482 140 72 sétant

720 1520 2 65 O

740 1571 176 88 engage
981 1585 0 54 a
1031 1569 118 90 Paris
1194 1583 45 69 ou
1272 1577 32 74 il
1355 1586 1 77 a
1407 1584 98 83 reçu
1562 1575 60 90 six
1685 1578 143 90 livres
1859 1580 27 90 et
1911 1579 111 93 pour
2067 1598 143 54 environ

733 1650 153 74 trente
955 1653 145 97 livres
1134 1657 167 103 deffets
1342 1663 81 98 qui
1464 1662 66 98 lui
1564 1675 73 81 ont
1671 1667 67 100 eté
1764 1667 180 108 fournis
1986 1672 101 101 tans
2137 1688 1 63 a

748 1743 131 94 Paris
922 1744 96 95 qu'à
1060 1744 97 87 lisle
1198 1745 32 74 de
1264 1754 47 61 Re
1359 1767 31 71 et
1430 1767 3 66 a
1467 1753 257 86 Rochefort
1774 1763 44 85 ou
1854 1757 37 97 il
1941 1771 1 83 a
1992 1765 161 82 joint.

819 1837 268 100 Interrogé
1121 1840 211 65 combier
1380 1849 34 89 il
1469 1854 0 74 y
1509 1849 1 90 a
1558 1844 27 89 de
1640 1844 109 101 tems
1789 1856 110 89 qu'il
1946 1850 138 97 quitté
2138 1850 28 78 le

735 1926 294 105 Régiment,
1058 1935 282 99 pourquoi
1375 1953 33 77 et
1443 1939 34 82 si
1527 1944 76 96 son
1647 1941 250 92 jntention
1964 1944 130 104 n'etoie
2138 1960 69 79 par

751 2024 33 62 de
826 2019 247 67 déserter.

806 2099 0 69 a
841 2088 59 82 dit
963 2088 72 105 être
1078 2103 121 90 parti
1235 2107 29 57 de
1321 2092 93 95 Lisle
1450 2109 29 62 de
1500 2101 72 71 Ré
1615 2102 43 97 le
1715 2101 215 100 quatorze
1994 2112 122 75 avril

749 2191 190 96 dernier
995 2211 133 81 pour
1178 2200 120 64 aller
1360 2211 1 54 a
1415 2200 234 100 l'hopital
1703 2201 37 99 de
1773 2203 38 99 S^t
1837 2208 113 90 Jean
1991 2205 205 102 d'angely

759 2280 97 95 afin
902 2278 63 99 d'ÿ
1005 2279 69 82 être
1128 2280 157 87 traitté
1325 2283 29 81 de
1400 2293 35 88 la
1482 2299 123 84 fievre
1659 2301 34 82 et
1728 2292 47 85 du
1816 2298 177 88 scorbut
2055 2298 102 85 dont
2184 2321 28 46 il

755 2391 106 69 etoie
921 2385 221 85 attagué
1175 2388 29 68 et
1247 2403 76 78 n'os
1373 2415 90 69 pas
1494 2416 168 67 encore
1721 2398 361 84 entierement

758 2478 191 91 Guervi,
978 2486 84 85 que
1130 2484 76 77 loirs
1248 2492 96 82 qu'il
1405 2507 2 50 a
1443 2490 65 75 été
1543 2498 172 78 arreté
1751 2495 114 83 dans
1901 2499 33 75 le
1970 2507 133 79 Bourg
2153 2507 38 60 de

780 2569 242 93 surgeves,
1050 2567 30 86 il
1115 2572 176 78 venoit
1334 2568 37 86 de
1406 2571 227 93 conduiré
1675 2572 38 90 le
1763 2573 189 101 nommé
2002 2583 241 95 L'esperance

778 2666 171 70 soldat
987 2672 51 64 du
1069 2676 269 81 Regimene
1386 2679 28 69 de
1456 2680 331 89 vermandois
1830 2709 77 61 qui
1951 2710 121 66 avoit
2115 2691 97 80 resté

780 2772 100 70 avec
929 2771 85 94 lui
1049 2767 114 98 pres
1198 2769 29 85 de
1268 2773 136 92 quatre
1459 2769 116 84 mois
1615 2777 109 79 audit
1756 2777 207 94 hopitue
2011 2785 29 83 de
2068 2800 36 72 S^t
2131 2800 86 64 Jean

416 1216 102 90 Partise
535 1241 27 64 au
579 1218 64 87 dépôt
730 1251 0 53 .

424 1296 15 67 L.
454 1297 20 67 5.
499 1299 61 68 May
580 1304 45 65 1774

577 2929 0 0 1

762 2868 35 78 Je
831 2866 49 75 an
941 2858 250 99 dangely,
1237 2867 105 90 qu'il
1409 2865 167 94 n'avoit
1643 2871 271 83 nullemine
1967 2877 249 77 l'intention

769 2971 30 76 de
843 2957 199 106 deserter
1100 2960 251 105 poisqu'il
1387 2960 304 106 retournoïe
1750 2965 55 94 au
1856 2965 138 97 même
2028 2965 200 103 hopitue

2556 339 84 83 qu'a
2698 311 291 97 laverité.

2530 447 106 80 n'en
2684 437 157 79 aiant
2884 429 114 88 poir

2534 519 251 115 comptoit
2826 507 190 107 couchee

2552 636 151 96 auioit
2743 618 194 102 trouvé
2971 616 41 97 de

2559 737 137 88 douze
2744 740 42 91 du
2813 730 182 101 presere

2563 840 218 84 d'argent
2857 842 118 61 mais

2578 948 130 82 pour
2753 924 216 89 subsester

2669 1056 1 54 a
2733 1048 75 61 lui
2849 1047 154 61 repres

2576 1147 38 87 si
2667 1143 84 88 son
2791 1130 222 100 jntention

2583 1273 87 75 pas
2707 1248 100 94 fais
2857 1240 152 77 sante

2598 1372 75 79 qui
2715 1352 297 90 envelopoié

2588 1449 303 88 unformes
2923 1449 77 77 dus

2601 1564 103 98 quel
2744 1557 246 98 Régimen

2656 1668 1 66 a
2688 1656 309 89 Reponduno

2590 1780 45 69 eu
2667 1758 254 94 jntention
2965 1758 33 73 de

2610 1869 39 56 de
2694 1856 112 68 liste
2861 1856 33 65 de
2921 1864 52 56 Re

2616 1969 177 50 donné
2860 1967 46 52 un
2973 1966 1 53 m

2620 2059 112 81 plus
2764 2057 40 72 de
2842 2055 150 71 Bouto

2632 2156 161 70 vestoie
2853 2154 32 73 se
2920 2162 78 66 son

2625 2261 59 73 lest
2724 2278 0 52 a
2796 2259 222 95 l'hopetul

2651 2363 191 73 Lecture
2902 2377 0 56 a
2937 2369 65 63 lui

2637 2491 35 50 et
2730 2478 259 85 marguerie

2617 2569 206 122 Certiffié
2858 2580 75 90 par
2979 2584 26 60 ne

2627 2695 136 74 Daunies
2803 2698 98 68 pour
2937 2680 61 69 etre

2640 2794 43 49 nu
2740 2784 80 57 nous
2861 2779 13 58 à
2907 2779 38 57 la
2994 2781 19 52 ve

2667 2908 207 83 antoine
2930 2918 62 72 Be
