2720 3472
38 317 274 87 ompagnie
358 313 37 72 de
446 312 119 86 Perie

53 410 119 91 nfoy
209 411 34 82 de
274 428 126 77 quoy
450 433 133 64 avous

50 504 129 86 erbal
225 518 143 72 pour
432 508 84 67 être

45 582 79 83 siue
187 615 20 50 à
241 597 49 70 la
318 596 209 83 Rochelle

62 692 100 85 dons
204 695 130 73 acte.
369 703 150 85 signé

57 918 101 81 toire

99 1077 175 77 qualité
317 1084 27 56 et
383 1079 190 69 demeure

88 1194 72 78 noi
197 1189 86 84 agé
326 1186 28 89 de
397 1186 60 77 dix
506 1190 92 77 huie

99 1284 37 60 de
181 1287 218 89 Larigres,
425 1308 155 69 garçon

85 1383 63 64 des
173 1386 218 68 Colonies
442 1404 60 54 en

59 1472 146 68 ehuie
260 1480 108 63 mois
405 1479 155 68 sétaire

55 1573 137 85 Livres
225 1577 26 85 et
272 1583 120 79 pour
437 1599 172 56 environ

55 1673 30 68 le
123 1662 188 80 fournís
349 1668 115 79 tans
513 1687 2 54 a

58 1759 23 70 ve
133 1762 50 78 ou
214 1764 34 78 il
300 1767 2 76 a
359 1768 167 66 joint.

68 1851 192 80 usquil
308 1849 141 87 quitté
504 1852 40 76 Le

85 1934 172 69 tention
320 1941 142 85 netoie
501 1954 84 73 pas

70 2105 219 78 quatorze
348 2110 132 71 avril

55 2208 36 56 de
124 2195 37 98 S^t
187 2196 114 92 Jean
348 2202 218 99 d'angely

79 2298 44 62 du
167 2295 176 81 scorbue
409 2302 110 76 dont
552 2310 28 68 il

77 2395 367 75 entierement

102 2494 110 60 dans
253 2495 27 61 le
314 2503 147 70 Bourg
513 2515 42 48 de

97 2593 200 72 nommé
348 2590 262 81 Lesperance

55 2695 77 71 dois
172 2705 80 64 qui
293 2707 134 62 avoit
474 2711 106 57 restée

106 2779 207 84 hopital
355 2781 30 75 de
422 2786 31 81 St
482 2790 98 79 Jean

60 2868 200 77 demine
313 2875 260 82 l'intention

88 2966 54 77 au
200 2961 132 86 même
372 2961 210 92 hopituc

984 366 81 83 qu'a
1128 349 31 83 la
1193 350 168 79 verité
1410 343 31 88 il
1496 336 154 103 n'étoit
1698 336 95 101 pas
1850 334 124 96 mni
2015 327 39 102 de
2095 323 297 104 permession

957 468 108 73 nei
1112 451 156 91 aiant
1316 443 156 104 point
1505 439 269 99 demandé
1807 437 128 102 pour
1991 434 239 100 sabsenter
2293 441 99 91 qu'il

961 551 250 87 comptoie
1254 549 182 84 coucher
1503 556 12 80 à
1558 548 37 85 la
1625 549 244 84 premiere
1948 543 225 89 métairie
2234 543 128 85 qu'il

969 655 158 104 auioit
1170 649 180 97 trouvé
1394 648 68 88 sur
1529 644 38 86 la
1596 644 143 86 Route
1790 647 32 103 et
1858 643 31 107 se
1933 648 142 101 rendre
2133 641 31 91 le
2208 637 248 72 Lendemain

981 759 135 81 douze
1162 757 42 95 du
1236 754 174 98 presera
1476 752 121 71 nrois
1643 756 1 84 a
1683 750 29 96 St
1757 753 108 84 Jean
1910 747 202 95 dangely,
2144 750 162 88 naians
2332 756 114 68 pour

984 852 218 93 d'argent
1279 871 109 56 mais
1433 854 263 84 seulement
1747 856 45 91 du
1824 854 116 93 pain
1985 859 115 79 dans
2145 857 250 92 sespocher

984 962 134 89 pour
1172 952 207 97 subsister
1433 966 201 83 jusqu'à
1681 952 67 68 son
1795 949 147 83 retoue
1996 964 0 69 a
2036 949 33 96 S^t
2096 949 107 96 jean

1075 1077 2 64 a
1148 1061 68 77 lui
1260 1058 280 95 representé
1585 1063 106 86 qu'il
1750 1058 47 58 ne
1829 1052 54 91 dit
1923 1055 79 86 pas
2042 1049 40 69 la
2128 1051 139 74 verité
2307 1055 26 83 et
2360 1056 66 82 que

987 1160 33 70 si
1076 1164 86 76 son
1205 1157 226 89 jntention
1481 1156 154 85 n'étoie
1674 1155 83 82 pas
1789 1153 32 77 de
1866 1155 180 76 Deserter
2097 1157 26 70 il
2168 1168 192 59 n'auroit

988 1284 89 70 pas
1112 1268 101 88 fais
1261 1266 169 70 sauter
1499 1261 249 72 Letainon
1785 1262 106 88 sons
1922 1258 255 92 jmprimés
2202 1255 69 70 les
2295 1264 137 67 incres

1006 1384 73 71 qui
1122 1369 285 87 envelopoie
1468 1368 48 84 les
1547 1365 206 85 Boutons
1783 1365 37 84 de
1856 1365 67 80 son
1959 1366 134 81 habie
2142 1383 30 66 et
2208 1383 110 65 veste
2372 1383 0 56 –

993 1475 295 86 uniformes
1325 1479 44 58 du
1401 1472 263 89 Regimene
1720 1478 25 84 et
1783 1482 69 80 qui
1883 1469 100 93 font
2009 1469 250 82 connoitre
2322 1474 31 64 de

1004 1581 102 86 quel
1145 1575 281 93 Regiment
1471 1575 58 69 est
1567 1575 52 70 un
1670 1573 160 93 soldac
1875 1579 339 87 quelconque.

1051 1686 0 65 a
1086 1680 227 86 repondu
1353 1699 99 50 nous
1493 1688 122 60 avoir
1673 1682 58 68 dit
1801 1680 41 65 la
1876 1680 175 84 verité,
2080 1691 93 71 qu'il
2225 1688 47 78 n'a
2307 1699 145 67 point

992 1782 40 87 eu
1065 1774 252 95 jntention
1363 1774 26 75 de
1429 1776 219 95 deserter,
1688 1781 79 90 qu'a
1807 1776 218 93 l'instant
2085 1786 40 69 ou
2158 1789 26 65 il
2217 1787 60 85 est
2304 1786 125 85 parti

1005 1883 35 55 de
1087 1878 110 60 L'isle
1250 1882 29 62 de
1308 1888 64 75 Ré
1413 1883 110 80 pour
1576 1880 29 62 se
1640 1878 145 81 rendre
1843 1898 0 46 a
1908 1876 238 85 l'hopital
2199 1898 40 54 on
2280 1881 58 71 lui
2385 1898 0 46 a

1007 1979 182 57 donné
1242 1978 47 58 un
1359 1980 230 66 mauvais
1630 1976 147 75 habit
1842 1984 41 67 ou
1918 1980 30 80 il
2001 1990 47 70 n'y
2095 1978 123 82 avoit
2259 1980 195 80 presque

1011 2074 108 88 plus
1158 2069 38 68 de
1228 2069 224 80 Boutons
1491 2077 96 71 avec
1632 2071 57 68 les
1728 2071 147 95 encres
1913 2083 71 83 que
2041 2073 32 92 le
2099 2073 224 91 pacquie
2368 2096 38 59 en

1017 2176 156 78 restoit
1233 2178 30 75 se
1299 2179 102 72 sont
1437 2175 72 78 otés
1545 2175 42 73 de
1629 2175 151 89 dessus
1828 2177 48 64 les
1924 2176 150 85 moules
2116 2195 150 69 depuis
2302 2195 96 69 qu'il

1007 2276 45 66 les
1111 2293 0 49 a
1182 2271 266 95 l'hopitul.

1045 2369 174 95 Lecture
1281 2387 0 74 a
1316 2381 56 88 lui
1400 2371 111 94 faite
1566 2383 49 87 de
1685 2372 146 100 signé
1873 2372 250 102 Beguinot,
2144 2377 257 94 chefdeville

1023 2498 29 55 et
1111 2492 253 83 marguerie

999 2590 196 109 Certiffié
1231 2590 64 95 par
1349 2606 95 71 nous
1480 2599 164 81 prevoit
1681 2568 97 106 Gal.
1795 2559 191 113 sousigné
2030 2580 34 66 au
2099 2541 282 116 departement

997 2708 135 71 dausis
1175 2710 95 84 pour
1301 2693 61 64 etre
1413 2689 194 78 conformes
1645 2692 67 71 aux
1764 2679 116 86 piesses
1901 2669 229 88 oviginalles
2164 2670 52 69 qui
2236 2646 70 76 sont
2342 2638 124 77 vertées

1014 2805 53 54 ven
1110 2802 82 52 nous
1228 2785 13 67 à
1277 2788 36 62 la
1358 2775 137 70 rochelle
1535 2772 23 60 16
1608 2769 65 66 7bre
1725 2767 121 61 1775.

1452 2818 381 111 Signalemene
1910 2765 290 146 lperstolat

1034 2922 205 71 antoine
1291 2923 283 93 Beguenot,
1619 2943 77 69 agé
1734 2928 32 80 de
1811 2941 32 69 18
1901 2941 65 71 ans
2017 2920 109 92 natif
2171 2920 32 88 de
2235 2920 225 92 Neuvelle
