2688 3728
625 374 145 94 datée
823 369 49 91 du
919 383 108 80 même
1088 356 152 92 jour,
1287 351 158 99 payoit
1494 350 68 93 une
1605 338 163 79 pension
1818 335 178 79 annuelle
2068 341 53 70 de

669 504 131 84 000^lt
858 501 73 90 qui
980 492 62 93 n'a
1088 496 69 83 pas
1190 477 75 84 été
1299 461 235 110 acquittes
1588 457 178 104 depuis
1838 443 328 107 longtemis.

664 616 63 70 Les
783 631 155 66 Secours
1007 626 70 66 que
1116 592 209 96 l'hospice
1377 589 47 73 de
1463 583 49 77 la
1557 574 183 87 Charité
1789 589 1 50 a
1845 580 106 60 recus
2013 564 44 79 du

654 731 327 96 Gouvernement
1059 731 182 88 jusqu'en
1280 707 70 93 l'au
1395 714 33 78 9,
1467 698 113 79 l'ont
1620 713 20 82 à
1671 708 76 81 peu
1786 704 82 61 près
1923 679 255 92 dédomnayé

644 861 62 77 du
747 861 84 95 non
873 853 252 102 payement
1188 843 77 96 des
1319 838 204 89 pensions
1583 834 63 90 qui
1693 822 152 92 avoiont
1878 806 69 103 été
1981 806 207 101 promires,

685 969 120 89 Mais
870 968 46 85 la
959 965 231 92 Cessation
1248 960 47 82 de
1341 956 64 86 Ces
1453 941 227 94 secours,
1713 944 70 87 que
1816 934 34 95 je
1883 932 92 95 n'ai
2023 934 70 77 pû

630 1089 273 96 Continuer
964 1089 131 81 faute
1141 1081 39 99 de
1219 1096 138 78 fonds
1404 1063 179 108 afecté
1638 1081 16 63 à
1702 1058 66 87 cet
1822 1057 180 99 objet,
2035 1061 87 58 à–

637 1217 171 82 donné
851 1211 89 89 lieu
1009 1236 19 63 à
1077 1213 46 80 la
1178 1200 310 91 reclamation
1541 1217 79 67 que
1667 1201 65 70 cet
1780 1183 186 89 hospice
1999 1181 135 83 forme

659 1331 318 110 aujourd'hui,
1012 1350 39 76 et
1108 1350 68 74 qui
1233 1339 53 90 ma
1343 1323 141 86 paroit
1541 1312 187 104 d'autant
1792 1306 105 103 plus
1939 1308 186 72 fondée,

654 1477 95 97 qu'il
799 1479 59 81 n'a
922 1489 116 72 qu'un
1095 1455 154 96 faible
1296 1473 184 69 revenu,
1513 1445 184 93 destiné
1744 1463 17 61 à
1801 1428 227 93 l'eutretien
2076 1424 46 81 de

650 1600 213 114 quelques
925 1595 80 95 lits
1075 1588 42 102 de
1178 1584 214 93 malede,
1414 1598 34 84 et
1507 1598 67 83 qui
1617 1598 60 77 ne
1720 1583 106 81 peut
1861 1559 69 108 être
1979 1550 169 110 affecté

650 1752 16 60 à
712 1750 70 69 une
843 1731 196 112 depense
1083 1723 219 105 étrangere
1377 1738 18 53 à
1432 1711 135 101 celle
1618 1714 211 89 qu'éxige
1879 1689 43 74 le
1973 1681 89 77 soin
2112 1677 43 72 de

610 1868 85 86 Ces
764 1860 263 86 malades.
1065 1851 180 76 Comme
1282 1861 34 67 il
1379 1857 59 73 ne
1481 1850 79 82 pas
1608 1837 149 89 juste,
1794 1831 322 81 d'ailleurs,

629 1990 60 89 de
728 1986 152 97 laisser
933 2003 17 68 à
983 1977 45 94 la
1068 1975 180 102 Charge
1293 1971 46 90 de
1386 1960 264 100 lLhospice
1704 1948 235 83 ci-dessus
2000 1962 53 58 un

634 2118 196 98 individu
894 2131 16 80 à
945 2121 52 88 la
1048 2118 241 89 Nourriture
1344 2123 40 68 et
1423 2120 18 60 à
1489 2087 250 106 l'entretien
1786 2084 192 100 duquel
2064 2080 45 74 le

603 2263 369 97 Gouvernement
1049 2249 123 98 s'est
1219 2243 177 111 engagé
1438 2240 44 106 de
1524 2232 265 105 pourvoir,
1831 2230 34 85 je
1901 2234 50 99 ne
1993 2228 125 72 peux

648 2391 179 97 Mon
877 2385 102 96 cher
1030 2381 314 115 Collegue,
1378 2405 68 81 que
1494 2401 97 72 vous
1630 2375 173 88 inviter
1848 2366 23 101 à
1909 2350 98 116 faire
2053 2369 130 95 payer

657 2557 20 57 à
723 2550 80 68 cet
857 2546 200 92 hospice
1130 2538 40 90 ce
1237 2551 67 75 qui
1350 2537 115 87 peut
1528 2523 97 80 être
1682 2517 102 78 echu
1855 2535 23 56 à
1928 2507 209 96 Compter

642 2673 63 81 du
753 2682 54 85 1^er
846 2674 256 107 Verdem^re
1152 2685 121 94 ang
1371 2673 47 78 de
1465 2647 48 122 la
1585 2667 206 82 pension
1856 2643 46 83 de
1966 2629 132 119 600^lt
2128 2647 62 79 que

661 2806 111 110 etoit
840 2799 220 114 affectée
1154 2808 94 87 sur
1303 2785 90 112 les
1466 2779 172 107 fonds
1701 2773 47 96 de
1821 2781 55 84 la
1957 2772 249 90 Marine.

644 2960 80 112 Je
818 2955 129 105 vous
1032 2967 131 88 prie
1238 2964 67 84 de
1357 2927 224 112 prendre
1658 2928 59 94 ma
1784 2907 297 102 demande
2134 2924 34 77 in
