2400 3720
287 232 324 101 Ministère

236 365 40 94 de
314 365 28 92 la
392 367 238 89 Marine

286 502 21 65 et
351 477 47 94 des
429 473 199 94 Colonies.

185 707 67 88 4^e
291 708 178 83 Direction

261 801 211 100 fonds.

67 959 59 100 B^a
158 960 31 87 des
214 958 143 89 Dépenses
382 955 38 91 de
452 945 163 101 france.

868 261 161 67 Paris
1093 265 29 61 le
1206 250 3 76 6
1309 250 177 70 Juillet
1566 250 177 46 1820.
2013 199 6 53 1

713 315 78 89 M.
832 309 206 102 jubelin

748 394 303 119 urgent

1197 449 139 81 Note

790 621 126 74 pour
970 605 45 81 la
1094 597 256 89 Direction
1428 608 90 71 des
1594 574 413 92 Colonies.

1120 732 91 60 an

841 926 83 57 J'ai
975 901 219 76 l'honneur
1256 893 30 75 de
1321 889 234 76 transmettre
1602 896 13 53 à
1672 878 213 67 Monsieur
1963 867 52 62 le

657 1022 196 85 Directeur
907 1019 53 99 des
992 1012 168 106 Colonies
1221 1003 116 103 Copie
1385 1020 95 69 d'une
1535 992 261 94 réclamation
1847 985 48 71 des
1933 973 266 86 Adiistrateur

654 1164 32 83 de
713 1161 181 107 l'hospice
942 1153 40 83 de
1031 1143 174 88 Senlis
1261 1149 32 66 et
1342 1134 151 85 Extrait
1556 1128 78 99 d'un
1668 1121 182 105 Compte
1911 1123 66 93 qui
2029 1116 5 74 y
2073 1101 101 69 etait

640 1278 150 93 joint.

784 1364 36 75 Il
881 1365 1 65 a
916 1365 70 72 été
1013 1341 202 106 répondu,
1248 1337 93 96 sous
1380 1338 31 84 le
1448 1326 143 99 timbre
1643 1317 184 102 fouds,
1851 1312 73 93 sur
1962 1315 32 94 la
2031 1303 142 86 partie

661 1486 25 63 de
732 1483 84 65 cette
857 1474 268 85 réclamation
1184 1465 161 88 relative
1392 1477 42 63 au
1498 1465 139 75 Service
1704 1442 219 93 Marine,
1960 1449 27 57 et
2048 1436 58 65 les

663 1590 374 77 administrateurs
1096 1588 39 77 de
1175 1583 188 88 l'hospice
1407 1578 65 85 ont
1523 1570 69 89 été
1631 1569 220 84 prévenut,
1883 1567 33 70 en
1985 1556 136 60 même

651 1713 138 91 tems,
832 1722 85 76 qu'il
972 1706 87 75 leur
1113 1700 119 81 serait
1287 1696 86 87 écrit
1428 1686 355 94 particulierement
1832 1685 28 65 en
1903 1689 28 69 ce
1980 1682 53 77 qui
2050 1671 156 62 concerne

657 1818 25 76 la
729 1812 193 111 demande
976 1836 33 89 en
1047 1814 257 105 payement
1372 1805 45 106 de
1444 1800 28 110 la
1524 1796 154 105 pontion
1730 1785 37 116 du
1802 1781 43 92 S^r
1889 1775 313 85 Daillebout

668 1951 111 64 ancien
838 1928 234 89 Lieutenant
1144 1919 56 80 des
1239 1918 172 99 troupes
1491 1911 37 90 de
1560 1905 274 102 Cayenne.

831 2045 47 72 Ce
921 2048 145 79 dernier
1129 2037 112 93 objet
1298 2035 228 88 paroissant
1577 2022 150 82 rentrés
1803 2023 94 85 dans
1939 2017 41 79 les
2018 2012 209 80 attribution

675 2168 40 73 de
742 2173 32 72 la
815 2150 224 97 Direction
1080 2153 62 86 des
1183 2146 224 96 Colonies,
1448 2140 40 101 Je
1522 2148 105 91 prie
1684 2134 172 81 Monsiour
1912 2114 282 101 Manduit

675 2296 36 97 de
741 2310 148 80 vouloir
935 2284 93 115 bien
1074 2277 204 116 prendre
1332 2269 52 93 les
1429 2265 140 111 ordres
1616 2262 52 105 du
1728 2245 311 96 ministre.

1283 2399 52 107 se
1419 2411 171 92 maitre
1657 2395 77 94 des
1802 2367 322 125 Requêtes,

1205 2544 256 97 Directeur
1529 2527 46 103 de
1609 2527 38 95 la
1705 2506 426 127 Comptabilité

1205 2667 58 111 des
1313 2661 133 114 fonds
1528 2669 34 67 et
1643 2636 371 111 Invalides.

1517 2750 271 239 Sounant
