2784 3632
651 363 477 133 Aoministrateurs
1210 397 40 78 de
1360 347 285 132 l'hospice
1748 403 29 56 de
1852 360 152 102 Senlis
2078 381 29 81 ce
2172 393 77 71 qui

660 497 121 90 était
850 508 72 87 dû
983 509 93 80 par
1131 492 43 91 la
1257 491 213 93 Marine
1552 492 142 80 pour
1749 482 36 101 la
1855 480 204 96 pension
2158 481 42 91 du

660 597 45 87 S^r
766 593 320 103 Daillebout
1147 619 38 64 en
1268 589 329 94 observant,
1635 585 259 103 toutefois,
1940 615 68 62 que
2092 582 53 88 les

655 702 165 93 secours
901 698 158 90 donnés
1133 708 89 75 par
1277 696 28 84 le
1365 687 392 94 Gouvernement
1844 712 20 53 à
1942 671 318 91 l'hospice.

662 829 249 84 jusqu'en
1019 813 105 76 l'an
1194 825 46 71 9.
1291 810 209 72 avaient
1589 825 22 70 à
1674 804 78 76 peu
1823 800 104 76 prés
1998 792 267 91 dedommage

652 929 54 62 cet
776 916 174 84 hospice
1026 922 60 68 du
1151 917 85 79 non
1305 917 292 72 payement
1673 913 55 63 des
1798 903 238 75 pensions
2125 901 78 81 qui

664 1024 183 65 avaient
918 1014 62 75 été
1057 1016 261 73 promises
1385 1023 28 57 et
1489 1013 79 66 que
1644 1004 168 76 c'était
1888 1010 1 54 a
1955 996 206 79 compter
2204 996 40 75 du

662 1111 51 77 1^er
763 1107 318 85 Vendemiaire
1163 1119 51 65 an
1283 1120 33 69 9.
1359 1122 90 70 que
1511 1098 27 87 le
1594 1097 280 83 payement
1943 1093 33 80 de
2044 1091 33 92 la
2127 1091 152 83 pension

642 1221 56 65 du
747 1208 38 73 S^r
840 1204 318 88 Daillebout
1232 1208 150 77 devait
1443 1205 75 79 être
1592 1198 150 89 repris

834 1303 45 87 La
973 1301 337 89 réclamation
1397 1303 128 85 dont
1600 1308 27 76 il
1721 1292 172 88 s'agit
1980 1291 84 85 fut

651 1426 222 71 renvoyée
952 1434 56 60 au
1087 1404 240 84 Bureau
1412 1430 56 58 des
1547 1399 339 86 hopitaux.
1940 1392 87 78 Elle
2087 1408 1 63 a
2161 1407 56 65 été

652 1495 172 109 l'objet
905 1493 31 96 de
988 1493 105 107 deux
1176 1493 247 107 rapports
1490 1522 45 53 au
1618 1504 254 82 Ministre
1954 1484 31 84 de
2021 1487 39 81 la
2126 1494 158 74 Marine

660 1632 47 59 les
765 1626 47 67 10.
850 1606 250 90 Messidor
1165 1631 47 60 an
1283 1604 60 88 10.
1374 1603 119 93 (29.
1525 1607 99 80 Juin
1708 1601 178 85 1802.)
1925 1616 27 66 et
2003 1610 1 76 6
2062 1592 211 92 Brumaire

666 1741 47 54 an
773 1721 47 83 11.
866 1713 75 85 (28
1006 1707 102 90 8^bre
1133 1705 175 96 1802)
1341 1715 201 84 Cmais
1608 1710 28 80 il
1715 1696 188 93 résulte
1976 1700 67 83 des

664 1807 384 89 informations
1135 1828 76 70 que
1286 1805 113 79 l'on
1462 1840 0 44 a
1556 1801 264 87 recueillier
1858 1827 50 62 au
1983 1799 220 87 Bureau

660 1914 54 88 des
799 1910 265 95 hopitaux
1149 1918 147 83 qu'il
1381 1904 73 93 n'a
1533 1911 93 81 pas
1704 1904 67 87 été
1830 1916 87 62 pris
1988 1898 21 81 de
2074 1892 167 91 décition

663 2005 285 105 définitive
1019 2016 199 84 attendu

495 2119 31 94 1e
596 2134 62 79 que
736 2100 201 113 d'apres
1015 2101 31 100 la
1123 2098 326 109 Législation
1519 2110 271 89 exittante
1859 2096 33 109 la
1974 2095 188 101 pension
2223 2102 32 75 du

720 2218 39 73 S^r
821 2213 334 85 Daillebout
1248 2214 252 86 n'ayant
1574 2220 95 76 pas
1744 2211 70 83 été
1858 2207 194 76 inscrité
2133 2225 45 55 au

731 2328 154 89 grand
956 2314 105 89 livre
1152 2312 182 99 n'était
1410 2318 86 78 pas
1572 2304 316 103 susceptiblé
1965 2302 155 83 d'être

725 2430 243 86 payée;

486 2520 40 97 2^°
580 2522 153 95 qu'en
814 2516 401 84 convertissant
1302 2514 100 97 cette
1469 2514 214 88 pension
1763 2534 47 72 en
1883 2517 208 91 dépense

713 2617 234 87 courante
1030 2633 41 65 ou
1139 2639 35 74 ne
1243 2624 247 83 pourroit
1572 2608 289 95 déterminer
1935 2608 78 95 sur
2073 2604 105 94 quel

725 2715 138 97 fonds
935 2715 79 97 elle
1086 2719 157 91 serait
1321 2719 315 85 imputée.

749 2900 41 61 La
876 2860 73 99 Loi
1011 2858 42 104 du
1138 2861 42 95 22
1251 2854 153 108 Aout
1482 2869 121 97 1790
1673 2883 1 71 a
1777 2854 280 102 supprime
2120 2851 120 96 toutes

635 3034 311 41 arparnons
1037 2978 129 80 alors
1256 2977 312 92 existantes
1633 2981 32 75 et
1737 2977 58 81 les
1865 2984 1 62 a
1949 2970 254 85 soumis–

2097 3195 0 61 a

207 1631 33 66 ces
274 1628 56 77 deux
364 1628 117 81 rapports
509 1629 50 78 et,

187 1694 25 61 les
244 1695 64 66 pièces
347 1696 34 65 qui
409 1696 53 65 yont
496 1697 63 55 donne

184 1743 44 62 lieu
261 1747 54 61 sont
343 1750 11 70 ci
381 1739 110 81 joints.

2363 915 0 113 7
2403 912 128 114 l'avrile
2554 928 24 92 du
2610 937 24 85 15
2666 915 32 110 flo

2386 1010 41 65 XI.
2453 1014 41 63 qui
2525 1004 119 71 s'exécule
2675 1009 20 61 en

2371 1062 48 62 art^e
2436 1064 22 59 6.
2484 1061 87 60 "toutes
2598 1062 26 56 les
2654 1062 53 55 deme

2364 1113 124 69 "pensions
2517 1114 9 65 à
2555 1111 81 66 raison
2669 1111 19 59 de

2364 1174 61 60 "qui
2459 1169 60 57 n'out
2554 1165 42 64 pas
2636 1160 66 64 conte

2383 1220 16 59 le
2424 1215 33 71 1^er
2475 1214 94 71 Janvier
2593 1218 83 67 1792.

2365 1280 2 52 "
2386 1275 35 54 pas
2453 1267 141 57 admises.
2625 1274 2 51 "

2348 2207 2 73 a
2417 2185 24 95 la
2477 2169 179 113 réclanation
2686 2207 16 65 et

2378 2259 58 63 'avril
2468 2257 67 63 1820.
2562 2263 41 55 Elle
2625 2267 23 49 est
2670 2270 36 45 par

2376 2314 51 52 hoin
2458 2316 19 49 du
2512 2310 54 55 délai
2598 2313 89 52 preserit

2379 2367 23 55 du
2431 2360 18 69 25
2487 2374 51 51 mars
2571 2374 65 54 1817.
2655 2371 14 56 et
2697 2360 14 65 et

2388 2407 27 56 été
2434 2405 125 57 renouvellée
2587 2413 66 47 avant
2681 2411 15 48 le

2375 2457 53 63 1823
2460 2463 82 57 comme
2565 2459 15 61 le
2608 2453 82 67 voulain

2380 2517 24 69 17
2440 2512 59 67 aout
2531 2509 53 55 1822
