2432 3680
1566 171 31 68 J.
1621 167 59 70 une
1730 163 42 92 S^
1826 163 42 88 9.
1888 163 125 85 Joudet
2061 163 110 32 1821.

972 266 178 98 Copte
1231 283 111 76 d'une
1408 260 123 94 Lettre
1605 255 171 99 adresiée
1836 282 1 47 a
1891 249 62 93 son
1992 249 213 96 Excellence

738 419 30 71 le
811 412 241 90 Ministre
1117 409 37 82 de
1197 406 30 87 la
1300 415 131 80 Marine
1481 423 31 59 et
1553 400 69 90 des
1655 399 193 99 Bloines
1933 403 133 93 par

738 563 106 73 mm.
876 552 49 81 les
989 549 372 92 adminnistrateurs
1430 535 61 103 des
1560 533 180 109 hospne
1802 542 43 64 de
1922 509 303 110 SenlisCoise

1319 729 152 88 Senles
1549 721 34 90 le
1648 737 34 71 14
1766 724 126 75 avril
1958 705 145 90 1820.

988 877 317 93 Monseigneur

800 1031 318 97 Conformement
1191 1046 15 58 à
1239 1031 35 84 la
1313 1018 203 99 Corculiaire
1576 1018 41 78 de
1657 1022 68 69 M^r
1771 1012 21 70 le
1831 1007 192 94 Directeur
2068 1004 156 95 géneral

738 1166 29 60 de
808 1144 389 88 l'administration
1249 1138 239 87 Comminale
1544 1161 25 58 et
1630 1128 437 90 Départementale,
2106 1122 65 74 du

727 1270 60 86 25.
827 1269 167 76 Janner
1061 1262 67 67 d^er
1175 1264 180 85 relatire
1413 1280 63 57 aux
1520 1257 303 80 réclamations
1881 1266 69 71 que
1994 1241 223 89 pourraient

730 1401 86 49 avoir
865 1400 0 52 a
913 1384 93 72 taire
1048 1380 44 69 les
1147 1375 351 82 administration
1577 1370 271 87 Charitables
1915 1386 130 69 pour
2105 1365 50 72 le

725 1496 242 72 traitement
1029 1508 1 54 a
1081 1495 24 66 la
1157 1501 161 69 charge
1374 1484 41 78 du
1477 1482 323 79 Gouvernement
1879 1479 47 75 des
1994 1474 231 80 militaires

725 1614 27 56 et
802 1611 115 69 autrés
966 1612 242 68 pertonnes,
1262 1617 99 61 nous
1405 1623 110 55 avons
1564 1609 214 69 l'honneur
1859 1604 231 68 d'adresser
2150 1609 12 48 à

726 1723 85 63 votre
868 1724 239 68 Excellonce
1181 1740 85 55 avec
1316 1724 35 73 la
1396 1713 228 78 présonte,
1657 1715 24 77 le
1720 1711 137 81 Compte
1907 1712 172 63 courant
2163 1709 46 59 de

724 1831 197 96 lhospice
984 1852 63 70 que
1110 1850 86 60 nous
1264 1821 303 84 administrons
1650 1832 79 70 avec
1783 1830 44 60 le
1875 1821 190 74 ministere
2135 1808 36 78 de
2212 1807 29 78 la

731 1954 156 62 marine
966 1944 102 83 dans
1110 1952 36 76 la
1206 1940 127 88 forme
1393 1939 192 89 préscite
1670 1948 48 75 qui
1766 1936 157 84 s'éleve
1975 1934 200 76 suivant

724 2058 156 75 l'Etat
928 2068 229 76 egalement
1217 2064 168 82 cijoint
1451 2072 1 56 a
1525 2054 217 88 16132.
1784 2059 112 81 92.

885 2177 110 57 nous
1038 2182 115 79 bons
1227 2176 170 87 esperer
1458 2184 67 75 que
1568 2187 48 66 ces
1664 2173 112 78 pittis
1829 2167 317 74 reclamnations

725 2269 132 90 seront
907 2272 112 77 prises
1078 2295 33 46 en
1170 2277 302 70 consideration
1536 2293 27 66 et
1608 2293 68 66 que
1718 2274 30 75 la
1810 2267 284 92 Liquidation
2138 2271 106 60 suivre

718 2377 365 76 immediatement
1162 2376 30 75 la
1242 2380 197 75 Décision
1511 2404 67 63 que
1621 2373 162 86 voudra
1845 2388 98 85 bien
1999 2375 220 98 prendre

720 2484 115 80 Votre
892 2485 229 79 Excellence
1192 2504 0 50 a
1255 2489 51 87 cet
1370 2496 172 80 égars.

889 2579 100 62 nous
1027 2584 100 61 avons
1188 2566 228 79 l'honneur
1466 2567 122 78 d'être
1660 2574 50 61 de
1771 2567 61 68 Be

1158 2668 27 64 sa
1240 2666 199 68 Membres
1474 2661 41 92 de
1541 2659 30 98 la
1596 2657 243 98 Commission
1884 2651 58 86 des
1994 2653 215 94 hospices

1247 2755 33 54 de
1361 2747 224 61 Senlis.

1296 2817 165 81 suivent
1534 2823 51 79 les
1650 2808 380 92 signatures.

320 214 336 99 Minstere

272 349 44 103 de
364 349 30 100 la
442 346 242 100 Marine

319 479 24 76 et
379 467 51 87 des
466 464 198 88 Colonies.

195 668 71 91 4^e
316 668 216 92 Direction

303 763 203 96 fonds.

112 875 86 115 B^on
222 880 35 110 des
299 905 152 98 Dépenles
485 903 34 102 de
553 899 136 106 france.

281 1202 170 120 Pour

1319 2915 136 80 Pour
1537 2911 151 110 Copie
1762 2905 361 112 Conforme.

1245 3019 39 74 de
1346 3025 173 74 maitre
1581 3021 58 78 des
1676 3015 255 88 Requêtes,
1975 3005 242 89 Directeur

1121 3124 32 101 de
1184 3121 23 112 la
1239 3119 282 115 Comptabilité
1560 3121 49 105 des
1636 3111 120 111 fonds
1816 3123 28 99 et
1902 3099 277 100 Invalides.

1631 3199 234 175 sounant

155 1372 42 81 sa
256 1379 280 82 Direction

166 1508 56 115 des
277 1507 314 116 Coloinies.
