2368 3488
1441 187 680 140 Palvoisin.

264 345 268 108 INVALIDES

275 443 244 66 retirés avec la

296 525 207 62 Solde de la

321 585 151 83 Marine.

576 322 1227 145 DÉPARTEMENT DE CHAMPAGNE.

622 581 1127 87 CERTIFICAT DE VIE.

554 695 1277 122 NOUS Louis Mathieu de Houx Prêtre, Curé

670 790 1155 97 de la Paroisse de Bocroy Élection

668 856 1159 91 de Reins⎯ certifions à tous qu'il

664 916 1186 95 appartiendra, que le nommé Jean Baptiste

670 978 1157 97 Palvoisin Soldat au Régiment

677 1037 1202 99 du cap ⎯ congédié avec

1492 1083 536 89 Six deniers vu Cinquieme)

674 1095 1187 108 la donne Solde de quatre sols par jour, est

672 1168 1153 91 actuellement vivant, pour s'être présenté au

670 1236 1157 91 jourd'hui devant Nous, en foi de quoi nous

668 1294 1159 91 lui avons délivré le présent pour jouir dudit

672 1360 1159 93 traitement conformément à son Congé & à son

676 1430 248 75 Certificat.

734 1459 1077 108 FAIT à Rocroy ce deuxieme

672 1542 1159 99 jour du mois de Juillet mil sept cent

697 1623 1047 103 quatrevingt cinq Du Houx

585 1761 1246 108 NOUS SUBDÉLÉGUÉ de l'Intendance de Champagne au

680 1844 1151 82 Département de Rocroy ⎯ certifions que

678 1900 1118 84 la Signature ci-dessus est celle de M. Duhoux⎯

677 1959 1071 93 Curé de la Paroisse de Rocroy ⎯

684 2028 527 78 que foi doit y être ajoutée

734 2071 1120 99 FAIT à Rocroy ⎯ ce deux Juillet - 1785 ※

1402 2121 584 207 Collardeau du feaume

563 2352 1384 107 JE prie Monsieur le Receveur particulier des Finances de l'Élection de Reims

648 2427 864 66 d⎯ de payer

662 2464 1250 86 à Jean Baptiste Palvoisin fusilier Congédié du⎯

669 2511 1204 73 Régiment du Cap⎯

660 2540 1228 125 la somme de treize livres onze sols- pour
