3200 3832
591 287 475 119 7 Xbre 1720

1767 334 658 134 A Monsieur

1096 481 1571 153 Monsieur Romain conseiller du Roy Juge Royal

1111 638 1609 132 Civil Et Criminel Et Lieutenant General de L'amirauté

1045 1038 1692 137 Supplie très humblement francoise Michel Emancipée

1128 1190 1586 115 agée de vingt ans fille de Monsieur Paul Michel

1119 1313 1606 128 Et de Anne Julienne Gobert a son deceds veuve de–

1141 1454 543 108 feu M. Durieux ;

1107 1541 1624 119 Disant Monsieur, quelle auroit Consenti a la recherche

1143 1652 1605 117 que M. Lamure habitant au Macouba Capitaine d'une

1141 1752 1582 129 Compagnie de milice, fais d'Elle En mariage, sur–

1107 1879 1601 107 L'avis Et aprobations de ses Principaux parents, –

1128 1990 1624 104 Et le Consentement par Ecrit de Monsieur de la Chausée

1164 2088 1580 136 son Curateur, Elle s'y seroit d'autant plus volontiers

1151 2205 1548 130 portée qu'on luy auroit fait Connoistre que son–

1160 2324 1567 128 pretendu Etoit un trés honnete homme sortable Et

1162 2439 1535 143 convenable a toutes Egards, et qu'une fille de son

1158 2567 1605 143 age orpheline ne devoit point menquer l'occasion d'un

1119 2703 1655 130 Etablissement après Ces demarches et les Reflections

1149 2818 1620 145 Respectives de ses parents et d'Elle qui l'on Engagé dans

1177 2957 1586 123 cette affaire Elle nauroit pas Cru devoir trouver des

1132 3063 1652 130 difficultés toujours disgrasieuses, Et souvent préjudiciables

1183 3152 1606 145 a une fille ; cependant Monsieur, led. Sieur de la Chaussée

1185 3293 1587 119 deux jours aprés sond. consentement, sans aucune raison

2580 3458 121 147 10
