3232 3632
1158 306 1541 101 que J'ai écrit moi même de ma propre maint et signé

1160 397 1539 97 au bas de touttes les pages. fait a Saint Pierre martinique

1168 474 1527 95 ce vingtuitieme mars mille sept cent cinquante sept

1160 575 1549 94 cecÿ est mon presant testament olographe conptenant

1160 669 1541 89 divers legs que je remet à M. le Vaché notaire pour

1162 746 1514 123 garder dans ces minuttes Jusqu'au Jour de mon

1170 839 1474 103 décès, Je Supplie humblement Monsieur–

1158 940 1532 121 Thibout greffier en chef de faire éxécuter après

1166 1039 1512 105 mon décès la teneur de ce present testament

1172 1136 1518 98 dans toute sa forme et teneur cette derniere page

1158 1218 1553 121 ne contient que Vingt lignes y comprit cette dernier

1166 1295 1537 147 qui fait vingt une ligne maint propre S^r Jean Pierre

1156 1434 214 103 Julien

1247 1464 1448 134 Ce Présent testament contient trois feuillets dont

1150 1547 1526 156 huit pages plaine et la presante cÿ dessus que J'ai

1142 1668 852 129 signé de ma maint propre

1901 1694 794 126 Signé, - Jean Pierre Julien

1231 1801 1488 95 La Presente page fait neuf page écrites de ma

1150 1872 1474 113 maint propre et signé de ma maint propre

1473 1955 834 121 Signé, "Jean Pierre Julien.

1217 2050 1473 123 Paraphé au desir de notre procès verbal de ce jour

1176 2132 1212 123 a S^t Pierre le 21 fevrier 1776 signé Petit.

1311 2251 1233 115 Sur l'enveloppe dudit testament est écrit.

1259 2378 1427 115 Le peresant ait mon testamant olograffe que

1176 2485 1551 105 j'aÿ fait éccrit et signé de ma propre maint pour

1162 2576 1559 101 estre auvert après mon deces et executé comme

1172 2677 1563 113 étant mes Dernieres volontés a saint pierre martinique

1170 2786 1514 109 le Vingt huit mars mille sept cent cinquante

1178 2901 212 113 sept

1536 2891 561 111 (signé Julien

1300 3004 1427 129 Paraphé au desir de notre procès verbal de ce Jour

1193 3117 1348 111 a S^t Pierre ce 21 fevrier 1776 (Signé Petit.
