3200 3832
447 234 591 123 Lettre du Sieur Preval a

410 349 603 134 Mad^lle michel du 3 juin

438 421 115 126 1729

1047 245 540 128 Mademoiselle

1047 579 1633 117 Nayans jamais doutté de Nostre bon goust, J'en ay Esté

1049 698 1616 110 vrayment persuadé par le porteur de vostre lettre ;

1036 821 1627 92 En un mot Mademoiselle M. de la Mure Est homme qui –

1038 926 1608 117 flate, Et persuade dez la premiere veüe ; et ne suis

1036 1047 1578 115 nullement surpris qu'il vous ait rendüe sensible,

1026 1162 1597 102 Et souhaite de tout mon coeur, qu'une chaine si belle

1000 1281 1646 119 soit Eternelle, Je Vous prie ma Chere niece d'jnterceder

1021 1422 1572 112 pour moy, pour qu'il Macorde son Estime ; je men

1007 1543 1573 85 renderay digne Cherchant toutes les occasions de vous

1026 1675 1599 117 procurer a L'un et a L'autre que Je seray toute ma

1030 1794 1584 87 vie ma Chere niece Vostre très humble Et tres obeissant

1015 1909 1576 126 serviteur Signé a Loriginal Jean de Preval, au Gallion

1017 2041 1514 104 Le troisiesme Juin mil sept cent vingt neuf. Mes –

1011 2152 596 89 Civilitéz a M. Dubois.

1007 2243 1626 111 Et sur la suscription de la lettre. Est ecrit à Mademoiselle

1015 2350 1599 121 Mademoiselle Michel Demeurant chez M^r Dubois Jourdain

1013 2471 500 100 a la Bassepointe

1012 2564 1114 159 Monsieur Et tres Chere Bien aimé oncle

1015 2704 1587 134 Tous ce qui est a Vostre choix ne doit nullement me faire

985 2829 1625 117 hesiter de donner mon consentement a Monsieur Lamure, ⎯

1000 2948 1635 115 dautant plus que j'ay lhonneur de Le connoistre dans les

1000 3063 1616 121 termes que vous pensez. Madame de la Chausée vous

992 3197 1631 113 assure de ses Respect ; j'Embrasse ma Cousine accordez moy⎯

985 3318 1635 128 Je vous prie toujours vostre amitié, Je feray En sorte de

406 2650 573 98 Lettre du S^r La Chaussé à

396 2711 581 102 M^r Dubois Jourdain du

398 2793 274 121 27^e Juin 1729

2436 3464 112 163 13
