<?xml version="1.0" encoding="UTF-8"?>
<alto xmlns:xsi="http://www.w3.org/2001/XMLSchema-instance"
      xmlns="http://www.loc.gov/standards/alto/ns-v4#"
      xsi:schemaLocation="http://www.loc.gov/standards/alto/ns-v4# http://www.loc.gov/standards/alto/v4/alto-4-2.xsd">
  <Description>
    <MeasurementUnit>pixel</MeasurementUnit>
    <sourceImageInformation>
      <fileName>FRCAOM06_COLE_241351A_0067.jpg</fileName>
    </sourceImageInformation>
  </Description>
  <Tags>
    <OtherTag ID="QZ7" LABEL="CustomZone" DESCRIPTION="block type CustomZone"/><OtherTag ID="QZ8" LABEL="DamageZone" DESCRIPTION="block type DamageZone"/><OtherTag ID="QZ9" LABEL="DigitizationArtefactZone" DESCRIPTION="block type DigitizationArtefactZone"/><OtherTag ID="QZ10" LABEL="DropCapitalZone" DESCRIPTION="block type DropCapitalZone"/><OtherTag ID="QZ11" LABEL="GraphicZone" DESCRIPTION="block type GraphicZone"/><OtherTag ID="QZ12" LABEL="MainZone" DESCRIPTION="block type MainZone"/><OtherTag ID="QZ13" LABEL="MarginTextZone" DESCRIPTION="block type MarginTextZone"/><OtherTag ID="QZ14" LABEL="MusicZone" DESCRIPTION="block type MusicZone"/><OtherTag ID="QZ15" LABEL="NumberingZone" DESCRIPTION="block type NumberingZone"/><OtherTag ID="QZ17" LABEL="QuireMarksZone" DESCRIPTION="block type QuireMarksZone"/><OtherTag ID="QZ18" LABEL="RunningTitleZone" DESCRIPTION="block type RunningTitleZone"/><OtherTag ID="QZ19" LABEL="SealZone" DESCRIPTION="block type SealZone"/><OtherTag ID="QZ20" LABEL="StampZone" DESCRIPTION="block type StampZone"/><OtherTag ID="QZ21" LABEL="TableZone" DESCRIPTION="block type TableZone"/><OtherTag ID="QZ22" LABEL="TitlePageZone" DESCRIPTION="block type TitlePageZone"/>
    <OtherTag ID="LT7" LABEL="CustomLine" DESCRIPTION="line type CustomLine"/><OtherTag ID="LT8" LABEL="DefaultLine" DESCRIPTION="line type DefaultLine"/><OtherTag ID="LT9" LABEL="DropCapitalLine" DESCRIPTION="line type DropCapitalLine"/><OtherTag ID="LT10" LABEL="HeadingLine" DESCRIPTION="line type HeadingLine"/><OtherTag ID="LT11" LABEL="InterlinearLine" DESCRIPTION="line type InterlinearLine"/><OtherTag ID="LT12" LABEL="MusicLine" DESCRIPTION="line type MusicLine"/>
  </Tags>
  <Layout>
    <Page WIDTH="3232"
          HEIGHT="3656"
          PHYSICAL_IMG_NR="65"
          ID="eSc_dummypage_">
      <PrintSpace HPOS="0"
                  VPOS="0"
                  WIDTH="3232"
                  HEIGHT="3656">
        <TextBlock HPOS="791"
                   VPOS="1014"
                   WIDTH="479"
                   HEIGHT="556"
                   ID="eSc_textblock_ed7ba2e4"
                   TAGREFS="QZ13">
          <Shape><Polygon POINTS="791 1014 791 1570 1270 1570 1270 1014"/></Shape>
          <TextLine ID="eSc_line_3f02a3e7"
                    TAGREFS="LT8"
                    BASELINE="849 1102 1224 1098" 
                    HPOS="847"
                    VPOS="1029"
                    WIDTH="377"
                    HEIGHT="102">
            <Shape><Polygon POINTS="849 1102 849 1111 899 1131 901 1131 903 1131 1062 1111 1072 1111 1078 1111 1129 1121 1131 1121 1133 1121 1135 1121 1149 1111 1178 1129 1180 1129 1182 1129 1184 1129 1186 1129 1224 1111 1224 1098 1214 1041 1200 1054 1064 1054 1017 1037 993 1029 991 1029 989 1029 847 1033 849 1102"/></Shape>
            <String CONTENT="21 fevrier 1776"
                    HPOS="847"
                    VPOS="1029"
                    WIDTH="377"
                    HEIGHT="102"
                    ></String>
          </TextLine>
          <TextLine ID="eSc_line_a7f08387"
                    TAGREFS="LT8"
                    BASELINE="845 1230 1241 1218" 
                    HPOS="843"
                    VPOS="1165"
                    WIDTH="398"
                    HEIGHT="90">
            <Shape><Polygon POINTS="845 1230 845 1251 1019 1255 1021 1255 1023 1255 1050 1241 1056 1238 1072 1241 1141 1249 1143 1249 1145 1249 1147 1249 1161 1234 1241 1230 1241 1218 1235 1178 1184 1180 1180 1180 1135 1165 1133 1165 1131 1165 1129 1165 1127 1165 1105 1182 1103 1184 1096 1184 1036 1169 1033 1169 1031 1169 1029 1169 1029 1171 1013 1186 1013 1188 1003 1188 954 1188 873 1173 871 1173 869 1173 867 1173 843 1188 845 1230"/></Shape>
            <String CONTENT="Ouverture de"
                    HPOS="843"
                    VPOS="1165"
                    WIDTH="398"
                    HEIGHT="90"
                    ></String>
          </TextLine>
          <TextLine ID="eSc_line_c2e75d6e"
                    TAGREFS="LT8"
                    BASELINE="845 1316 1233 1310" 
                    HPOS="843"
                    VPOS="1259"
                    WIDTH="390"
                    HEIGHT="95">
            <Shape><Polygon POINTS="845 1316 845 1342 950 1354 952 1354 954 1354 956 1354 973 1340 977 1338 1011 1338 1013 1340 1025 1350 1025 1352 1027 1352 1029 1352 1031 1354 1103 1354 1103 1352 1105 1352 1149 1336 1153 1336 1233 1336 1233 1310 1229 1275 1178 1275 1155 1259 1153 1259 1151 1259 1149 1259 1003 1275 983 1263 981 1263 979 1263 869 1263 867 1263 865 1263 863 1263 843 1273 845 1316"/></Shape>
            <String CONTENT="Testament du"
                    HPOS="843"
                    VPOS="1259"
                    WIDTH="390"
                    HEIGHT="95"
                    ></String>
          </TextLine>
          <TextLine ID="eSc_line_14045813"
                    TAGREFS="LT8"
                    BASELINE="847 1397 1212 1389" 
                    HPOS="845"
                    VPOS="1344"
                    WIDTH="367"
                    HEIGHT="91">
            <Shape><Polygon POINTS="847 1397 847 1423 863 1435 865 1435 867 1435 869 1435 871 1435 873 1435 873 1433 887 1421 920 1429 922 1429 924 1429 926 1429 928 1429 936 1421 950 1431 950 1433 952 1433 954 1433 956 1435 1023 1435 1023 1433 1025 1433 1060 1417 1172 1429 1174 1429 1176 1429 1212 1411 1212 1389 1206 1362 1070 1362 1029 1344 1027 1344 1025 1344 1023 1344 985 1356 873 1348 871 1348 869 1348 867 1348 845 1362 847 1397"/></Shape>
            <String CONTENT="Sieur Jean"
                    HPOS="845"
                    VPOS="1344"
                    WIDTH="367"
                    HEIGHT="91"
                    ></String>
          </TextLine>
          <TextLine ID="eSc_line_91d59dcb"
                    TAGREFS="LT8"
                    BASELINE="847 1486 1224 1476" 
                    HPOS="845"
                    VPOS="1423"
                    WIDTH="381"
                    HEIGHT="151">
            <Shape><Polygon POINTS="847 1486 847 1559 910 1570 912 1570 958 1561 975 1559 979 1563 989 1572 989 1574 991 1574 993 1574 995 1574 1048 1563 1072 1559 1090 1563 1107 1570 1109 1570 1111 1570 1226 1565 1224 1476 1218 1438 1090 1440 1086 1438 1060 1423 1058 1423 1056 1423 1054 1423 1003 1440 987 1444 977 1440 948 1425 946 1425 944 1425 845 1440 847 1486"/></Shape>
            <String CONTENT="Pierre Julien"
                    HPOS="845"
                    VPOS="1423"
                    WIDTH="381"
                    HEIGHT="151"
                    ></String>
          </TextLine>
        </TextBlock>
        <TextBlock HPOS="1093"
                   VPOS="278"
                   WIDTH="1819"
                   HEIGHT="2948"
                   ID="eSc_textblock_67a1bee3"
                   TAGREFS="QZ12">
          <Shape><Polygon POINTS="2912 3226 2912 278 1093 278 1093 3226"/></Shape>
          <TextLine ID="eSc_line_e59dffdf"
                    TAGREFS="LT8"
                    BASELINE="1198 369 1940 359 2744 363" 
                    HPOS="1196"
                    VPOS="308"
                    WIDTH="1548"
                    HEIGHT="100">
            <Shape><Polygon POINTS="2720 320 2707 318 2537 324 2514 318 2474 308 2472 308 2470 308 2468 308 2466 308 2447 320 2439 324 2399 320 2338 312 2336 312 2334 312 2307 320 2287 327 2232 320 2114 308 2112 308 2110 308 2108 308 2090 322 2082 329 1891 329 1883 324 1852 310 1850 310 1767 308 1765 308 1675 324 1663 327 1617 327 1596 310 1594 310 1592 310 1590 310 1507 327 1503 327 1484 314 1482 314 1480 314 1478 314 1476 314 1450 324 1434 310 1432 310 1430 310 1289 310 1287 310 1285 310 1283 310 1267 320 1231 310 1229 310 1226 310 1224 310 1196 324 1198 369 1198 377 1239 394 1241 394 1243 394 1314 385 1342 406 1344 406 1346 406 1348 408 1411 408 1411 406 1413 406 1450 387 1533 398 1535 398 1537 398 1582 379 1635 398 1637 398 1639 398 1734 379 1751 392 1753 392 1755 392 1757 392 1799 385 1864 404 1866 404 1868 404 1870 404 1958 379 1966 377 2039 377 2043 379 2074 404 2076 404 2078 404 2080 404 2082 404 2173 379 2183 375 2390 375 2399 379 2431 402 2433 402 2435 402 2437 404 2494 404 2494 402 2496 402 2498 402 2514 389 2699 402 2701 402 2703 402 2744 379 2744 363 2740 322"/></Shape>
            <String CONTENT="autoriser ledit M^e Emerigon a fournir des Expeditions"
                    HPOS="1196"
                    VPOS="308"
                    WIDTH="1548"
                    HEIGHT="100"
                    ></String>
          </TextLine>
          <TextLine ID="eSc_line_d07147b8"
                    TAGREFS="LT8"
                    BASELINE="1208 463 2293 438 2752 438" 
                    HPOS="1206"
                    VPOS="389"
                    WIDTH="1546"
                    HEIGHT="104">
            <Shape><Polygon POINTS="1208 463 1210 493 1245 483 1263 493 1265 493 1267 493 1269 493 1389 491 1391 491 1401 487 1452 473 1503 485 1515 487 1517 487 1519 487 1529 485 1572 471 1665 481 1682 481 1684 481 1686 481 1694 479 1740 467 1807 475 1822 477 1824 477 1842 475 1907 465 1925 473 1937 477 1940 477 1942 477 1944 477 1946 477 1952 471 1962 463 1996 471 2023 475 2025 475 2027 475 2053 469 2086 459 2275 457 2315 457 2323 461 2340 473 2342 473 2344 473 2346 473 2425 461 2455 471 2458 471 2460 471 2518 461 2590 469 2592 469 2750 446 2752 438 2746 392 2695 404 2549 398 2547 398 2478 408 2421 400 2374 394 2372 394 2370 394 2340 402 2313 410 2301 404 2275 389 2273 389 2271 389 2269 389 2267 389 2244 404 2232 414 2163 414 2139 408 2096 396 2094 396 2092 396 1738 400 1675 414 1655 402 1653 402 1651 402 1649 402 1647 402 1600 422 1594 424 1568 424 1450 416 1448 416 1446 416 1421 428 1417 428 1413 428 1346 408 1344 408 1342 408 1340 408 1338 408 1306 430 1304 432 1206 432 1208 463"/></Shape>
            <String CONTENT="au suppliant tant du dit Testament olographe que"
                    HPOS="1206"
                    VPOS="389"
                    WIDTH="1546"
                    HEIGHT="104"
                    ></String>
          </TextLine>
          <TextLine ID="eSc_line_693eece5"
                    TAGREFS="LT8"
                    BASELINE="1208 550 1456 536 2748 505" 
                    HPOS="1206"
                    VPOS="461"
                    WIDTH="1542"
                    HEIGHT="115">
            <Shape><Polygon POINTS="1208 550 1208 572 1251 576 1253 576 1255 576 1267 572 1291 560 1383 568 1448 572 1450 572 1452 572 1454 572 1462 564 1474 554 1493 564 1499 566 1501 566 1503 566 1505 566 1513 562 1545 552 1619 560 1663 564 1665 564 1667 564 1686 558 1712 548 1803 554 1907 560 1909 560 1911 560 1931 550 1948 542 1982 542 1992 548 2005 558 2007 558 2009 558 2011 558 2080 556 2082 556 2112 544 2128 538 2157 542 2218 552 2220 552 2222 552 2252 540 2399 548 2401 548 2496 532 2516 528 2531 530 2598 544 2600 544 2602 544 2659 526 2661 524 2748 521 2748 505 2744 469 2687 461 2685 461 2683 461 2681 461 2669 471 2665 473 2663 471 2653 463 2651 463 2648 463 2646 463 2602 471 2577 477 2571 473 2557 461 2555 461 2553 461 2514 461 2512 461 2445 477 2421 483 2283 483 2269 481 2204 469 2202 469 2200 469 2161 485 2153 489 2106 489 2102 485 2082 473 2080 473 2078 473 2076 473 2011 483 1875 477 1872 477 1870 477 1868 477 1868 479 1852 493 1846 493 1773 499 1720 499 1718 497 1702 483 1700 483 1698 483 1696 483 1694 483 1661 497 1617 483 1614 483 1612 483 1610 483 1537 501 1527 503 1497 503 1354 495 1352 495 1350 495 1348 495 1332 507 1328 507 1263 495 1261 495 1259 495 1206 509 1208 550"/></Shape>
            <String CONTENT="de celui precedemment fait par le dit M^e Le Vacher"
                    HPOS="1206"
                    VPOS="461"
                    WIDTH="1542"
                    HEIGHT="115"
                    ></String>
          </TextLine>
          <TextLine ID="eSc_line_65ee5965"
                    TAGREFS="LT8"
                    BASELINE="1214 633 2287 611" 
                    HPOS="1212"
                    VPOS="558"
                    WIDTH="1075"
                    HEIGHT="118">
            <Shape><Polygon POINTS="1214 633 1214 658 1241 658 1259 674 1259 676 1261 676 1263 676 1265 676 1505 672 1507 672 1509 672 1545 645 1549 645 1663 633 1734 633 1747 639 1769 656 1771 656 1773 656 1775 656 1777 656 1807 643 1846 660 1848 660 1850 660 1852 660 1901 635 1909 631 1931 633 1992 641 1994 641 2285 621 2287 611 2285 570 2271 558 2269 558 2267 558 2212 558 2210 558 2084 578 2076 578 2074 578 2033 562 2031 562 2029 562 2027 562 2025 562 2025 564 2009 580 2002 580 1966 580 1960 580 1832 566 1830 566 1828 566 1785 584 1785 586 1702 586 1643 586 1629 574 1627 574 1625 574 1623 574 1558 589 1493 574 1491 574 1415 589 1391 576 1389 576 1318 576 1316 576 1314 576 1312 576 1312 578 1296 593 1273 584 1271 584 1269 584 1212 597 1214 633"/></Shape>
            <String CONTENT="et ferez Justice Signé Bonnet."
                    HPOS="1212"
                    VPOS="558"
                    WIDTH="1075"
                    HEIGHT="118"
                    ></String>
          </TextLine>
          <TextLine ID="eSc_line_9d254514"
                    TAGREFS="LT8"
                    BASELINE="1324 745 2746 716" 
                    HPOS="1322"
                    VPOS="666"
                    WIDTH="1424"
                    HEIGHT="101">
            <Shape><Polygon POINTS="1324 745 1324 757 1562 753 1564 753 1590 767 1592 767 1594 767 1596 767 1598 767 1608 757 1635 765 1637 765 1639 765 1763 749 1767 749 1769 749 1814 763 1816 763 1818 763 1820 763 1822 763 1822 761 1838 747 1883 747 1887 747 1927 761 1929 761 1931 761 2023 745 2122 753 2124 753 2193 741 2220 755 2222 755 2224 755 2226 755 2254 743 2435 751 2437 751 2439 751 2500 735 2539 749 2541 749 2543 749 2746 727 2746 716 2744 684 2726 674 2724 674 2722 674 2720 674 2699 684 2695 686 2691 684 2648 666 2646 666 2644 666 2642 666 2640 666 2640 668 2624 684 2606 684 2539 690 2521 686 2490 676 2488 676 2486 676 2484 676 2455 686 2435 694 2271 694 2250 688 2242 684 2240 684 2238 684 2236 684 2234 684 2230 688 2218 698 2173 698 2157 688 2147 680 2145 680 2143 680 2141 680 2139 680 2108 688 2100 690 2094 688 2067 678 2065 678 2063 678 2007 688 1978 694 1962 688 1935 680 1933 680 1931 680 1852 686 1850 686 1842 690 1810 704 1677 696 1675 696 1673 696 1623 708 1495 706 1466 692 1460 690 1458 690 1456 690 1322 692 1324 745"/></Shape>
            <String CONTENT="Vû &amp; nous autorisons M^e Emerigon aux fins"
                    HPOS="1322"
                    VPOS="666"
                    WIDTH="1424"
                    HEIGHT="101"
                    ></String>
          </TextLine>
          <TextLine ID="eSc_line_1e259cef"
                    TAGREFS="LT8"
                    BASELINE="1206 830 2760 806" 
                    HPOS="1204"
                    VPOS="759"
                    WIDTH="1556"
                    HEIGHT="100">
            <Shape><Polygon POINTS="1206 830 1206 844 1263 857 1265 857 1334 844 1350 842 1367 844 1442 859 1444 859 1446 859 1480 844 1487 842 1495 844 1549 857 1552 857 1554 857 1582 842 1594 838 1651 842 1763 853 1765 853 1925 851 1927 851 1960 840 1992 832 2035 840 2065 846 2067 846 2118 840 2183 832 2195 840 2204 846 2206 846 2208 846 2210 846 2212 846 2228 840 2256 828 2382 838 2427 842 2429 842 2451 838 2508 828 2565 838 2581 840 2583 840 2606 838 2681 828 2756 836 2760 806 2756 775 2663 759 2661 759 2659 759 2616 777 2612 779 2549 779 2549 777 2514 761 2512 761 2510 761 2508 761 2464 779 2462 781 2403 781 2401 779 2374 763 2372 763 2370 763 2368 763 2297 775 2236 765 2234 765 2232 765 2230 765 2202 784 2200 784 2153 769 2151 769 2149 769 2072 786 2070 786 2065 786 1994 769 1992 769 1990 769 1927 788 1925 788 1923 788 1860 775 1858 775 1856 775 1854 775 1834 790 1832 790 1816 790 1677 784 1675 784 1592 794 1582 794 1580 794 1560 784 1558 784 1556 784 1554 784 1535 794 1513 777 1511 777 1509 777 1462 777 1460 777 1354 796 1241 781 1239 781 1237 781 1204 796 1206 830"/></Shape>
            <String CONTENT="de la Requête. mandons &amp; à S^r Pierre le 21 fevrier"
                    HPOS="1204"
                    VPOS="759"
                    WIDTH="1556"
                    HEIGHT="100"
                    ></String>
          </TextLine>
          <TextLine ID="eSc_line_898877b9"
                    TAGREFS="LT8"
                    BASELINE="1224 930 1521 918 1968 922" 
                    HPOS="1222"
                    VPOS="861"
                    WIDTH="746"
                    HEIGHT="93">
            <Shape><Polygon POINTS="1224 930 1224 954 1484 954 1487 954 1547 934 1639 934 1655 946 1655 948 1657 948 1659 948 1661 948 1663 948 1694 934 1844 934 1964 950 1968 922 1964 887 1846 887 1842 885 1818 863 1818 861 1816 861 1814 861 1767 861 1765 861 1763 861 1761 861 1732 879 1667 863 1665 863 1663 863 1661 863 1619 883 1608 887 1600 883 1578 869 1576 869 1574 869 1572 869 1570 869 1568 869 1552 881 1541 889 1527 881 1493 863 1491 863 1415 863 1413 863 1411 863 1409 863 1409 865 1391 879 1383 889 1365 879 1346 871 1344 871 1342 871 1340 871 1338 871 1326 879 1308 889 1222 879 1224 930"/></Shape>
            <String CONTENT="1776 (Signé Petit. –"
                    HPOS="1222"
                    VPOS="861"
                    WIDTH="746"
                    HEIGHT="93"
                    ></String>
          </TextLine>
          <TextLine ID="eSc_line_90c79b6d"
                    TAGREFS="LT8"
                    BASELINE="1440 1147 2768 1137" 
                    HPOS="1438"
                    VPOS="1080"
                    WIDTH="1330"
                    HEIGHT="106">
            <Shape><Polygon POINTS="1440 1147 1442 1182 1460 1171 1474 1182 1478 1184 1480 1184 1482 1184 1484 1186 1568 1186 1568 1184 1570 1184 1572 1184 1576 1180 1592 1167 1671 1176 1673 1176 1675 1176 1708 1163 1738 1176 1744 1178 1747 1178 1749 1178 1751 1178 1759 1176 1810 1157 1848 1173 1858 1178 1860 1178 1925 1182 1927 1182 1929 1182 1931 1182 1948 1171 1978 1155 2067 1155 2094 1167 2118 1180 2120 1180 2122 1182 2193 1182 2193 1180 2195 1180 2198 1180 2218 1165 2236 1153 2252 1165 2254 1165 2256 1165 2258 1165 2285 1163 2330 1161 2334 1163 2354 1178 2356 1178 2358 1178 2360 1178 2362 1178 2390 1161 2397 1159 2409 1161 2464 1173 2466 1173 2468 1173 2502 1159 2514 1155 2535 1159 2586 1169 2588 1169 2590 1169 2614 1157 2622 1153 2764 1153 2768 1137 2766 1096 2707 1080 2705 1080 2703 1080 2701 1080 2669 1096 2663 1098 2622 1096 2413 1082 2411 1082 2409 1082 2374 1098 2368 1100 2338 1098 2240 1088 2238 1088 2236 1088 2234 1088 2220 1098 2212 1104 2151 1104 2145 1098 2128 1084 2126 1084 2124 1084 2122 1084 2021 1096 1978 1084 1976 1084 1974 1084 1972 1084 1970 1084 1970 1086 1956 1100 1950 1104 1935 1100 1901 1090 1899 1090 1897 1090 1895 1090 1893 1090 1877 1100 1870 1104 1844 1100 1789 1092 1787 1092 1744 1100 1728 1104 1720 1100 1692 1088 1690 1088 1458 1088 1456 1088 1454 1088 1452 1088 1438 1096 1440 1147"/></Shape>
            <String CONTENT="Ce Jour mercredi Vingt un fevrier mil"
                    HPOS="1438"
                    VPOS="1080"
                    WIDTH="1330"
                    HEIGHT="106"
                    ></String>
          </TextLine>
          <TextLine ID="eSc_line_cc3ca34c"
                    TAGREFS="LT8"
                    BASELINE="1450 1251 2772 1228" 
                    HPOS="1448"
                    VPOS="1182"
                    WIDTH="1324"
                    HEIGHT="99">
            <Shape><Polygon POINTS="1450 1251 1450 1281 1539 1281 1541 1281 1576 1263 1657 1277 1669 1279 1671 1279 1688 1277 1763 1263 1828 1273 1848 1275 1850 1275 1885 1271 1954 1261 1998 1267 2037 1273 2039 1273 2041 1273 2043 1273 2051 1265 2059 1259 2065 1265 2074 1271 2076 1271 2078 1271 2080 1273 2157 1273 2157 1271 2159 1271 2161 1271 2171 1263 2183 1253 2281 1253 2323 1257 2405 1267 2407 1267 2409 1267 2437 1255 2449 1249 2608 1249 2610 1249 2634 1261 2636 1261 2638 1261 2640 1261 2683 1247 2691 1245 2772 1245 2772 1228 2768 1196 2701 1182 2699 1182 2697 1182 2695 1182 2677 1196 2673 1196 2614 1184 2612 1184 2610 1184 2608 1184 2594 1196 2590 1200 2529 1200 2510 1196 2470 1188 2468 1188 2466 1188 2464 1188 2453 1198 2447 1202 2287 1204 2191 1204 2185 1198 2173 1190 2171 1190 2169 1190 2167 1190 2110 1200 2078 1204 2067 1200 2053 1192 2051 1192 2049 1192 1994 1200 1925 1212 1879 1212 1864 1200 1860 1196 1858 1196 1856 1196 1854 1196 1816 1200 1738 1212 1671 1202 1655 1200 1653 1200 1651 1200 1647 1202 1627 1212 1590 1202 1580 1200 1578 1200 1576 1200 1448 1202 1450 1251"/></Shape>
            <String CONTENT="sept cent soixante seize en la chambre du"
                    HPOS="1448"
                    VPOS="1182"
                    WIDTH="1324"
                    HEIGHT="99"
                    ></String>
          </TextLine>
          <TextLine ID="eSc_line_13df44b3"
                    TAGREFS="LT8"
                    BASELINE="1454 1350 2768 1338" 
                    HPOS="1452"
                    VPOS="1289"
                    WIDTH="1316"
                    HEIGHT="100">
            <Shape><Polygon POINTS="1454 1350 1454 1389 1578 1387 1580 1387 1582 1387 1635 1362 1722 1373 1724 1373 1726 1373 1769 1360 1814 1379 1818 1381 1820 1381 1822 1381 1824 1381 1828 1379 1866 1360 1980 1375 2007 1377 2009 1377 2011 1377 2025 1373 2076 1358 2094 1371 2108 1381 2110 1381 2112 1381 2114 1381 2116 1381 2147 1368 2155 1366 2177 1368 2295 1381 2297 1381 2299 1381 2301 1381 2328 1364 2344 1354 2364 1362 2386 1371 2388 1371 2390 1371 2393 1371 2411 1360 2423 1354 2437 1360 2464 1371 2466 1371 2468 1371 2523 1358 2549 1352 2573 1356 2630 1366 2632 1366 2734 1364 2736 1364 2768 1350 2768 1338 2764 1308 2630 1308 2628 1306 2612 1291 2610 1291 2608 1291 2606 1291 2531 1306 2525 1306 2523 1306 2490 1289 2488 1289 2486 1289 2388 1291 2386 1291 2346 1303 2325 1312 2191 1312 2183 1303 2171 1293 2171 1291 2169 1291 2167 1291 2165 1291 2163 1291 2132 1303 2106 1312 1917 1301 1868 1299 1866 1299 1856 1301 1803 1314 1759 1299 1742 1295 1740 1295 1738 1295 1580 1297 1578 1297 1576 1297 1574 1299 1566 1306 1556 1299 1554 1297 1552 1297 1549 1297 1547 1297 1452 1297 1454 1350"/></Shape>
            <String CONTENT="Greffe devant nous Jacques Petit Ecuier"
                    HPOS="1452"
                    VPOS="1289"
                    WIDTH="1316"
                    HEIGHT="100"
                    ></String>
          </TextLine>
          <TextLine ID="eSc_line_92ee5427"
                    TAGREFS="LT8"
                    BASELINE="1456 1458 2776 1440" 
                    HPOS="1454"
                    VPOS="1391"
                    WIDTH="1322"
                    HEIGHT="95">
            <Shape><Polygon POINTS="1456 1458 1456 1480 1744 1472 1757 1478 1761 1482 1763 1482 1765 1482 1767 1482 1810 1478 1911 1468 1954 1468 1966 1478 1974 1484 1976 1484 1978 1484 1980 1486 2039 1486 2039 1484 2041 1484 2043 1484 2055 1476 2063 1470 2072 1476 2078 1482 2080 1482 2082 1482 2084 1482 2118 1476 2153 1470 2208 1476 2256 1480 2258 1480 2260 1480 2263 1480 2263 1478 2267 1474 2275 1468 2301 1474 2311 1476 2313 1476 2315 1476 2323 1474 2354 1466 2362 1474 2364 1476 2366 1476 2368 1476 2370 1476 2384 1474 2441 1462 2494 1474 2510 1476 2512 1476 2514 1476 2523 1472 2553 1462 2579 1472 2581 1472 2583 1472 2586 1472 2655 1458 2699 1472 2707 1474 2709 1474 2711 1474 2776 1470 2776 1440 2772 1409 2693 1393 2691 1393 2689 1393 2659 1409 2616 1409 2581 1409 2547 1391 2545 1391 2482 1391 2480 1391 2478 1391 2441 1411 2439 1411 2401 1411 2238 1405 2236 1405 2163 1411 2126 1415 2122 1413 2112 1403 2110 1403 2108 1403 1990 1399 1988 1399 1986 1399 1984 1399 1984 1401 1970 1413 1966 1415 1948 1413 1895 1407 1893 1407 1891 1407 1872 1413 1858 1419 1848 1413 1822 1401 1820 1401 1785 1401 1783 1401 1781 1401 1779 1401 1759 1415 1747 1421 1720 1415 1673 1403 1671 1403 1669 1403 1584 1405 1582 1405 1562 1415 1549 1423 1535 1415 1519 1405 1517 1405 1515 1405 1513 1405 1454 1415 1456 1458"/></Shape>
            <String CONTENT="Conseiller du Roi &amp; Juge Royal à S^t Pierre martinique"
                    HPOS="1454"
                    VPOS="1391"
                    WIDTH="1322"
                    HEIGHT="95"
                    ></String>
          </TextLine>
          <TextLine ID="eSc_line_a4a23c2c"
                    TAGREFS="LT8"
                    BASELINE="1442 1576 2774 1557" 
                    HPOS="1440"
                    VPOS="1513"
                    WIDTH="1334"
                    HEIGHT="91">
            <Shape><Polygon POINTS="1442 1576 1442 1590 1594 1588 1600 1590 1623 1602 1625 1602 1627 1604 1688 1604 1688 1602 1690 1602 1692 1602 1712 1588 1716 1588 1767 1600 1769 1600 1870 1588 1887 1586 1903 1586 2002 1596 2005 1596 2074 1586 2088 1584 2100 1586 2177 1596 2179 1596 2295 1584 2348 1578 2393 1582 2462 1590 2464 1590 2466 1590 2486 1582 2500 1576 2539 1582 2602 1590 2604 1590 2606 1590 2634 1580 2653 1574 2673 1580 2695 1586 2697 1586 2699 1586 2772 1578 2774 1557 2770 1529 2667 1513 2665 1513 2663 1513 2661 1513 2640 1529 2575 1515 2573 1515 2482 1531 2468 1533 2421 1531 2236 1525 2234 1525 2153 1535 2135 1537 2130 1535 2112 1521 2110 1521 2108 1521 2039 1521 2037 1521 2035 1521 2033 1521 2033 1523 2017 1537 2013 1539 1990 1537 1879 1523 1877 1523 1875 1523 1872 1523 1854 1539 1848 1543 1631 1543 1627 1541 1584 1527 1582 1527 1580 1527 1578 1527 1576 1527 1564 1537 1468 1529 1466 1529 1464 1529 1440 1539 1442 1576"/></Shape>
            <String CONTENT="Est comparu M^e Bonnet procureur du Sieur"
                    HPOS="1440"
                    VPOS="1513"
                    WIDTH="1334"
                    HEIGHT="91"
                    ></String>
          </TextLine>
          <TextLine ID="eSc_line_3cd9755f"
                    TAGREFS="LT8"
                    BASELINE="1224 1659 2766 1647" 
                    HPOS="1222"
                    VPOS="1600"
                    WIDTH="1544"
                    HEIGHT="87">
            <Shape><Polygon POINTS="1224 1659 1226 1685 1267 1671 1294 1681 1296 1681 1298 1681 1397 1673 1421 1683 1434 1687 1436 1687 1438 1687 1440 1687 1454 1681 1487 1669 1657 1669 1696 1677 1734 1685 1736 1685 1812 1675 1844 1671 1864 1675 1893 1679 1895 1679 1897 1679 1899 1679 1905 1673 1913 1667 1925 1673 1946 1683 1948 1683 1950 1683 2112 1673 2183 1681 2185 1681 2187 1681 2189 1681 2210 1667 2214 1665 2226 1667 2265 1677 2267 1677 2269 1677 2352 1665 2372 1663 2376 1665 2393 1675 2395 1675 2397 1675 2399 1675 2455 1669 2490 1679 2492 1679 2494 1679 2496 1679 2498 1679 2498 1677 2516 1663 2518 1661 2523 1663 2575 1677 2577 1677 2579 1679 2679 1679 2679 1677 2766 1657 2766 1647 2764 1616 2705 1600 2703 1600 2701 1600 2699 1600 2697 1600 2675 1616 2671 1616 2630 1616 2620 1616 2588 1600 2586 1600 2583 1600 2581 1600 2579 1600 2563 1610 2504 1606 2502 1606 2500 1606 2498 1606 2498 1608 2490 1616 2486 1618 2478 1616 2425 1602 2423 1602 2421 1602 2419 1602 2417 1602 2399 1616 2395 1620 2293 1620 2287 1616 2256 1600 2254 1600 2252 1600 2250 1600 2248 1600 2248 1602 2238 1610 2189 1604 2187 1604 2185 1604 2163 1616 2153 1622 2057 1622 2049 1616 2039 1608 2037 1608 2035 1608 2033 1608 1940 1616 1933 1616 1905 1604 1903 1604 1901 1604 1899 1604 1897 1604 1879 1616 1868 1624 1783 1624 1765 1616 1736 1606 1734 1606 1732 1606 1730 1606 1696 1616 1669 1626 1554 1626 1541 1616 1529 1606 1527 1606 1525 1606 1523 1606 1466 1616 1415 1626 1369 1626 1359 1616 1348 1608 1346 1608 1344 1608 1342 1608 1222 1616 1224 1659"/></Shape>
            <String CONTENT="Jean adrien Hugault négociant en ce bourg, lequel"
                    HPOS="1222"
                    VPOS="1600"
                    WIDTH="1544"
                    HEIGHT="87"
                    ></String>
          </TextLine>
          <TextLine ID="eSc_line_6a249883"
                    TAGREFS="LT8"
                    BASELINE="1233 1748 2778 1734" 
                    HPOS="1231"
                    VPOS="1689"
                    WIDTH="1547"
                    HEIGHT="86">
            <Shape><Polygon POINTS="1233 1748 1233 1775 1655 1775 1655 1773 1657 1773 1663 1771 1684 1763 1775 1771 1791 1771 1793 1771 1795 1771 1797 1771 1818 1760 1877 1769 1891 1771 1893 1771 1895 1771 1899 1769 1919 1758 2047 1769 2061 1769 2063 1769 2070 1769 2120 1756 2468 1765 2470 1765 2472 1765 2496 1754 2531 1765 2533 1765 2535 1765 2537 1765 2634 1752 2774 1763 2778 1734 2774 1691 2724 1691 2722 1691 2720 1691 2718 1691 2703 1704 2663 1691 2653 1689 2651 1689 2648 1689 2646 1689 2644 1689 2640 1693 2612 1710 2551 1712 2510 1712 2488 1695 2484 1691 2482 1691 2480 1691 2340 1691 2338 1691 2336 1691 2321 1698 2291 1712 2100 1702 2092 1702 2090 1702 2088 1702 2063 1714 2049 1702 2043 1695 2041 1695 2039 1695 2037 1695 2035 1695 2033 1695 2025 1702 2011 1712 1996 1704 1996 1702 1994 1702 1992 1702 1990 1702 1988 1702 1984 1704 1950 1714 1812 1706 1673 1698 1671 1698 1669 1698 1643 1708 1619 1720 1470 1720 1460 1712 1448 1702 1446 1702 1444 1702 1442 1702 1440 1702 1415 1712 1397 1720 1231 1716 1233 1748"/></Shape>
            <String CONTENT="en conséquence d&#x27;ordonnance par nous mise au bas"
                    HPOS="1231"
                    VPOS="1689"
                    WIDTH="1547"
                    HEIGHT="86"
                    ></String>
          </TextLine>
          <TextLine ID="eSc_line_25dad2bd"
                    TAGREFS="LT8"
                    BASELINE="1235 1846 2053 1830 2787 1832" 
                    HPOS="1233"
                    VPOS="1787"
                    WIDTH="1554"
                    HEIGHT="91">
            <Shape><Polygon POINTS="2781 1797 2687 1787 2685 1787 2683 1787 2634 1799 2632 1801 2472 1801 2415 1801 2301 1787 2299 1787 2297 1787 2263 1799 2214 1789 2212 1789 2210 1789 2155 1803 2108 1791 2106 1791 2104 1791 2102 1791 2057 1803 1974 1791 1972 1791 1970 1791 1921 1803 1866 1791 1864 1791 1795 1801 1785 1793 1783 1793 1781 1793 1779 1793 1777 1793 1740 1807 1580 1795 1578 1795 1576 1795 1535 1809 1501 1801 1499 1801 1497 1801 1428 1811 1409 1797 1407 1797 1405 1797 1265 1797 1263 1797 1261 1797 1233 1811 1235 1846 1235 1874 1328 1878 1330 1878 1332 1878 1348 1872 1381 1862 1440 1870 1478 1876 1480 1876 1482 1876 1497 1870 1519 1858 1543 1868 1554 1872 1556 1872 1558 1872 1560 1872 1576 1868 1621 1856 1653 1866 1675 1874 1677 1874 1679 1874 1682 1874 1702 1866 1728 1854 1828 1860 1830 1860 1832 1860 1858 1850 2015 1850 2033 1858 2059 1872 2061 1872 2063 1872 2065 1872 2112 1856 2126 1852 2139 1856 2153 1862 2155 1862 2157 1862 2208 1854 2273 1846 2321 1846 2330 1852 2348 1868 2350 1868 2352 1868 2354 1870 2447 1870 2447 1868 2449 1868 2451 1868 2474 1850 2516 1866 2518 1866 2521 1866 2523 1866 2581 1852 2661 1866 2663 1866 2665 1866 2703 1846 2787 1842 2787 1832 2785 1823 2781 1797"/></Shape>
            <String CONTENT="de la requête qu&#x27;il nous a presentée a Jour, et pour"
                    HPOS="1233"
                    VPOS="1787"
                    WIDTH="1554"
                    HEIGHT="91"
                    ></String>
          </TextLine>
          <TextLine ID="eSc_line_3001bfe3"
                    TAGREFS="LT8"
                    BASELINE="1237 1947 2744 1933" 
                    HPOS="1235"
                    VPOS="1884"
                    WIDTH="1509"
                    HEIGHT="94">
            <Shape><Polygon POINTS="1237 1947 1237 1970 1379 1962 1407 1968 1444 1978 1446 1978 1448 1978 1552 1976 1554 1976 1574 1966 1588 1960 1608 1966 1641 1974 1643 1974 1645 1974 1690 1964 1722 1957 1757 1964 1822 1974 1824 1974 1881 1962 1899 1957 1933 1960 1992 1966 1994 1966 2053 1960 2096 1953 2118 1957 2175 1970 2177 1970 2295 1955 2313 1953 2317 1955 2346 1968 2348 1968 2350 1968 2352 1968 2354 1968 2374 1953 2380 1951 2468 1951 2474 1951 2523 1968 2525 1968 2527 1968 2742 1947 2744 1933 2738 1895 2644 1903 2624 1895 2598 1884 2596 1884 2594 1884 2592 1884 2567 1895 2551 1905 2429 1905 2382 1897 2311 1884 2309 1884 2307 1884 2275 1899 2254 1909 2122 1909 2108 1899 2094 1890 2092 1890 2090 1890 2088 1890 2086 1890 2063 1901 2045 1909 2025 1901 2017 1897 2015 1897 2013 1897 2011 1897 2009 1897 2005 1901 1998 1907 1984 1901 1978 1899 1976 1899 1974 1899 1972 1899 1970 1899 1968 1901 1958 1911 1846 1911 1814 1903 1773 1890 1771 1890 1665 1890 1663 1890 1661 1890 1617 1905 1608 1907 1602 1905 1574 1892 1572 1892 1570 1892 1515 1897 1513 1897 1491 1905 1472 1913 1446 1907 1405 1895 1403 1895 1401 1895 1399 1895 1369 1907 1352 1913 1340 1907 1316 1895 1314 1895 1312 1895 1235 1907 1237 1947"/></Shape>
            <String CONTENT="les motifs énoncés en la d. requête, a requis"
                    HPOS="1235"
                    VPOS="1884"
                    WIDTH="1509"
                    HEIGHT="94"
                    ></String>
          </TextLine>
          <TextLine ID="eSc_line_c8aeda9e"
                    TAGREFS="LT8"
                    BASELINE="1237 2047 2762 2033" 
                    HPOS="1235"
                    VPOS="1980"
                    WIDTH="1527"
                    HEIGHT="93">
            <Shape><Polygon POINTS="1237 2047 1239 2073 1277 2061 1363 2071 1383 2073 1385 2073 1387 2073 1397 2071 1440 2061 1525 2069 1541 2069 1543 2069 1560 2067 1629 2059 1649 2067 1667 2073 1669 2073 1671 2073 1673 2073 1690 2065 1702 2059 1722 2065 1749 2073 1751 2073 1753 2073 1858 2063 1860 2063 1875 2073 1877 2073 1879 2073 1881 2073 1883 2073 1913 2061 1915 2061 1919 2061 1974 2071 1976 2071 1978 2071 2019 2059 2029 2057 2037 2059 2080 2071 2082 2071 2084 2071 2281 2069 2376 2053 2393 2051 2411 2053 2490 2061 2492 2061 2494 2061 2535 2051 2541 2049 2547 2049 2575 2059 2577 2059 2579 2059 2762 2045 2762 2033 2760 2002 2705 1980 2703 1980 2701 1980 2699 1980 2697 1980 2673 1996 2648 1980 2646 1980 2644 1980 2567 1980 2565 1980 2563 1980 2521 2002 2455 1986 2453 1986 2451 1986 2449 1986 2409 2002 2352 1994 2350 1994 2348 1994 2319 2004 2110 1992 2108 1992 2017 2006 1982 1986 1980 1986 1978 1986 1976 1986 1974 1986 1921 2006 1848 1988 1846 1988 1749 1988 1747 1988 1744 1988 1742 1988 1726 2000 1671 1988 1669 1988 1383 2012 1273 1992 1271 1992 1269 1992 1267 1992 1235 2010 1237 2047"/></Shape>
            <String CONTENT="l&#x27;ouverture du Testament olographe du Sieur"
                    HPOS="1235"
                    VPOS="1980"
                    WIDTH="1527"
                    HEIGHT="93"
                    ></String>
          </TextLine>
          <TextLine ID="eSc_line_61723abe"
                    TAGREFS="LT8"
                    BASELINE="1224 2150 2738 2124" 
                    HPOS="1224"
                    VPOS="2063"
                    WIDTH="1514"
                    HEIGHT="116">
            <Shape><Polygon POINTS="1224 2169 1237 2177 1239 2177 1241 2177 1243 2177 1245 2177 1273 2163 1275 2161 1369 2161 1377 2161 1452 2179 1454 2179 1456 2179 1521 2159 1523 2159 1525 2159 1568 2177 1570 2177 1572 2177 1655 2175 1657 2175 1692 2157 1696 2155 1706 2157 1779 2167 1781 2167 1870 2152 1877 2152 1879 2152 1917 2171 1919 2171 1921 2171 2007 2169 2009 2169 2045 2150 2049 2148 2051 2150 2090 2167 2092 2167 2094 2169 2153 2169 2153 2167 2155 2167 2157 2167 2187 2146 2189 2146 2216 2159 2218 2159 2348 2163 2350 2163 2421 2146 2500 2157 2502 2157 2504 2157 2506 2157 2506 2155 2521 2142 2612 2152 2614 2152 2616 2152 2618 2152 2640 2138 2736 2136 2738 2124 2730 2063 2683 2085 2657 2073 2655 2073 2653 2073 2651 2073 2598 2096 2529 2096 2494 2077 2492 2077 2490 2077 2409 2098 2135 2100 2078 2085 2076 2085 2074 2085 2072 2085 2070 2085 2047 2104 1976 2104 1942 2085 1933 2079 1931 2079 1929 2079 1927 2079 1925 2079 1913 2085 1875 2108 1834 2108 1807 2090 1793 2079 1791 2079 1789 2079 1787 2079 1643 2092 1474 2085 1472 2085 1470 2085 1442 2100 1411 2114 1340 2112 1326 2102 1304 2090 1302 2090 1300 2090 1298 2090 1296 2090 1259 2104 1241 2112 1224 2106 1224 2150 1224 2169"/></Shape>
            <String CONTENT="Jean Pierre Julien, déposé ez mains de M^e"
                    HPOS="1224"
                    VPOS="2063"
                    WIDTH="1514"
                    HEIGHT="116"
                    ></String>
          </TextLine>
          <TextLine ID="eSc_line_49715f50"
                    TAGREFS="LT8"
                    BASELINE="1243 2250 2179 2230 2772 2226" 
                    HPOS="1241"
                    VPOS="2171"
                    WIDTH="1531"
                    HEIGHT="111">
            <Shape><Polygon POINTS="1243 2250 1243 2264 1304 2264 1310 2266 1354 2282 1356 2282 1359 2282 1495 2262 1523 2258 1552 2260 1629 2268 1631 2268 1787 2256 1810 2254 1818 2254 1917 2272 1919 2272 1921 2272 1974 2252 2007 2264 2009 2264 2011 2264 2013 2264 2053 2250 2057 2248 2061 2250 2100 2268 2102 2268 2104 2268 2183 2256 2287 2266 2289 2266 2397 2242 2474 2242 2508 2254 2510 2254 2512 2254 2514 2254 2545 2240 2616 2256 2618 2256 2752 2248 2754 2248 2756 2248 2772 2236 2772 2226 2768 2189 2689 2171 2687 2171 2685 2171 2634 2189 2626 2191 2624 2189 2610 2177 2608 2177 2606 2177 2604 2177 2506 2189 2468 2193 2462 2189 2447 2177 2445 2177 2443 2177 2441 2177 2439 2177 2417 2189 2403 2197 2342 2197 2332 2189 2319 2179 2317 2179 2315 2179 2208 2177 2206 2177 2204 2177 2169 2189 2145 2197 2132 2189 2130 2189 2128 2189 2126 2189 2110 2189 1822 2205 1775 2189 1751 2181 1749 2181 1747 2181 1744 2181 1742 2181 1732 2189 1724 2193 1617 2189 1476 2185 1474 2185 1472 2185 1470 2185 1466 2189 1438 2211 1379 2211 1350 2189 1348 2189 1346 2189 1344 2189 1241 2189 1243 2250"/></Shape>
            <String CONTENT="Emerigon Notaire, à quoi ayant égard, et le dit"
                    HPOS="1241"
                    VPOS="2171"
                    WIDTH="1531"
                    HEIGHT="111"
                    ></String>
          </TextLine>
          <TextLine ID="eSc_line_628b3fb8"
                    TAGREFS="LT8"
                    BASELINE="1249 2349 2776 2319" 
                    HPOS="1247"
                    VPOS="2276"
                    WIDTH="1529"
                    HEIGHT="108">
            <Shape><Polygon POINTS="1249 2349 1249 2364 1352 2362 1359 2366 1385 2382 1387 2382 1389 2382 1442 2384 1444 2384 1576 2380 1578 2380 1580 2380 1604 2360 1606 2358 1665 2356 1673 2360 1700 2372 1702 2372 1783 2376 1785 2376 1787 2376 1789 2376 1807 2362 1848 2368 1850 2368 1852 2368 1879 2356 1889 2352 1909 2356 1972 2368 1974 2368 1976 2368 1978 2368 1994 2354 1998 2349 2015 2354 2041 2360 2043 2360 2045 2360 2098 2352 2106 2352 2128 2366 2130 2366 2132 2366 2135 2366 2137 2366 2193 2349 2198 2349 2222 2368 2224 2368 2226 2368 2228 2370 2267 2370 2267 2368 2401 2354 2403 2354 2405 2354 2413 2347 2419 2341 2439 2345 2506 2362 2508 2362 2579 2360 2581 2360 2583 2360 2604 2343 2612 2337 2640 2343 2681 2349 2683 2349 2774 2339 2776 2319 2772 2293 2709 2280 2707 2280 2705 2280 2665 2293 2659 2293 2653 2293 2577 2276 2575 2276 2573 2276 2571 2276 2551 2293 2545 2297 2496 2297 2486 2293 2441 2278 2439 2278 2437 2278 2368 2293 2336 2301 2236 2301 2220 2293 2208 2287 2206 2287 2204 2287 2202 2287 2187 2293 2165 2305 2082 2305 2067 2293 2061 2289 2059 2289 2057 2289 2055 2289 2053 2289 2033 2295 2027 2295 2021 2295 1978 2280 1976 2280 1974 2280 1921 2282 1919 2282 1899 2295 1875 2307 1749 2297 1747 2297 1744 2297 1720 2311 1698 2297 1696 2297 1694 2297 1692 2297 1690 2297 1688 2297 1669 2313 1612 2313 1578 2295 1576 2295 1574 2295 1572 2295 1570 2295 1568 2295 1541 2317 1489 2317 1446 2295 1440 2293 1438 2293 1436 2293 1247 2295 1249 2349"/></Shape>
            <String CONTENT="M^e Emerigon ici present nous ayant remis un"
                    HPOS="1247"
                    VPOS="2276"
                    WIDTH="1529"
                    HEIGHT="108"
                    ></String>
          </TextLine>
          <TextLine ID="eSc_line_678a115b"
                    TAGREFS="LT8"
                    BASELINE="1255 2459 1899 2435 2797 2419" 
                    HPOS="1251"
                    VPOS="2368"
                    WIDTH="1546"
                    HEIGHT="122">
            <Shape><Polygon POINTS="1255 2459 1255 2490 1527 2484 1529 2484 1531 2484 1549 2471 1572 2477 1574 2477 1576 2477 1682 2457 1883 2455 1933 2471 1935 2471 1937 2471 1940 2471 1942 2471 1944 2471 1966 2453 1984 2461 1986 2461 1988 2461 1990 2461 2023 2451 2132 2459 2135 2459 2206 2447 2277 2459 2279 2459 2346 2449 2372 2457 2390 2463 2393 2463 2395 2463 2397 2463 2399 2463 2409 2455 2431 2445 2508 2445 2521 2453 2529 2459 2531 2459 2533 2459 2535 2459 2795 2443 2797 2419 2791 2384 2693 2384 2655 2368 2653 2368 2651 2368 2648 2368 2646 2368 2618 2386 2614 2388 2480 2392 2309 2394 2301 2390 2283 2376 2281 2376 2279 2376 2277 2376 2181 2390 2147 2396 2116 2392 2076 2386 2074 2386 2072 2386 2070 2386 2070 2388 2063 2392 2053 2400 2000 2394 1913 2382 1911 2382 1909 2382 1877 2394 1866 2398 1854 2396 1822 2386 1820 2386 1818 2386 1736 2396 1702 2388 1700 2388 1698 2388 1696 2388 1694 2388 1679 2398 1659 2410 1645 2400 1643 2400 1641 2400 1639 2400 1572 2412 1547 2400 1543 2398 1541 2398 1539 2398 1521 2400 1452 2408 1430 2400 1415 2396 1413 2396 1411 2396 1251 2402 1255 2459"/></Shape>
            <String CONTENT="Paquet cacheté de six cachets d&#x27;armoiries de familles"
                    HPOS="1251"
                    VPOS="2368"
                    WIDTH="1546"
                    HEIGHT="122"
                    ></String>
          </TextLine>
          <TextLine ID="eSc_line_0d435510"
                    TAGREFS="LT8"
                    BASELINE="1261 2553 1998 2530 2805 2530" 
                    HPOS="1259"
                    VPOS="2471"
                    WIDTH="1546"
                    HEIGHT="116">
            <Shape><Polygon POINTS="1261 2553 1261 2587 1405 2587 1405 2585 1407 2585 1413 2583 1480 2559 1657 2567 1659 2567 1661 2567 1704 2553 1747 2563 1749 2563 1751 2563 1854 2549 1891 2549 1937 2573 1940 2573 1942 2573 1944 2573 1960 2573 1986 2569 1988 2569 1990 2569 2013 2549 2051 2571 2053 2571 2055 2571 2057 2571 2059 2571 2063 2571 2153 2544 2195 2555 2198 2555 2200 2555 2240 2547 2271 2567 2279 2573 2281 2573 2283 2573 2285 2573 2287 2573 2305 2565 2362 2542 2514 2557 2516 2557 2624 2547 2655 2559 2677 2567 2679 2567 2681 2567 2803 2555 2805 2530 2801 2492 2636 2492 2590 2471 2588 2471 2586 2471 2482 2473 2480 2473 2435 2496 2388 2486 2386 2486 2299 2496 2269 2477 2267 2477 2265 2477 2263 2477 2260 2477 2222 2498 2195 2484 2193 2484 2191 2484 2189 2484 2187 2484 2169 2500 2051 2500 1998 2479 1996 2479 1994 2479 1905 2482 1903 2482 1828 2504 1814 2494 1812 2494 1810 2494 1807 2494 1730 2498 1708 2484 1706 2484 1704 2484 1702 2484 1623 2502 1590 2486 1588 2486 1586 2486 1515 2502 1438 2492 1436 2492 1434 2492 1363 2510 1306 2494 1304 2494 1302 2494 1300 2494 1259 2510 1261 2553"/></Shape>
            <String CONTENT="Empreintes Sur Cire d&#x27;Espagne Rouge Sur l&#x27;enveloppe"
                    HPOS="1259"
                    VPOS="2471"
                    WIDTH="1546"
                    HEIGHT="116"
                    ></String>
          </TextLine>
          <TextLine ID="eSc_line_9ea242ab"
                    TAGREFS="LT8"
                    BASELINE="1265 2658 1937 2640 2801 2632" 
                    HPOS="1263"
                    VPOS="2575"
                    WIDTH="1538"
                    HEIGHT="104">
            <Shape><Polygon POINTS="1265 2658 1265 2679 1484 2666 1535 2674 1556 2677 1558 2677 1560 2677 1562 2677 1566 2672 1582 2662 1641 2670 1643 2670 1767 2658 1846 2666 1893 2672 1895 2672 1897 2672 1899 2672 1899 2670 1905 2666 1909 2660 2057 2654 2256 2658 2354 2660 2356 2660 2358 2660 2376 2656 2409 2648 2439 2654 2478 2662 2480 2662 2801 2646 2801 2632 2797 2597 2661 2585 2659 2585 2657 2585 2655 2585 2642 2595 2634 2601 2549 2601 2516 2595 2458 2585 2455 2585 2453 2585 2423 2593 2388 2605 2236 2605 2210 2593 2189 2583 2187 2583 1893 2575 1891 2575 1822 2577 1820 2577 1787 2589 1730 2612 1700 2589 1698 2587 1696 2587 1694 2587 1692 2587 1690 2587 1682 2589 1639 2601 1584 2595 1582 2595 1580 2595 1578 2595 1552 2618 1505 2618 1487 2605 1484 2605 1482 2605 1480 2605 1367 2620 1330 2593 1328 2593 1326 2593 1263 2587 1265 2658"/></Shape>
            <String CONTENT="duquel est écrit le présant est mon Testament &amp;"
                    HPOS="1263"
                    VPOS="2575"
                    WIDTH="1538"
                    HEIGHT="104"
                    ></String>
          </TextLine>
          <TextLine ID="eSc_line_6e7347fe"
                    TAGREFS="LT8"
                    BASELINE="1259 2776 2795 2744" 
                    HPOS="1257"
                    VPOS="2693"
                    WIDTH="1538"
                    HEIGHT="118">
            <Shape><Polygon POINTS="1259 2776 1259 2811 1614 2806 1617 2806 1619 2806 1625 2800 1655 2778 1744 2794 1747 2794 1749 2794 1777 2782 1840 2790 1842 2790 1844 2790 1846 2790 1866 2774 2015 2786 2023 2786 2025 2786 2027 2786 2029 2786 2055 2770 2080 2780 2082 2780 2084 2780 2132 2770 2161 2782 2187 2792 2189 2792 2191 2792 2193 2792 2195 2792 2216 2780 2228 2772 2250 2778 2265 2782 2267 2782 2269 2782 2315 2776 2397 2764 2431 2772 2476 2782 2478 2782 2480 2782 2504 2770 2506 2768 2512 2768 2541 2774 2543 2774 2575 2766 2612 2758 2630 2764 2651 2772 2653 2772 2655 2772 2793 2758 2795 2744 2791 2709 2598 2693 2596 2693 2506 2713 2498 2715 2496 2713 2470 2697 2468 2697 2466 2697 2464 2697 2354 2717 2346 2717 2340 2717 2234 2701 2232 2701 2230 2701 2175 2719 2120 2703 2118 2703 2116 2703 2114 2703 2112 2703 2084 2721 2080 2725 1962 2725 1958 2725 1925 2707 1923 2707 1921 2707 1844 2709 1842 2709 1840 2709 1814 2727 1810 2731 1629 2733 1619 2731 1578 2719 1576 2719 1574 2719 1572 2719 1570 2719 1554 2731 1533 2717 1531 2717 1529 2717 1470 2717 1468 2717 1466 2717 1434 2727 1316 2721 1314 2721 1312 2721 1257 2735 1259 2776"/></Shape>
            <String CONTENT="Signé Julien, nous du consentement du Procureur"
                    HPOS="1257"
                    VPOS="2693"
                    WIDTH="1538"
                    HEIGHT="118"
                    ></String>
          </TextLine>
          <TextLine ID="eSc_line_6eb0c770"
                    TAGREFS="LT8"
                    BASELINE="1267 2890 2240 2847 2799 2839" 
                    HPOS="1263"
                    VPOS="2786"
                    WIDTH="1536"
                    HEIGHT="120">
            <Shape><Polygon POINTS="1267 2890 1267 2906 1562 2892 1584 2898 1596 2902 1598 2902 1600 2902 1602 2902 1610 2898 1627 2890 1712 2894 1751 2896 1753 2896 1755 2896 1757 2896 1761 2892 1775 2882 1988 2876 2029 2884 2041 2886 2043 2886 2045 2886 2057 2884 2102 2871 2183 2880 2202 2880 2204 2880 2226 2878 2321 2863 2374 2871 2376 2871 2380 2871 2539 2857 2685 2861 2695 2861 2697 2861 2699 2861 2701 2861 2716 2851 2797 2857 2799 2839 2797 2798 2764 2788 2762 2788 2760 2788 2592 2802 2531 2806 2523 2804 2486 2786 2484 2786 2482 2786 2372 2790 2370 2790 2332 2806 2313 2815 2283 2809 2224 2796 2222 2796 2220 2796 2185 2811 2165 2821 2080 2823 2061 2813 2051 2809 2049 2809 2047 2809 2045 2809 2043 2809 2043 2811 2039 2815 2025 2827 1925 2831 1830 2831 1771 2819 1747 2815 1744 2815 1700 2821 1641 2829 1576 2823 1539 2821 1537 2821 1535 2821 1525 2825 1480 2843 1436 2827 1434 2827 1432 2827 1428 2827 1363 2837 1263 2831 1267 2890"/></Shape>
            <String CONTENT="du Roi de ce siège, avons procédé à l&#x27;ouverture du"
                    HPOS="1263"
                    VPOS="2786"
                    WIDTH="1536"
                    HEIGHT="120"
                    ></String>
          </TextLine>
          <TextLine ID="eSc_line_c6b0552c"
                    TAGREFS="LT8"
                    BASELINE="1273 2989 2063 2949 2795 2932" 
                    HPOS="1269"
                    VPOS="2876"
                    WIDTH="1526"
                    HEIGHT="146">
            <Shape><Polygon POINTS="1273 2989 1273 3022 1736 3008 1738 3008 1740 3008 1749 2999 1767 2983 1801 2997 1814 3001 1816 3001 1818 3001 1820 3001 1838 2995 1899 2975 1937 2983 1940 2983 1942 2983 1944 2983 1962 2971 2198 2963 2220 2975 2228 2981 2230 2981 2232 2981 2234 2981 2236 2981 2252 2973 2273 2965 2334 2969 2338 2969 2340 2969 2342 2969 2344 2969 2399 2955 2484 2961 2531 2965 2533 2965 2535 2965 2537 2965 2543 2959 2553 2951 2573 2957 2588 2961 2590 2961 2592 2961 2594 2961 2612 2955 2628 2951 2642 2953 2697 2965 2699 2965 2701 2965 2742 2949 2758 2943 2793 2945 2795 2932 2787 2876 2661 2894 2620 2880 2616 2880 2614 2880 2612 2880 2610 2880 2608 2880 2608 2882 2583 2896 2449 2890 2447 2890 2445 2890 2390 2904 2328 2890 2311 2888 2309 2888 2307 2888 2291 2892 2240 2908 2163 2908 2145 2898 2141 2894 2139 2894 2137 2894 2135 2894 2132 2894 2120 2898 2070 2916 1996 2902 1982 2900 1980 2900 1956 2904 1901 2912 1838 2908 1810 2906 1807 2906 1789 2910 1694 2930 1641 2914 1639 2914 1637 2914 1635 2914 1633 2914 1629 2914 1560 2934 1472 2928 1470 2928 1468 2928 1421 2941 1361 2924 1359 2924 1356 2924 1269 2926 1273 2989"/></Shape>
            <String CONTENT="dit paquet qui s&#x27;est trouvé contenus trois doubles"
                    HPOS="1269"
                    VPOS="2876"
                    WIDTH="1526"
                    HEIGHT="146"
                    ></String>
          </TextLine>
          <TextLine ID="eSc_line_a63e963d"
                    TAGREFS="LT8"
                    BASELINE="1281 3085 2222 3040 2772 3030" 
                    HPOS="1279"
                    VPOS="2979"
                    WIDTH="1493"
                    HEIGHT="148">
            <Shape><Polygon POINTS="1281 3085 1283 3127 1334 3111 1371 3123 1373 3123 1375 3123 1377 3123 1480 3119 1482 3119 1493 3115 1527 3103 1564 3111 1582 3115 1584 3115 1586 3115 1588 3115 1594 3109 1614 3095 1643 3107 1655 3111 1657 3111 1659 3111 1661 3111 1663 3111 1669 3105 1688 3091 1736 3101 1765 3107 1767 3107 1769 3107 1791 3099 1840 3079 1883 3093 1901 3099 1903 3099 1905 3099 1907 3099 1935 3091 1942 3089 1946 3089 1988 3099 1990 3099 1992 3099 2017 3085 2045 3069 2143 3066 2293 3069 2315 3069 2317 3069 2319 3069 2323 3066 2346 3058 2354 3064 2376 3083 2378 3083 2380 3083 2382 3083 2480 3071 2545 3077 2547 3077 2549 3077 2636 3048 2772 3040 2772 3030 2766 2987 2541 2999 2535 2997 2518 2983 2516 2983 2514 2983 2455 2979 2453 2979 2451 2979 2449 2979 2423 3001 2419 3006 2338 3008 2332 3006 2295 2991 2293 2991 2291 2991 2289 2991 2260 3004 2224 2989 2222 2989 2220 2989 2037 2995 1994 2997 1992 2997 1990 2997 1962 3022 1917 3008 1915 3008 1913 3008 1911 3008 1883 3022 1728 3022 1726 3022 1724 3022 1684 3034 1653 3020 1651 3020 1545 3016 1543 3016 1541 3016 1539 3016 1527 3026 1456 3020 1454 3020 1452 3020 1450 3020 1413 3044 1332 3024 1330 3024 1328 3024 1326 3024 1279 3048 1281 3085"/></Shape>
            <String CONTENT="feuilles de papier au raisin, dont neuf pages"
                    HPOS="1279"
                    VPOS="2979"
                    WIDTH="1493"
                    HEIGHT="148"
                    ></String>
          </TextLine>
          <TextLine ID="eSc_line_ba93b328"
                    TAGREFS="LT8"
                    BASELINE="1291 3184 2208 3146 2785 3131" 
                    HPOS="1287"
                    VPOS="3077"
                    WIDTH="1498"
                    HEIGHT="134">
            <Shape><Polygon POINTS="1291 3184 1291 3203 1456 3199 1466 3199 1552 3211 1554 3211 1556 3211 1558 3211 1558 3209 1570 3199 1608 3207 1610 3207 1612 3207 1614 3207 1635 3192 1639 3190 1655 3192 1726 3201 1728 3201 1793 3186 1795 3186 1797 3186 1826 3199 1828 3199 1830 3199 1897 3182 1907 3180 1915 3182 1944 3190 1946 3190 1948 3190 1950 3190 1952 3190 1968 3180 1972 3178 1980 3180 2053 3192 2055 3192 2057 3192 2104 3174 2110 3172 2112 3174 2132 3188 2135 3188 2137 3188 2139 3188 2141 3188 2171 3176 2200 3186 2202 3186 2204 3186 2330 3182 2423 3162 2439 3160 2466 3160 2620 3170 2622 3170 2624 3170 2659 3154 2707 3168 2709 3168 2711 3168 2713 3168 2785 3148 2785 3131 2781 3089 2657 3077 2655 3077 2653 3077 2606 3093 2598 3095 2523 3095 2167 3095 2165 3095 2002 3111 1935 3117 1909 3113 1862 3107 1860 3107 1791 3117 1724 3127 1675 3121 1631 3115 1629 3115 1627 3115 1594 3123 1554 3134 1287 3134 1291 3184"/></Shape>
            <String CONTENT="entierement ecrites, étant le Testament du Sieur"
                    HPOS="1287"
                    VPOS="3077"
                    WIDTH="1498"
                    HEIGHT="134"
                    ></String>
          </TextLine>
        </TextBlock>
        <TextBlock HPOS="85"
                   VPOS="219"
                   WIDTH="740"
                   HEIGHT="3070"
                   ID="eSc_textblock_49fad870"
                   TAGREFS="QZ9">
          <Shape><Polygon POINTS="825 3289 825 219 85 219 85 3289"/></Shape>
          <TextLine ID="eSc_line_507f81ad"
                    TAGREFS="LT8"
                    BASELINE="150 335 733 324" 
                    HPOS="148"
                    VPOS="284"
                    WIDTH="585"
                    HEIGHT="83">
            <Shape><Polygon POINTS="209 292 188 292 148 304 150 335 150 353 192 351 199 355 209 363 209 365 211 365 213 365 215 365 217 365 219 365 235 353 237 351 345 345 379 349 495 367 497 367 499 367 568 349 656 353 658 353 660 353 682 341 684 339 686 341 694 349 696 349 698 349 700 349 702 349 733 339 733 324 729 290 574 284 572 284 491 296 471 298 457 296 390 286 388 286 264 302 257 302 255 302 215 290 209 292"/></Shape>
            <String CONTENT=""
                    HPOS="148"
                    VPOS="284"
                    WIDTH="585"
                    HEIGHT="83"
                    ></String>
          </TextLine>
          <TextLine ID="eSc_line_9822cdf6"
                    TAGREFS="LT8"
                    BASELINE="154 424 650 420" 
                    HPOS="152"
                    VPOS="371"
                    WIDTH="498"
                    HEIGHT="94">
            <Shape><Polygon POINTS="154 424 154 444 182 463 184 463 186 463 188 465 266 465 266 463 268 463 270 463 308 440 316 434 341 438 438 459 440 459 442 459 524 436 574 444 576 444 648 432 650 420 645 371 583 371 580 371 578 371 576 371 576 373 574 373 562 385 534 375 522 371 520 371 518 371 515 371 505 375 495 381 491 377 485 371 483 371 481 371 479 371 412 373 410 373 408 373 400 381 390 387 377 381 359 373 357 373 355 373 353 373 333 383 322 389 266 389 257 385 209 373 207 373 205 373 203 373 152 389 154 424"/></Shape>
            <String CONTENT=""
                    HPOS="152"
                    VPOS="371"
                    WIDTH="498"
                    HEIGHT="94"
                    ></String>
          </TextLine>
          <TextLine ID="eSc_line_3dc254b6"
                    TAGREFS="LT8"
                    BASELINE="150 515 727 499" 
                    HPOS="148"
                    VPOS="457"
                    WIDTH="579"
                    HEIGHT="91">
            <Shape><Polygon POINTS="150 515 150 532 239 532 288 548 290 548 292 548 353 546 355 546 357 546 357 544 373 528 379 521 414 526 473 534 475 534 477 534 499 524 511 519 524 524 542 530 544 530 546 530 727 517 727 499 721 459 560 467 548 465 520 457 518 457 515 457 453 469 432 471 420 469 369 461 367 461 365 461 363 461 363 463 361 463 355 473 353 473 345 473 278 465 276 465 274 465 272 465 260 475 260 477 148 479 150 515"/></Shape>
            <String CONTENT=""
                    HPOS="148"
                    VPOS="457"
                    WIDTH="579"
                    HEIGHT="91"
                    ></String>
          </TextLine>
          <TextLine ID="eSc_line_2ed8368f"
                    TAGREFS="LT8"
                    BASELINE="148 586 717 570" 
                    HPOS="146"
                    VPOS="528"
                    WIDTH="571"
                    HEIGHT="85">
            <Shape><Polygon POINTS="148 586 148 613 247 613 247 611 249 611 251 611 255 607 264 601 325 605 404 609 406 609 408 609 410 609 422 601 434 593 461 599 499 607 501 607 503 607 505 607 520 597 526 593 556 595 621 599 623 599 717 586 717 570 713 542 643 532 641 532 591 542 576 530 576 528 574 528 572 528 570 528 499 542 430 532 428 532 426 532 424 532 406 548 404 550 286 550 284 550 245 538 243 538 241 538 146 552 148 586"/></Shape>
            <String CONTENT=""
                    HPOS="146"
                    VPOS="528"
                    WIDTH="571"
                    HEIGHT="85"
                    ></String>
          </TextLine>
          <TextLine ID="eSc_line_5d0d0cfc"
                    TAGREFS="LT8"
                    BASELINE="146 660 538 654" 
                    HPOS="144"
                    VPOS="615"
                    WIDTH="394"
                    HEIGHT="81">
            <Shape><Polygon POINTS="146 660 146 696 316 668 357 686 375 694 377 694 379 694 381 694 410 684 446 670 536 676 538 654 532 619 392 627 357 623 290 615 288 615 286 615 284 615 268 627 264 629 144 629 146 660"/></Shape>
            <String CONTENT=""
                    HPOS="144"
                    VPOS="615"
                    WIDTH="394"
                    HEIGHT="81"
                    ></String>
          </TextLine>
          <TextLine ID="eSc_line_92c8d8f8"
                    TAGREFS="LT8"
                    BASELINE="148 788 747 777" 
                    HPOS="146"
                    VPOS="731"
                    WIDTH="601"
                    HEIGHT="91">
            <Shape><Polygon POINTS="148 788 148 810 178 816 180 816 182 816 184 816 195 810 205 804 221 808 245 816 247 816 249 816 292 806 322 800 351 804 402 814 404 814 406 814 438 802 448 798 455 802 483 822 485 822 487 822 489 822 597 820 599 820 639 802 658 810 660 810 662 810 664 810 666 810 666 808 682 794 745 792 747 777 737 731 721 743 668 735 666 735 664 735 625 753 578 753 548 737 536 731 534 731 532 731 497 733 495 733 493 733 487 739 467 753 400 741 363 735 290 735 288 735 286 735 284 735 274 745 255 757 146 749 148 788"/></Shape>
            <String CONTENT=""
                    HPOS="146"
                    VPOS="731"
                    WIDTH="601"
                    HEIGHT="91"
                    ></String>
          </TextLine>
          <TextLine ID="eSc_line_fb68d5e8"
                    TAGREFS="LT8"
                    BASELINE="148 958 761 944" 
                    HPOS="146"
                    VPOS="899"
                    WIDTH="615"
                    HEIGHT="92">
            <Shape><Polygon POINTS="146 944 148 958 152 991 172 972 233 970 316 981 318 981 390 964 489 974 583 983 585 983 587 983 617 968 633 960 674 964 717 970 719 970 761 960 761 944 755 901 666 909 635 905 591 899 589 899 538 909 499 920 414 920 408 916 388 905 385 905 383 905 381 905 379 905 365 918 361 920 343 918 245 907 243 907 241 907 239 907 213 924 211 926 148 926 146 944"/></Shape>
            <String CONTENT=""
                    HPOS="146"
                    VPOS="899"
                    WIDTH="615"
                    HEIGHT="92"
                    ></String>
          </TextLine>
          <TextLine ID="eSc_line_3460a701"
                    TAGREFS="LT8"
                    BASELINE="148 1043 715 1037" 
                    HPOS="146"
                    VPOS="991"
                    WIDTH="569"
                    HEIGHT="81">
            <Shape><Polygon POINTS="148 1043 148 1070 227 1062 294 1066 396 1072 398 1072 400 1072 402 1072 402 1070 412 1062 420 1056 440 1060 487 1070 489 1070 491 1070 518 1058 526 1054 552 1056 635 1066 637 1066 715 1050 715 1037 710 997 587 991 585 991 583 991 580 991 580 993 570 1001 560 1011 491 1011 469 1005 438 993 436 993 434 993 432 993 404 1007 392 1013 241 1013 239 1011 221 997 221 995 219 995 217 995 178 995 176 995 174 995 172 995 146 1009 148 1043"/></Shape>
            <String CONTENT=""
                    HPOS="146"
                    VPOS="991"
                    WIDTH="569"
                    HEIGHT="81"
                    ></String>
          </TextLine>
          <TextLine ID="eSc_line_b65b1f1b"
                    TAGREFS="LT8"
                    BASELINE="148 1139 757 1127" 
                    HPOS="146"
                    VPOS="1086"
                    WIDTH="611"
                    HEIGHT="77">
            <Shape><Polygon POINTS="148 1139 148 1163 264 1153 316 1159 357 1163 359 1163 361 1163 363 1163 371 1157 379 1149 396 1155 416 1163 418 1163 420 1163 552 1161 757 1139 757 1127 751 1086 680 1102 595 1092 593 1092 530 1106 493 1092 491 1092 489 1092 487 1092 457 1108 343 1111 314 1096 312 1096 310 1096 195 1113 146 1098 148 1139"/></Shape>
            <String CONTENT=""
                    HPOS="146"
                    VPOS="1086"
                    WIDTH="611"
                    HEIGHT="77"
                    ></String>
          </TextLine>
          <TextLine ID="eSc_line_4bc78f3a"
                    TAGREFS="LT8"
                    BASELINE="152 1226 749 1210" 
                    HPOS="150"
                    VPOS="1165"
                    WIDTH="599"
                    HEIGHT="86">
            <Shape><Polygon POINTS="152 1226 154 1251 195 1241 278 1247 294 1247 296 1247 747 1226 749 1210 743 1178 617 1180 601 1167 601 1165 599 1165 597 1165 550 1165 548 1165 428 1180 373 1169 371 1169 369 1169 312 1188 290 1190 274 1190 272 1190 257 1178 255 1178 253 1178 251 1178 249 1178 223 1190 219 1194 150 1194 152 1226"/></Shape>
            <String CONTENT=""
                    HPOS="150"
                    VPOS="1165"
                    WIDTH="599"
                    HEIGHT="86"
                    ></String>
          </TextLine>
          <TextLine ID="eSc_line_38d584eb"
                    TAGREFS="LT8"
                    BASELINE="170 1271 266 1271" 
                    HPOS="170"
                    VPOS="1234"
                    WIDTH="96"
                    HEIGHT="63">
            <Shape><Polygon POINTS="170 1271 170 1297 266 1289 266 1271 264 1234 170 1234 170 1271"/></Shape>
            <String CONTENT=""
                    HPOS="170"
                    VPOS="1234"
                    WIDTH="96"
                    HEIGHT="63"
                    ></String>
          </TextLine>
          <TextLine ID="eSc_line_bcab6c88"
                    TAGREFS="LT8"
                    BASELINE="152 1314 761 1310" 
                    HPOS="150"
                    VPOS="1261"
                    WIDTH="611"
                    HEIGHT="97">
            <Shape><Polygon POINTS="251 1273 231 1273 211 1273 192 1273 150 1279 152 1314 156 1356 195 1334 239 1334 260 1352 260 1354 262 1354 264 1354 302 1356 304 1356 306 1356 308 1356 310 1354 347 1334 410 1334 438 1352 444 1358 446 1358 448 1358 450 1358 453 1358 463 1352 503 1332 524 1332 544 1352 548 1354 548 1356 550 1356 552 1356 554 1356 556 1356 568 1352 611 1332 648 1350 660 1356 662 1356 664 1356 761 1348 761 1310 755 1261 471 1275 444 1271 396 1261 394 1261 392 1261 390 1261 371 1273 363 1277 325 1275 251 1267 251 1273"/></Shape>
            <String CONTENT=""
                    HPOS="150"
                    VPOS="1261"
                    WIDTH="611"
                    HEIGHT="97"
                    ></String>
          </TextLine>
          <TextLine ID="eSc_line_c76b33a5"
                    TAGREFS="LT8"
                    BASELINE="148 1411 753 1399" 
                    HPOS="146"
                    VPOS="1352"
                    WIDTH="607"
                    HEIGHT="90">
            <Shape><Polygon POINTS="148 1411 148 1442 231 1427 292 1435 325 1440 327 1440 371 1431 424 1423 520 1425 635 1427 637 1427 639 1427 641 1427 654 1419 656 1417 658 1419 684 1431 686 1431 688 1431 690 1431 692 1431 710 1415 713 1415 753 1415 753 1399 747 1352 643 1371 609 1360 607 1360 605 1360 503 1373 469 1364 450 1358 448 1358 446 1358 444 1358 442 1358 442 1360 440 1360 436 1364 432 1371 400 1366 347 1360 345 1360 343 1360 341 1360 327 1371 314 1377 294 1371 272 1364 270 1364 268 1364 266 1364 239 1373 223 1379 146 1379 148 1411"/></Shape>
            <String CONTENT=""
                    HPOS="146"
                    VPOS="1352"
                    WIDTH="607"
                    HEIGHT="90"
                    ></String>
          </TextLine>
          <TextLine ID="eSc_line_9bdeef3d"
                    TAGREFS="LT8"
                    BASELINE="148 1511 771 1500" 
                    HPOS="146"
                    VPOS="1460"
                    WIDTH="625"
                    HEIGHT="87">
            <Shape><Polygon POINTS="148 1511 152 1547 192 1523 320 1539 392 1547 394 1547 396 1547 398 1547 398 1545 410 1535 426 1519 487 1529 489 1529 536 1519 548 1527 568 1543 570 1543 572 1543 574 1545 629 1545 629 1543 631 1543 680 1521 682 1521 684 1521 747 1531 749 1531 751 1531 753 1531 771 1517 771 1500 767 1462 146 1460 148 1511"/></Shape>
            <String CONTENT=""
                    HPOS="146"
                    VPOS="1460"
                    WIDTH="625"
                    HEIGHT="87"
                    ></String>
          </TextLine>
          <TextLine ID="eSc_line_6f5d959f"
                    TAGREFS="LT8"
                    BASELINE="148 1604 753 1596" 
                    HPOS="146"
                    VPOS="1555"
                    WIDTH="607"
                    HEIGHT="90">
            <Shape><Polygon POINTS="148 1604 148 1626 174 1622 180 1626 205 1645 207 1645 209 1645 211 1645 213 1645 215 1645 233 1633 290 1637 292 1637 294 1637 296 1637 296 1635 308 1624 316 1618 343 1624 388 1635 390 1635 392 1635 424 1624 455 1614 495 1618 499 1622 522 1643 524 1643 526 1643 528 1645 601 1645 601 1643 603 1643 648 1624 692 1628 694 1628 696 1628 698 1628 710 1620 721 1612 751 1618 753 1596 747 1555 146 1570 148 1604"/></Shape>
            <String CONTENT=""
                    HPOS="146"
                    VPOS="1555"
                    WIDTH="607"
                    HEIGHT="90"
                    ></String>
          </TextLine>
          <TextLine ID="eSc_line_94f85d4f"
                    TAGREFS="LT8"
                    BASELINE="146 1700 763 1695" 
                    HPOS="144"
                    VPOS="1649"
                    WIDTH="619"
                    HEIGHT="81">
            <Shape><Polygon POINTS="146 1700 146 1720 396 1720 450 1730 453 1730 455 1730 499 1718 507 1716 522 1716 627 1728 629 1728 763 1712 763 1695 757 1649 540 1663 509 1657 471 1649 469 1649 390 1661 365 1665 353 1663 308 1651 306 1651 304 1651 197 1661 162 1651 160 1651 158 1651 156 1651 154 1651 154 1653 144 1663 146 1700"/></Shape>
            <String CONTENT=""
                    HPOS="144"
                    VPOS="1649"
                    WIDTH="619"
                    HEIGHT="81"
                    ></String>
          </TextLine>
          <TextLine ID="eSc_line_a6e51010"
                    TAGREFS="LT8"
                    BASELINE="166 1789 725 1789" 
                    HPOS="166"
                    VPOS="1740"
                    WIDTH="559"
                    HEIGHT="83">
            <Shape><Polygon POINTS="166 1789 166 1811 298 1805 314 1811 343 1823 345 1823 347 1823 444 1813 540 1823 542 1823 544 1823 580 1811 597 1805 613 1811 631 1817 633 1817 635 1817 725 1809 725 1789 725 1754 465 1740 463 1740 461 1740 426 1756 424 1758 312 1758 310 1756 257 1740 255 1740 253 1740 166 1756 166 1789"/></Shape>
            <String CONTENT=""
                    HPOS="166"
                    VPOS="1740"
                    WIDTH="559"
                    HEIGHT="83"
                    ></String>
          </TextLine>
          <TextLine ID="eSc_line_deb74ecb"
                    TAGREFS="LT8"
                    BASELINE="162 1888 729 1886" 
                    HPOS="160"
                    VPOS="1838"
                    WIDTH="569"
                    HEIGHT="81">
            <Shape><Polygon POINTS="162 1888 162 1903 203 1903 205 1903 223 1917 225 1917 227 1917 229 1917 231 1917 270 1903 274 1903 278 1903 331 1917 333 1917 335 1919 410 1919 410 1917 412 1917 450 1903 455 1903 698 1917 700 1917 702 1917 704 1917 729 1901 729 1886 721 1842 678 1854 507 1854 495 1842 489 1838 487 1838 485 1838 298 1838 296 1838 294 1838 276 1844 245 1854 160 1846 162 1888"/></Shape>
            <String CONTENT=""
                    HPOS="160"
                    VPOS="1838"
                    WIDTH="569"
                    HEIGHT="81"
                    ></String>
          </TextLine>
          <TextLine ID="eSc_line_90d5bb34"
                    TAGREFS="LT8"
                    BASELINE="152 1986 757 1986" 
                    HPOS="152"
                    VPOS="1939"
                    WIDTH="605"
                    HEIGHT="88">
            <Shape><Polygon POINTS="152 1986 152 2010 209 2006 229 2010 282 2025 284 2025 286 2025 288 2025 290 2025 290 2022 300 2012 320 2020 322 2020 325 2020 327 2020 355 2010 365 2006 369 2010 390 2025 392 2025 394 2025 396 2027 513 2027 513 2025 515 2025 548 2008 552 2006 558 2008 576 2018 578 2018 580 2018 583 2018 585 2018 599 2008 601 2008 757 2008 757 1986 757 1949 660 1941 658 1941 656 1941 654 1941 654 1943 648 1947 637 1960 453 1960 408 1945 388 1939 385 1939 383 1939 381 1939 371 1945 345 1960 292 1960 276 1943 272 1941 272 1939 270 1939 268 1939 266 1939 152 1941 152 1986"/></Shape>
            <String CONTENT=""
                    HPOS="152"
                    VPOS="1939"
                    WIDTH="605"
                    HEIGHT="88"
                    ></String>
          </TextLine>
          <TextLine ID="eSc_line_3de1614c"
                    TAGREFS="LT8"
                    BASELINE="152 2077 763 2087" 
                    HPOS="150"
                    VPOS="2035"
                    WIDTH="613"
                    HEIGHT="89">
            <Shape><Polygon POINTS="152 2077 150 2100 176 2110 178 2110 180 2110 182 2110 221 2100 235 2096 243 2100 280 2120 282 2120 284 2122 371 2122 371 2120 373 2120 375 2120 394 2104 444 2122 446 2122 448 2124 520 2124 520 2122 522 2122 524 2122 546 2106 552 2102 637 2102 650 2108 672 2118 674 2118 676 2118 678 2118 680 2118 692 2108 759 2108 763 2087 755 2045 739 2055 721 2045 715 2043 713 2043 710 2043 708 2043 702 2045 678 2053 587 2045 540 2041 538 2041 536 2041 528 2045 518 2051 509 2045 503 2039 501 2039 499 2039 436 2039 434 2039 432 2039 430 2039 424 2045 414 2051 357 2045 274 2035 272 2035 270 2035 243 2045 233 2047 152 2045 152 2077"/></Shape>
            <String CONTENT=""
                    HPOS="150"
                    VPOS="2035"
                    WIDTH="613"
                    HEIGHT="89"
                    ></String>
          </TextLine>
          <TextLine ID="eSc_line_76ea8067"
                    TAGREFS="LT8"
                    BASELINE="150 2173 761 2179" 
                    HPOS="148"
                    VPOS="2124"
                    WIDTH="613"
                    HEIGHT="85">
            <Shape><Polygon POINTS="150 2173 148 2199 290 2207 292 2207 314 2203 351 2195 379 2203 396 2209 398 2209 400 2209 402 2209 404 2209 410 2205 422 2197 465 2205 489 2209 491 2209 509 2205 556 2197 757 2209 761 2179 757 2130 672 2146 617 2146 593 2130 591 2130 589 2130 587 2130 585 2130 556 2140 544 2130 544 2128 542 2128 540 2128 538 2128 536 2128 479 2142 420 2130 418 2130 416 2130 369 2142 150 2124 150 2173"/></Shape>
            <String CONTENT=""
                    HPOS="148"
                    VPOS="2124"
                    WIDTH="613"
                    HEIGHT="85"
                    ></String>
          </TextLine>
          <TextLine ID="eSc_line_3925b9fa"
                    TAGREFS="LT8"
                    BASELINE="148 2270 432 2270" 
                    HPOS="148"
                    VPOS="2222"
                    WIDTH="284"
                    HEIGHT="75">
            <Shape><Polygon POINTS="148 2270 152 2297 168 2285 221 2293 245 2297 247 2297 432 2282 432 2270 432 2232 148 2222 148 2270"/></Shape>
            <String CONTENT=""
                    HPOS="148"
                    VPOS="2222"
                    WIDTH="284"
                    HEIGHT="75"
                    ></String>
          </TextLine>
          <TextLine ID="eSc_line_4ecb0160"
                    TAGREFS="LT8"
                    BASELINE="158 2384 674 2396" 
                    HPOS="156"
                    VPOS="2325"
                    WIDTH="518"
                    HEIGHT="104">
            <Shape><Polygon POINTS="158 2384 156 2402 503 2429 505 2429 507 2429 509 2429 509 2427 522 2417 627 2427 629 2427 631 2427 672 2412 674 2396 672 2354 607 2337 605 2337 603 2337 566 2349 507 2329 505 2329 503 2329 453 2339 408 2329 406 2329 404 2329 402 2329 400 2329 400 2331 390 2339 322 2325 320 2325 318 2325 282 2343 158 2341 158 2384"/></Shape>
            <String CONTENT=""
                    HPOS="156"
                    VPOS="2325"
                    WIDTH="518"
                    HEIGHT="104"
                    ></String>
          </TextLine>
          <TextLine ID="eSc_line_272b06ad"
                    TAGREFS="LT8"
                    BASELINE="148 2482 776 2492" 
                    HPOS="146"
                    VPOS="2425"
                    WIDTH="630"
                    HEIGHT="107">
            <Shape><Polygon POINTS="765 2433 741 2453 688 2453 672 2439 670 2439 668 2439 666 2439 595 2449 574 2433 572 2433 570 2433 568 2433 566 2433 526 2449 497 2431 493 2429 491 2429 489 2429 487 2429 457 2431 345 2445 322 2435 320 2435 318 2435 257 2443 243 2431 239 2427 239 2425 237 2425 235 2425 233 2425 148 2429 148 2482 146 2496 227 2498 237 2508 237 2510 239 2510 241 2510 243 2510 318 2502 353 2526 355 2526 357 2526 398 2528 400 2528 444 2526 446 2526 448 2526 479 2508 522 2530 524 2530 526 2532 578 2532 578 2530 580 2530 583 2530 611 2506 635 2506 658 2524 658 2526 660 2526 662 2526 664 2526 773 2506 776 2492 767 2433 765 2433"/></Shape>
            <String CONTENT=""
                    HPOS="146"
                    VPOS="2425"
                    WIDTH="630"
                    HEIGHT="107"
                    ></String>
          </TextLine>
          <TextLine ID="eSc_line_f6368d70"
                    TAGREFS="LT8"
                    BASELINE="150 2575 771 2585" 
                    HPOS="148"
                    VPOS="2532"
                    WIDTH="623"
                    HEIGHT="80">
            <Shape><Polygon POINTS="148 2595 767 2612 771 2585 769 2542 524 2551 400 2536 392 2536 390 2536 375 2536 170 2544 154 2532 150 2575 148 2595"/></Shape>
            <String CONTENT=""
                    HPOS="148"
                    VPOS="2532"
                    WIDTH="623"
                    HEIGHT="80"
                    ></String>
          </TextLine>
          <TextLine ID="eSc_line_a5b2d748"
                    TAGREFS="LT8"
                    BASELINE="148 2735 778 2750" 
                    HPOS="146"
                    VPOS="2683"
                    WIDTH="632"
                    HEIGHT="99">
            <Shape><Polygon POINTS="148 2707 148 2735 146 2750 237 2772 239 2772 351 2760 377 2758 392 2762 410 2768 412 2768 414 2768 455 2764 505 2760 546 2768 597 2780 599 2782 643 2782 643 2780 645 2780 648 2780 656 2774 666 2766 773 2778 778 2750 776 2695 599 2711 436 2709 416 2689 416 2687 414 2687 412 2687 375 2687 373 2687 371 2687 369 2687 351 2701 335 2687 333 2687 333 2685 331 2685 329 2685 235 2683 233 2683 231 2683 229 2683 227 2685 209 2697 150 2685 148 2707"/></Shape>
            <String CONTENT=""
                    HPOS="146"
                    VPOS="2683"
                    WIDTH="632"
                    HEIGHT="99"
                    ></String>
          </TextLine>
          <TextLine ID="eSc_line_7fb0c7a1"
                    TAGREFS="LT8"
                    BASELINE="150 2831 767 2847" 
                    HPOS="148"
                    VPOS="2784"
                    WIDTH="619"
                    HEIGHT="96">
            <Shape><Polygon POINTS="150 2831 148 2861 221 2847 262 2847 290 2867 292 2867 294 2867 296 2867 298 2867 357 2851 412 2867 414 2867 416 2867 418 2867 467 2855 528 2874 530 2874 532 2874 534 2874 576 2861 763 2880 767 2847 765 2815 692 2796 690 2796 633 2809 613 2813 489 2811 483 2804 471 2794 471 2792 469 2792 467 2792 465 2792 463 2792 432 2802 416 2806 392 2800 345 2788 343 2788 341 2788 339 2788 304 2796 298 2798 296 2796 284 2786 282 2786 280 2786 219 2784 217 2784 215 2784 213 2784 201 2792 188 2800 150 2792 150 2831"/></Shape>
            <String CONTENT=""
                    HPOS="148"
                    VPOS="2784"
                    WIDTH="619"
                    HEIGHT="96"
                    ></String>
          </TextLine>
          <TextLine ID="eSc_line_e5e2ecb3"
                    TAGREFS="LT8"
                    BASELINE="172 2922 767 2932" 
                    HPOS="170"
                    VPOS="2874"
                    WIDTH="597"
                    HEIGHT="91">
            <Shape><Polygon POINTS="172 2922 170 2936 201 2949 203 2949 205 2949 310 2943 329 2957 331 2957 333 2957 335 2957 337 2957 365 2943 392 2955 394 2955 396 2955 459 2943 526 2963 528 2963 694 2965 696 2965 698 2965 765 2945 767 2932 765 2888 650 2896 615 2888 589 2880 587 2880 585 2880 583 2880 580 2880 572 2888 564 2894 550 2888 530 2878 528 2878 463 2878 461 2878 459 2878 457 2878 446 2888 438 2892 322 2892 314 2888 288 2874 286 2874 284 2874 282 2874 280 2874 266 2886 213 2876 211 2876 209 2876 172 2886 172 2922"/></Shape>
            <String CONTENT=""
                    HPOS="170"
                    VPOS="2874"
                    WIDTH="597"
                    HEIGHT="91"
                    ></String>
          </TextLine>
          <TextLine ID="eSc_line_068aada0"
                    TAGREFS="LT8"
                    BASELINE="150 3016 755 3022" 
                    HPOS="148"
                    VPOS="2965"
                    WIDTH="607"
                    HEIGHT="87">
            <Shape><Polygon POINTS="150 3016 148 3034 302 3044 304 3044 306 3044 308 3044 318 3036 320 3034 327 3036 361 3050 363 3050 365 3050 499 3038 522 3036 530 3038 583 3052 585 3052 587 3052 753 3038 755 3022 751 2977 564 2985 552 2975 550 2975 548 2975 546 2975 544 2975 511 2983 499 2973 495 2969 493 2969 491 2969 489 2969 442 2971 345 2979 335 2971 331 2967 331 2965 329 2965 327 2965 325 2965 150 2967 150 3016"/></Shape>
            <String CONTENT=""
                    HPOS="148"
                    VPOS="2965"
                    WIDTH="607"
                    HEIGHT="87"
                    ></String>
          </TextLine>
          <TextLine ID="eSc_line_4ac9f242"
                    TAGREFS="LT8"
                    BASELINE="150 3113 767 3123" 
                    HPOS="148"
                    VPOS="3064"
                    WIDTH="619"
                    HEIGHT="102">
            <Shape><Polygon POINTS="150 3113 148 3140 166 3154 168 3154 170 3154 172 3154 174 3154 176 3154 201 3136 203 3136 320 3136 327 3142 343 3156 343 3158 345 3158 347 3158 426 3160 428 3160 430 3160 455 3150 459 3148 467 3150 520 3162 522 3162 524 3162 526 3162 536 3154 544 3148 556 3154 564 3158 566 3158 568 3158 583 3156 643 3142 676 3144 694 3162 696 3162 696 3164 698 3164 700 3164 702 3166 765 3166 767 3123 767 3083 666 3073 664 3073 662 3073 660 3073 660 3075 654 3081 643 3089 524 3089 457 3077 392 3066 390 3066 347 3075 308 3083 294 3075 280 3064 278 3064 276 3064 274 3064 150 3071 150 3113"/></Shape>
            <String CONTENT=""
                    HPOS="148"
                    VPOS="3064"
                    WIDTH="619"
                    HEIGHT="102"
                    ></String>
          </TextLine>
          <TextLine ID="eSc_line_4260ab7a"
                    TAGREFS="LT8"
                    BASELINE="182 3225 461 3223 747 3235" 
                    HPOS="176"
                    VPOS="3174"
                    WIDTH="571"
                    HEIGHT="282">
            <Shape><Polygon POINTS="182 3225 176 3454 739 3456 747 3235 747 3196 688 3182 686 3182 635 3194 623 3194 552 3194 550 3192 530 3178 528 3178 526 3178 524 3178 428 3186 414 3176 412 3176 410 3176 408 3176 331 3188 327 3188 325 3188 308 3174 306 3174 304 3174 302 3174 182 3184 182 3225"/></Shape>
            <String CONTENT=""
                    HPOS="176"
                    VPOS="3174"
                    WIDTH="571"
                    HEIGHT="282"
                    ></String>
          </TextLine>
        </TextBlock>
      </PrintSpace>
    </Page>
  </Layout>
</alto>
