3232 3632
920 330 1516 91 après ma mort participer au mérite du pressieux Sang

918 415 1516 89 de notre Seigneur Jesus Christ qui a bien voulu versser

920 500 1524 89 pour nous Sur l'arbre De la croix et pres jouir après ma

922 585 1466 94 mort de repos éternel, Implorant a cet effait la

920 669 1516 107 misericorde infinie, Je Veux quapres ma mort sÿ

916 760 1522 97 ce trouve que jaÿe fait quelque tort à quelqun soit

920 861 1520 91 reparer par mon exacuteur Testamentaire aussitot

924 940 1488 105 quil sy sera commit luy laissant le joindre mes

922 1037 1518 107 funeralles que je le prie Pourtant de faire avec moin

922 1123 1522 115 de ponpe qui ce poura le priant de faire dire dabord

924 1220 1522 105 a pres mon deces une messe de Requiët pour le

926 1309 1514 111 repot de mon ame et s'y je vien a deceder dans

922 1416 1518 95 la Paroisse de Saint Pierre je demande estre enterré

926 1511 1504 101 au cemitier et venant ainssy a deceder dans

924 1612 1518 99 ladite paroisse audit cas je legue a la ditte paroisse

920 1705 1506 98 mille livres pour au faire un fond pour être dit

930 1805 1504 93 tous les lundit de premier mois de l'année une

920 1906 1492 95 Messe a perpetuitté pour le repot de mon ame

924 1995 1508 95 sur laquelle Somme sera prit la depence de mon

932 2094 1502 97 enterrement priant mon executeur testamentaire

932 2195 606 83 de l'ordonner ainsÿ

1005 2280 1433 107 Je legue aux pauvres de la ditte parroisse de Saint

934 2376 1474 89 Pierre cent cinquante livres pour estre distribuées

938 2465 1458 101 aux pauvres de la dite paroisse par le reverand

928 2564 1484 99 père cure qui deservira lors la ditte paroisse, et

918 2663 1181 91 lors quil a trouvera des fonds pour cela.

964 2754 1460 101 Je legue a la Paroisse notre dame de Bon Port

940 2851 1458 88 du Mouillage de ce dit bourg Saint Pierre savoir

944 2939 1464 89 dix cent livres donné pour être distribuée par le

936 3026 1464 89 reverand pere curé qui se trouvera de servir la

942 3111 1492 111 ditte paroisse aux pauvres de laditte Parroisse et cette
