2161 2621
98 591 124 726 1ère et 9ere Piece cottée

198 729 114 339 Bezault

284 674 124 289 comiss^re

342 112 1666 99 au Nom Du pere, & du fils, & du Saint esprit ainsi

342 230 294 75 soit il.

348 262 1683 120 comme chretien catholique apostolique & Romain

349 365 1641 135 j'ai vecû, & compte mourir dans la Croiance, & –

343 493 942 92 Sentiment de ma Relligion.

345 535 1660 149 Je prie ceux entre les mains de qui mon Corps se –

369 637 1660 155 trouvera de luy donner charitablement la Sepulture

358 755 1529 144 avec le moins d'appareil que faire se poura.

364 849 1659 149 & avenant mon deces, Je veux, & entends que tous

349 958 1727 134 mes biens tant meubles qu'immeubles dont j'ay la

343 1061 1665 157 pleine, entierre, & libre disposition, m'étant trouvé

340 1183 1688 114 Dans la necessité de vendre mes anciens propres,

334 1269 1730 143 & tout ce que j'ay n'étant plus qu'aiquet, dans ma

356 1364 1703 159 personne, soient distribués, & partagés de la –

339 1489 1057 111 maniere, & façon qui suit.

345 1520 1730 180 Je donne & légue aux trois enfans de Monsieur

332 1636 1743 159 Le Breton des chapelles mon beau frere une Somme

339 1710 1676 180 de quarante mille Livres argent De S^t Domingue

343 1818 1635 169 laquelle sera distribuée entre eux par égale

349 1888 1689 210 portion, & par tete pour s'y succeder l'un à

342 2016 1680 165 Lautre en sorte qu'arrivant Le déces du dernier

320 2090 1683 193 sans enfans, la ditte Somme sera reversible

728 2224 703 124 marc estienne Robiou
