4161 2641
374 112 1600 93 à Monsieur francois brice Robiou Demareüil

371 199 1688 97 mon frere pour la moitié seulement, & l'autre moitié

363 299 1687 104 De la ditte Somme a ma Soeur tottes en jouissance, & à

369 387 1675 130 Ses enfans en proprieté, au desir, & suivant ce qui sera

372 487 1675 151 reglé cy après pour la part qu'elle doit prendre –

375 645 985 87 Dans ma future Succession.

380 708 1667 123 quant au Surplus de mes biens tant meubles –

374 806 1677 153 quimmeubles en quoiqu'ils puissent consister Je les –

377 922 1667 135 donne, & legue à monsieur francois brice Robiou –

372 1028 1657 131 De Mareüil mon frere, & aux enfans de Madame

387 1150 1556 119 cottes ma sœur que j'institue mes legataires –

384 1238 1594 132 universels De tout ce qui me Restera D'actif, mes

368 1346 1670 144 Debtes, & Legs payés, & prelevés Dans la proportion

374 1449 1647 126 Suivante, sçavoir mon dit frere pour la moitie,

372 1544 1690 125 & mes dits neveux du chef de Madame cottes ma –

383 1644 1657 137 sœur pour L'autre moitié: voulant, & entendant

387 1757 1544 126 que la part de mes biens qui écheera aux dits

380 1864 1670 129 enfans de ma sœur cottes leur toit, & demeure

377 1973 1605 119 Substituée pour En jouir chacun également, &

380 2083 1579 107 Divisément par tête, & s'y succeder jusqu'au

372 2177 1646 113 Deces de Madame cottes ma sœur, & leur mere –

378 2262 1675 136 en proprieté seulement Reservant à ma ditte sœur

623 2381 746 79 marc estienne Robiou

2321 83 1688 107 l'usufruit Sa vie durant; laquelle moitié de mon bien

2332 155 1711 144 J'entends, & veux être régie, & administrée par Monsieur

2272 246 1762 135 mirault l'ainé mon cousin que je nomme leur curateur à

2339 330 1698 138 cet effet ou tel autre qu'il luy plaira choisir, & nommer

2330 432 1673 125 luy même Lequel fera employ de tout Le mobilier qui

2332 525 1648 155 en fera partie, en négres pour les fermages être

2333 633 1698 157 Remis, ainsy que le Revenû Des immeubles à ma

2333 742 1701 163 ditte sœur tant qu'elle vivera, & à son deces être par

2330 849 1679 158 Le dit curateur Destinés, & emploiés à fournir aux

2336 946 1741 191 frais de l'éducation, & entretien de ses dits enfans jusqu'à

2326 1049 1741 187 Leur majorité, ou qu'ils soient pourvûs par mariage

2335 1179 1699 198 & pour exécuter mon présent testament Je nomme

2335 1269 1688 193 La personne de Monsieur mirault l'ainé mon cousin

2336 1360 1638 204 que Je prie de vouloir bien prendre cette peine; fait

2332 1473 1733 195 a tête Reposée à paris, & signé De ma propre main

2336 1587 1694 185 après l'avoir lû, & Relû, & déclare D'abondant que

2338 1704 1580 171 tel est mon intention, & ordonance De dernière–

2336 1785 1659 200 volonté que j'entend être exécuté en tout Son

2351 1901 1688 186 contenû, & Revoque Expréssement par ces présentes

2342 2008 1644 204 tous autres testamens & codiciles que Je pourois

2329 2124 1588 170 avoir faits avant le présent mon testament.

2788 2260 807 122 Marc estienne Robiou
