3536 2286
102 102 1639 101 d'un établissement au surplus, Monsieur je ne donnerés

121 196 1594 104 point de Conseils a M^lle de Maisonseule tout ce que je

125 295 1554 111 puis vous dire son étât d'un couvent L'âge de 25 ans

110 379 1617 131 qui s'approche tout cela la revolte, et je sçai

112 480 1646 135 le parti qu'elle poura prendre si elle fait ce mariage

106 601 1645 111 jespere qu'elle ne perdera pas vos bontés, et celles de

108 693 1591 116 M^r de bonneguise sans cela je serois au desespoir

95 769 1632 156 ayant vouluë faire le bien d'être la cause ⟦d'une⟧

78 906 1123 99 inocente d'une pareille Rupture.

1811 789 1624 100 Vous avez permis Madame la Marechale que je vous envoyas la lettre

1809 892 1634 104 que j'ecris à M^de de bonneguise. je la crois claire et je desire que

1806 996 1663 101 vous la trouviez bien. j'y ferai d'ailleurs les changemens que vous croirez

1790 1092 1681 110 necessaires. je ne puis mettre mes interets en meilleures mains madame

1797 1210 1598 105 et je vous redemande avec instance le même interet que vous

1785 1310 1648 118 avez eue la bonté d'y mettre jusqu'à present. je vous prie

1787 1445 1643 101 d'etre persuadée de la reconoissance de mon frere de la mienne et

1795 1555 1654 115 du respect avec lequel j'ai l'honneur d'etre madame la Marechale

1814 1689 1170 100 vottre tres humble et tres obeissante servante

2405 1860 687 122 Montullé M^ise de Turpin
