3982 2753
419 258 1450 87 aujourdhuy à M^r Druis pour que mon vin de champagne

396 334 1477 100 et mes autres effets embarqués sur les quatre fregattes, soient

397 416 1466 82 débarqués à morlaix, et de la on me les envoyra à Landerneau

390 489 1468 87 en charette, et je les envoirés prendre la par une chaloupe

390 561 1482 90 pour éviter les frais, car il n'y a que dieu qui sache quand

387 631 1428 98 ces frégattes pouront venir icy, il vaut mieux qu'il m'en

385 695 1242 101 coute quelque chose que de risquer de perdre le tout

387 772 1532 115 Les Dames d'icy se souvienent de vous et vous font des compliments,

397 865 1512 92 je vous prie, ma chere M. de dire bien des choses à la chere

396 929 1500 121 sœur, à mes parents et amis des deux sœurs. je desire fort que

394 1014 1443 122 la paix se fasse pour me réunir à vous et ne vous jamais

390 1096 1465 127 quitter, je vous embrasse et aime plus que moy méme. mes

390 1158 1501 158 compliments au Ch^r de Vienne, Adieu M. femme du G. L.

388 1240 597 84 et de n. n. et m. du C^h
