2125 2767
761 216 904 139 à Brest ce 17 may 1756

1394 285 571 119 72^e Piece cotté O.

412 441 1523 100 apres des plaintes portées à la cour le dernier ordinaire

405 524 1596 93 il s'est platré un espece de raccommodement avec M^r Le

394 585 1620 139 Duc D'aiguillon, M^r Duguay, M^r l'intendant, M^r de foligny,

401 682 1614 92 et quels ques autres marains en petit nombre dinerent chez –

401 742 1610 129 M^r de gonide, où le Duc les avoit fait prier, parce qu'ils

392 820 1586 142 falloit s'entendre pour la sureté de la cote, et qu'il disoit

396 908 1629 131 étre faché de ce qui s'etoit passé, en attendant il a fait faire

409 985 1556 126 tout ce qu'il desiroit avec une hauteur déplacée, pour moy

387 1051 1588 128 passé ma premiere civilités, j'ai l'aissé les choses la, et ne

396 1126 1610 123 l'ai point vû, n'ayant aucunne relation pour le service avec

392 1195 1626 142 lui, ainsi je ne lui donnerai point à diner, il mange aujourdhuy

402 1278 1589 123 chez M^r Duguay et demain chez l'intendant, apres quoy on

402 1354 1587 126 espere qu'il s'en ira, le corps est fort mécontent, et il m'a

405 1438 1620 114 paru qu'on étoit contant de la conduite que j'ai tenu, il me

404 1506 1608 128 semble qu'étant à terre pour ma convalescence et incommodé,

402 1591 1615 115 et m'engagent chez personne depuis deux mois, il pouvoit et

404 1654 1561 118 devoit me venir voir, l'ayant fait avertir de mon état;

407 1717 1619 133 je suis tres tranquil sur cela, et rien n'est plus libre que de

413 1793 1579 122 se voir où de ne se point voir, surtout quand la vanité –

407 1860 255 66 conduit.

413 1918 1582 103 j'ai eû une fluction causée par ma dant sur la qu'elle je

410 2004 1581 82 mange, elle est percée et je ne crois pas pouvoir La garder,

412 2053 1576 108 j'ai aussi fait arracher une autre grosse dant qui trembloit,

418 2133 1513 85 tout cela est facheux pour moy, mais je n'y puis aucun

412 2199 1620 85 remede, je me porte d'ailleurs au mieux, mais la force du mal

415 2258 1593 103 m'a obligé de garder la chambre; il fait beau aujourdhuy

413 2338 1590 89 et je compte me promener, je crois que dans quelque tems

416 2408 1612 93 on poura me faire sortir, lorsque je pourai avoir des fregattes

415 2484 1525 83 qui sont bloquées dans la riviere de Morlais, je dois écrire
