2118 2790
806 251 825 103 à Brest le 10 may 1756

1096 331 707 123 69^e Pièce cotté O.

410 525 1514 98 ma Santé, Ma Chere petitte, va toujours mieux, à

396 621 1625 104 L'appetit pres qui a de la peine à revenir, faute de beaux

404 717 1531 93 tems où je puisse me promener, mais je mange toujours

406 799 1632 93 assez pour me rétablir parfaitement, comme ma maladie a etée

404 872 1589 126 des plus violente, il n'est pas surprenant que je naye pas mes

400 964 1631 117 premieres forces; je suis heureux que cela m'est pris dans une

398 1035 1642 122 circonstance où je n'avois rien à faire, me voila en état d'allés

403 1116 1578 130 partout, et d'attendre patiemment qu'on augmente mon –

401 1191 1620 137 Escadre, si on veut que j'ôpere glorieusement, autrement il –

387 1280 1650 124 vaut mieux rester en Rade, elle cause au moins de l'inquietude

389 1354 1637 126 aux anglois et une grosse despence. Lorsque l'affaire du Port

389 1426 1349 133 mahon sera terminée, on jettera les veües sur moy.

393 1511 1588 136 je vous prie, chere M. de faire mes tendres amitiées à la

392 1588 1597 127 chere sœur, à mes nieces, et respects aux Dames et compliments

393 1669 1628 118 à nos amis, vous ne devés pas douter de ma constante amitié

392 1731 1639 130 et du dezir que j'ai de vous revoir, si je rehussi à quelque chose –

387 1808 1639 117 de glorieux, vous m'en aimerés d'avantage. Le Duc Daiguillon

404 1880 1588 121 dinera au premier jour chez moy à bord, il sera suivi d'un–

398 1946 1599 117 grand cortege, c'est une occasion de depence, et me faire le

396 2019 1630 106 faut, il vient des personnes de conditions de touttes parts pour

395 2089 1602 105 voir mon Vaisseau, ainsi je suis le plastron, la Rade est

395 2168 1633 87 un sejour ruineux, et je ne scai comment faire, tout cela me

395 2233 1628 98 procurera un mal aise si le ministre n'y entre point, je ne –

392 2295 1569 99 crois pas la guerre de durée par l'humiliation où vont etre

395 2369 1581 100 les anglois, pourvu que la paix nous soit glorieuse je serai

393 2445 1580 76 contant et encore plus si j'ai quelque action avant qu'ella se –

393 2494 1648 91 termine; bonjours, mon adorable, je vous aime et vous embrasse

398 2579 631 60 de toutte mon Ame.
