2464 3832
813 591 1465 160 les malades y manquent absolument de soins

815 764 1448 142 et sont très maltraités, ce qui ne s'accorde point

819 936 1297 143 avec le désir que nous avions de tenter

822 1079 1373 162 tous les moyens de détruire la folie du S.

817 1247 1374 160 Daillebout, qui s'irriteroit encore plus par

826 1441 1437 117 les mauvais traitements. Cette considération

826 1607 1403 132 qu'inspire l'humanité, nous détermine à

832 1747 1416 158 vous suplier, Monseigneur, de vouloir bien

828 1935 1405 147 désigner vous même un lieu convenable pour

819 2103 1374 145 y faire transferer cet officier et de donner

830 2258 1257 132 vos ordres pour que la pension soit au

822 2382 1460 172 Compte du Roi, sa famille etant absoluement

836 2582 901 142 hors d'état d'y pourvoir.

856 2752 1314 160 Nous joignons ici, Monseigneur, la

843 2895 1363 194 lettre écrite par ce jeune homme a M.
