2752 4104
296 207 1126 185 Bataillon de la Guyane

118 380 547 85 M. de Navir

359 461 270 212 27. j^er

130 776 403 239 N. 29

109 1060 388 132 Duplicata

1299 328 1024 164 Cayenne le 1^er 7^bre 1786

1032 875 641 144 Monseigneur,

1718 1193 318 209 M. Sund

599 1481 1758 146 J'ai l'honneur de vous prévenir que le S^r D'Ailleboust,

576 1595 1918 156 lieutenant au Bataillon de la Guyanne, languissant depuis

677 1691 1869 153 très longtems. étoit tombé dans un espèce d'imbécilité pour

668 1792 1869 152 laquelle on lui a fait ici quelques traitements, après lesquels

679 1903 1849 130 les médecins décidèrent qu'il devoit passer en france. le

677 2013 1837 150 deffaut d'occasion ne l'a pas permis ; mais il est tombé tout

672 2115 1760 142 d'un coup dans une aliénation d'Esprit très inquiétante,

672 2223 1817 157 puisque pour se guérir il croyait très fermement devoir

677 2323 1801 150 se casser la tête par deux coups de pistolets tirés à la

665 2437 1840 139 fois, l'un par devant et l'autre par derriere, et que ce ne

686 2535 1806 141 seroit qu'après cette opération qu'il se porteroit bien et

684 2635 1796 157 pourroit agir librement. Il a donc taché de s'administrer

679 2747 1772 141 ce remède. Il s'y ait heureusement mal pris et en a été

670 2854 1765 144 quitte pour s'être brulé les cheveux. C'est donc pour

693 2954 1808 128 éviter quelques malheurs et d'après les Certificats des medecins

677 3050 1826 153 que nous le faisons partir par le batiment la Marie Catherine,

681 3180 1765 141 Capitaine Rigal qui part ces jours ci pour Bordeaux,

681 3269 1811 123 avec une lettre de recommandation à M^r Prevot Ordonnateur

674 3367 1777 157 pour le faire passer à sa famille, si sa raison s'est un

677 3483 1817 158 peu remise; ou le faire garder à l'hopital en cas contraire
