2944 3856
681 190 1620 133 sera plus recû aux Réproches qu'il pourrait

696 287 1637 152 proposer contr'eux et que son procès lui vâ être

679 387 1607 163 fait prévotaleent pour être jugé par le

672 516 665 100 Conseil de Guerre

829 574 1497 147 a Répondu les Connaitre pour Gens

689 687 1605 109 d'honneur et de bien et N'avoir aucun reproches

679 775 1641 118 à leur faire; les témoins ont dir le connaitre pour

664 891 1122 113 Celuy contre qui ils ont déposé

932 976 1407 125 Lecture faire des dépositions les témoins

672 1086 1528 115 ont dit quelles contenaient Vérité, l'accusé en est

662 1169 1654 129 Convenû et on signé avec Nous & notre greffier.

572 1276 1769 140 signés pierre Adert, Monfay, Jean Jacques Venant,

492 1392 860 124 Casamajor, Cazac

994 1570 657 103 Conclusions

593 1668 1744 120 Vû par Nous Louis Gabriel Casamajor Capitaine

649 1769 1680 122 au Régiment du Cap fésant fontions d'aide Major

647 1876 1662 111 de cette place, le procès extraordinairement instruit au

659 1972 1584 112 nommé Pierre Adert soldat de la Compagnie de

649 2071 1673 107 Dupuy au Régiment du Cap accusé d'avoir déserté

659 2174 1637 107 de ladite cvompagnie le trois de ce mois, le procès

647 2277 1574 92 verbal de capture de l'officier de maréchaussée

653 2369 1588 98 du quatre, la plainte portée par M. le Ch^es

649 2467 1635 112 Dupuy Capitaine au Régiment du Cap à M.

640 2566 1579 92 de Lilancourt Brigadier des armées du Roy

647 2660 1645 103 Commandant la partie du nord, le six de

649 2759 1635 96 Cemois et par luy répondüe d'un soir fait

647 2866 1649 98 ainsi quil en est Requis, l'information et recolement

651 2960 1630 96 des témoins du sept, la confrontation dudit

640 3065 1571 96 accusé avec les témoins du même jour, ensemble

642 3146 1650 125 L'interrogatoire subi par l'accusé aussi du même jour,

655 3256 1528 105 qui dit n'avoir été arrêté qu'au bourg de la

666 3344 1618 119 Tannerie par un seul Cavalier et de la conduit
