2432 3696
180 182 434 80 Colonies

188 316 557 96 M de Vaure

453 412 249 200 4. j^er

914 176 1300 156 A Bordeaux Le 30. Décembre 1786.

1211 936 532 123 Monseigneur,

1530 1211 452 189 R le 2 fev

1441 1414 370 228 m. Sand

641 1838 1544 157 Le navire la Marie catherine capitaine

678 1943 1501 163 Rigal sur lequel le S. Daillebout

679 2028 1539 158 Lieutenant en second du Bataillon de la

694 2143 1444 150 guianne est repassé en france étant

690 2248 1518 144 entré en ce port, et n'ayant en cette ville

686 2355 1522 127 aucun etablissement ou endroit sur de

688 2453 1472 154 pouvoir faire garder cet officier dont

684 2550 1509 158 l'esprit est aliené, j'ai pris la Parti de

677 2661 1508 154 le faire conduire par un archer de la

681 2765 1525 154 marine à Rochefort à la disposition de

104 1525 610 119 M. Prevost de la croix

121 1921 452 78 rend compte de

110 1971 483 78 l'envoi a Rochefort

114 2020 524 114 du Ch^er daillebout.
