2912 3880
716 206 1648 149 pour huit ans Conformément à l'article 12

733 310 1094 140 de l'Ordonnance; signé Cournoyer;

918 409 1441 123 L'accusé étant convaincu du Crime de Désertion

696 517 1657 118 je le condamne à être attaché à la Chaine établie dans

675 612 1671 131 les ports de sa Majesté Confromément à l'article 12

711 717 1622 115 de l'ordonnance du 13 janvier 1776. Et d'après la

698 814 1610 130 depéche du Ministre du 30 9^bre de la même année

660 926 578 136 Signé Lelancour

1015 1064 868 160 De Par le Roy

672 1314 1655 115 Vû par le Conseil de Guerre assemblé au Cap français

707 1418 1626 105 par ordres de M. de Lilancour Brigadier des armées du

694 1513 1635 112 Roy Commandant la partie du Nord de Lisle de S^t

685 1623 1627 97 Domingue, le procès extraordinairement instruit au

683 1713 1607 114 nommé pierre Adert soldat de la Compagnie de

690 1823 1641 104 Dupuy au Régiment du Cap acusé du Crime de Désertion

685 1931 1659 103 le procés verbal et Capture de l'officier de Maréchaussée

683 2028 1616 108 Du quatre de ce mois, la plainte portée par M.

677 2116 1648 108 Le Ch. Dupuy Capitaine audit Régiment à M. de

677 2213 1637 125 Lilancour le dix, & par luy Répondüe d'un

672 2315 1636 116 soit fait ainsi qu'il est requis, l'information

683 2422 1620 104 du Sept, l'interogatoire subi par l'accusé,

679 2515 1622 99 le même jour, les recolements et Confrontation des

660 2608 1641 110 témoins aussi du même jour assemblé les conclusions

668 2705 1607 105 du Sieur Louis Gabriel Casamajor Capitaine

660 2802 1600 123 au Régiment du Cap Fésant fonctions d'aide major

664 2901 1613 116 de cette place, aussi du Sept de ce mois, ledit

660 3002 1624 108 Conseil de Guerre a déclaré & déclare le dit pierre adert

644 3097 1664 119 soldat de La Compagnie de Dupuy au Régiment du

644 3192 1648 112 Cap, atteint & Convaincu du Crime de Désertion et

690 3291 1635 134 pour réparation d'Iceluy l'a Condamné et Condamne

655 3379 1648 136 à être attaché pendant l'espace de huit années aux
