2784 3824
877 210 704 108 avoir dserté

875 429 414 89 à deserter

945 267 1547 177 Enquis s'il sait le sujet qui a obligé ce soldat

945 571 1562 149 Interrogé s'il n'a rien à déposer pour ou

1051 488 723 140 à Répondû l'igroner

877 650 1651 165 Contre ce soldat accusé étant obligé en qualité de

877 779 993 130 Témoin de dire ce quil sait.

954 943 1572 153 Lecture à luy faite de sa déposition a dit

1066 860 1397 138 à Répondu N'avoir rien à dire de plus

881 1051 1575 145 quelle contient vérité & a signé avec nous et

879 1145 1662 178 notre greffier; signés Jean Jaqcques Venant,

898 1291 878 111 Casamajor, Cazac.

1017 1434 1112 140 Interrogatoire & Réponses

1236 1557 632 97 de l'accusé

835 1620 1725 173 Avons fait venir un homme de la taille d'environ

905 1733 1662 157 cinq pieds un pouce et demi, cheveux chatain claire

905 1822 1657 166 les yeux roux et après luy avoir fait preter serment

909 1935 1628 127 de dire la Verité, luy avons demandé son nom, surnom,

903 2028 1585 138 sa qualité, le nom de des pere & mere, le lieu de sa

911 2147 1078 121 naissance, son age & sa Religion

1056 2213 1513 149 a Repondû se nommer Pierre Adert soldat

922 2309 1662 153 de la Compagnie de Dupuy au Régiment du Cap, fils

920 2406 1642 147 de Laurent Adert et de Marguerite Biarde natif de

903 2517 1679 138 Nimes en Languedoc, agé de dix sept ans, de

926 2623 1435 132 religion Catholique apostolique & Romaine

1068 2700 1446 157 Interrogé pourquoi il est détenu en prison

1015 2810 1360 138 a Répondu que c'est pour avoir déserté

1109 2891 1479 153 Interrogé par qui il a été arreté, enquel endroit et

952 3052 308 113 pourquoy

1168 3078 1439 146 a répondu avoir été arreté à la Tannerie par un

943 3197 1551 129 Cavalier de maréchaussée, luy & deux soldats

949 3273 1654 189 déserteur du Régiment de Galinois, que ce Cavalier
