2848 4168
170 218 581 264 M D. L. C.

428 595 897 171 Monseingeur

1477 840 852 212 M. Le R. ⟦⟧ avril n^e

173 1183 2225 224 Je ne cecesais jamais dinploré votre cecour et vous

139 1278 2426 241 demandé de nouvaux de vouloir bien macordé votre

127 1368 2486 276 resouvenir pour mon fis et de satisfaire a la demande

127 1491 2292 317 que jay eu l'honneur de vous faire pour lui du

120 1625 2408 294 moment qui la laissé les filles dés aspiran garde

132 1801 2326 255 la marine il lia 13 moix m^r de la touche et m^r

121 1882 2410 295 de chérise ons la bonté de vous enquérire pour lui

122 2040 2169 275 de ce faict la an concécance monseigneur vous

114 2146 2323 292 monorate d'une réponce trés satisfaisante que

132 2283 2250 266 vous ôrié égard a nox demande et que vous

129 2371 2220 340 ferier a mon fis un sort pour lés collonnies

139 2445 2444 406 plustot possible et vous demande ci il léposible

135 2650 2184 302 dâitre déstiné pour Caiénne je conte plus

159 2815 2174 322 que jamais sur vox bontée monseigneur

155 2952 2067 294 et je me flatte que vous voudré bien

166 3191 779 198 nous les acordé

196 3156 2320 352 jay lhonneur daitre très respectueusemen

136 3605 688 148 monseigneur

1295 3392 1124 250 Votre très humble

1246 3535 1233 213 et tres obeissante servante

1434 3612 1013 236 veuve dailleboust
