2432 3720
717 603 1473 145 M. de la Grandville a qui je mande

719 715 1433 148 qu'il jugera sans doute convenable de

711 799 1516 172 le faire mettre à l'hospital en attendant

713 917 1429 172 que vous lui ayés fait passer vos

719 1008 1518 182 ordres au sujet de cet officier, qu'il vous

719 1126 1510 161 demandera de concert avec M. le C^te de

717 1231 1497 174 Vaudreuil que j'ai egalement informé

727 1355 1409 151 de ce que M le Ch^er Dalais

719 1444 1479 155 Commandant du Bataillon de la

717 1543 1501 180 Guianne m'a marqué à son sujet. Je

719 1663 1508 153 desire bien Monseigneur, que lorsque

719 1758 1495 153 M. de Fitz maurice vous aura rendu

719 1851 1522 149 compte de la vacance de l'emploi de cet

732 1942 1466 182 officier, vous puissiés le procurer au S.

345 2079 1150 175 Prevost de mesquen,

679 2374 1331 195 Je suis avec un Profond Respect,

580 2628 716 230 Monseigneur,

1348 2926 883 143 Votre très humble et très

1385 2996 807 124 obéissant serviteur ※

1418 3110 701 188 Prevost de la croix
