<?xml version="1.0" encoding="UTF-8"?>
<alto xmlns:xsi="http://www.w3.org/2001/XMLSchema-instance"
      xmlns="http://www.loc.gov/standards/alto/ns-v4#"
      xsi:schemaLocation="http://www.loc.gov/standards/alto/ns-v4# http://www.loc.gov/standards/alto/v4/alto-4-2.xsd">
  <Description>
    <MeasurementUnit>pixel</MeasurementUnit>
    <sourceImageInformation>
      <fileName>FRCAOM06_COLE_241002A_0135.jpg</fileName>
    </sourceImageInformation>
  </Description>
  <Tags>
    <OtherTag ID="QZ7" LABEL="CustomZone" DESCRIPTION="block type CustomZone"/><OtherTag ID="QZ8" LABEL="DamageZone" DESCRIPTION="block type DamageZone"/><OtherTag ID="QZ9" LABEL="DigitizationArtefactZone" DESCRIPTION="block type DigitizationArtefactZone"/><OtherTag ID="QZ10" LABEL="DropCapitalZone" DESCRIPTION="block type DropCapitalZone"/><OtherTag ID="QZ11" LABEL="GraphicZone" DESCRIPTION="block type GraphicZone"/><OtherTag ID="QZ12" LABEL="MainZone" DESCRIPTION="block type MainZone"/><OtherTag ID="QZ13" LABEL="MarginTextZone" DESCRIPTION="block type MarginTextZone"/><OtherTag ID="QZ14" LABEL="MusicZone" DESCRIPTION="block type MusicZone"/><OtherTag ID="QZ15" LABEL="NumberingZone" DESCRIPTION="block type NumberingZone"/><OtherTag ID="QZ17" LABEL="QuireMarksZone" DESCRIPTION="block type QuireMarksZone"/><OtherTag ID="QZ18" LABEL="RunningTitleZone" DESCRIPTION="block type RunningTitleZone"/><OtherTag ID="QZ19" LABEL="SealZone" DESCRIPTION="block type SealZone"/><OtherTag ID="QZ20" LABEL="StampZone" DESCRIPTION="block type StampZone"/><OtherTag ID="QZ21" LABEL="TableZone" DESCRIPTION="block type TableZone"/><OtherTag ID="QZ22" LABEL="TitlePageZone" DESCRIPTION="block type TitlePageZone"/>
    <OtherTag ID="LT7" LABEL="CustomLine" DESCRIPTION="line type CustomLine"/><OtherTag ID="LT8" LABEL="DefaultLine" DESCRIPTION="line type DefaultLine"/><OtherTag ID="LT9" LABEL="DropCapitalLine" DESCRIPTION="line type DropCapitalLine"/><OtherTag ID="LT10" LABEL="HeadingLine" DESCRIPTION="line type HeadingLine"/><OtherTag ID="LT11" LABEL="InterlinearLine" DESCRIPTION="line type InterlinearLine"/><OtherTag ID="LT12" LABEL="MusicLine" DESCRIPTION="line type MusicLine"/>
  </Tags>
  <Layout>
    <Page WIDTH="2784"
          HEIGHT="3448"
          PHYSICAL_IMG_NR="14"
          ID="eSc_dummypage_">
      <PrintSpace HPOS="0"
                  VPOS="0"
                  WIDTH="2784"
                  HEIGHT="3448">
        <TextBlock HPOS="560"
                   VPOS="245"
                   WIDTH="2083"
                   HEIGHT="2933"
                   ID="eSc_textblock_c07116ea"
                   TAGREFS="QZ12">
          <Shape><Polygon POINTS="560 245 560 3178 2643 3178 2643 1369 2643 245"/></Shape>
          <TextLine ID="eSc_line_08928c49"
                    TAGREFS="LT8"
                    BASELINE="1354 409 2130 383 2531 381" 
                    HPOS="1350"
                    VPOS="323"
                    WIDTH="1181"
                    HEIGHT="127">
            <Shape><Polygon POINTS="1354 409 1354 425 1412 450 1414 450 1415 450 1525 431 1578 440 1580 440 1582 440 1624 417 1626 417 1663 417 1678 417 1730 440 1732 440 1734 440 1735 440 1783 419 1845 431 1847 431 1848 431 1850 431 1850 429 1868 415 1981 427 1983 427 1985 427 2030 406 2032 406 2034 406 2075 413 2076 413 2124 404 2157 429 2159 429 2161 429 2163 429 2301 425 2370 413 2372 413 2373 413 2398 396 2464 406 2465 406 2529 390 2531 381 2525 337 2406 339 2404 339 2381 327 2379 327 2377 327 2375 327 2343 340 2341 342 2132 344 2119 333 2117 333 2115 333 2113 333 2111 333 2078 346 2075 348 2071 346 2032 323 2030 323 2029 323 2027 323 1979 325 1977 325 1975 325 1944 350 1894 327 1893 327 1891 327 1837 329 1835 329 1833 329 1833 331 1812 352 1766 335 1764 335 1689 333 1688 333 1686 333 1661 344 1584 337 1582 337 1580 337 1578 337 1551 360 1550 360 1540 360 1509 356 1492 340 1492 339 1490 339 1488 339 1486 339 1484 339 1438 362 1429 367 1410 367 1404 362 1385 346 1385 344 1383 344 1381 344 1379 344 1377 344 1375 344 1350 358 1354 409"/></Shape>
            <String CONTENT="Etat des créances que j&#x27;ai"
                    HPOS="1350"
                    VPOS="323"
                    WIDTH="1181"
                    HEIGHT="127"
                    ></String>
          </TextLine>
          <TextLine ID="eSc_line_e32f6d30"
                    TAGREFS="LT8"
                    BASELINE="1368 524 1634 517 1956 494 2494 484" 
                    HPOS="1366"
                    VPOS="427"
                    WIDTH="1128"
                    HEIGHT="122">
            <Shape><Polygon POINTS="1368 524 1368 549 1458 540 1550 542 1609 544 1611 544 1613 544 1626 538 1659 524 1678 536 1680 536 1682 536 1684 538 1747 538 1747 536 1749 536 1751 536 1757 530 1783 513 1852 521 1854 521 1856 521 1893 511 1912 521 1914 521 1916 521 1917 521 1919 521 1919 519 1933 505 1998 505 2021 517 2042 528 2044 528 2046 530 2088 530 2088 528 2090 528 2092 528 2092 526 2107 511 2115 505 2130 511 2155 519 2157 519 2159 519 2161 519 2163 519 2174 509 2182 501 2190 507 2195 511 2197 511 2199 511 2201 511 2289 501 2350 496 2358 498 2383 509 2385 509 2387 509 2389 509 2391 509 2408 496 2410 494 2492 490 2494 484 2490 438 2402 427 2400 427 2398 427 2370 442 2368 442 2310 431 2308 431 2306 431 2304 431 2304 432 2291 446 2287 450 2241 450 2237 448 2214 434 2213 434 2211 434 2209 434 2207 434 2184 450 2180 452 2178 450 2163 442 2161 442 2159 442 2113 453 2090 459 2050 459 2044 455 2019 440 2017 440 2015 440 2013 440 1927 442 1925 442 1923 442 1906 455 1852 444 1850 444 1848 444 1797 465 1787 469 1781 467 1739 450 1737 450 1735 450 1734 450 1695 469 1693 471 1680 471 1619 465 1617 465 1615 465 1613 465 1603 473 1601 476 1366 482 1368 524"/></Shape>
            <String CONTENT="recues pour le S. Agrés dit"
                    HPOS="1366"
                    VPOS="427"
                    WIDTH="1128"
                    HEIGHT="122"
                    ></String>
          </TextLine>
          <TextLine ID="eSc_line_510cc9c6"
                    TAGREFS="LT8"
                    BASELINE="1366 641 1898 620 2400 574 2584 570" 
                    HPOS="1362"
                    VPOS="522"
                    WIDTH="1222"
                    HEIGHT="159">
            <Shape><Polygon POINTS="1366 641 1368 678 1396 681 1398 681 1400 681 1402 681 1412 676 1421 668 1431 674 1444 680 1446 680 1448 680 1584 672 1586 672 1620 658 1657 645 1678 655 1682 657 1684 657 1686 657 1688 657 1697 653 1718 645 1732 651 1755 660 1757 660 1758 660 1760 660 1801 649 1925 651 1927 651 1929 651 1931 651 1954 634 1963 628 2017 628 2019 628 2021 628 2046 616 2099 624 2140 628 2142 628 2144 628 2172 618 2209 603 2584 586 2584 570 2578 530 2521 534 2515 534 2464 522 2462 522 2460 522 2425 540 2418 544 2412 540 2387 524 2385 524 2383 524 2349 524 2347 524 2345 524 2343 524 2310 545 2243 532 2241 532 2161 536 2159 536 2157 536 2157 538 2132 559 2126 565 1820 582 1816 580 1781 561 1779 561 1778 561 1693 565 1691 565 1630 591 1586 582 1584 582 1582 582 1557 595 1511 588 1509 588 1507 588 1506 588 1488 599 1461 588 1460 588 1458 588 1456 588 1454 588 1454 589 1442 599 1402 591 1400 591 1398 591 1362 607 1366 641"/></Shape>
            <String CONTENT="Montpellier, par ordre de m."
                    HPOS="1362"
                    VPOS="522"
                    WIDTH="1222"
                    HEIGHT="159"
                    ></String>
          </TextLine>
          <TextLine ID="eSc_line_0ec92bca"
                    TAGREFS="LT8"
                    BASELINE="1346 750 1666 739 2389 691 2573 691" 
                    HPOS="1343"
                    VPOS="641"
                    WIDTH="1230"
                    HEIGHT="138">
            <Shape><Polygon POINTS="1346 750 1348 779 1394 766 1454 773 1477 775 1479 775 1515 770 1584 756 1596 764 1601 768 1603 768 1605 768 1607 768 1609 768 1611 768 1617 762 1626 756 1701 758 1774 758 1776 758 1778 758 1806 750 1841 741 1848 748 1854 752 1856 752 1858 752 1860 752 1973 747 1975 747 1990 739 2008 729 2105 731 2138 731 2140 731 2142 731 2144 731 2145 729 2157 722 2186 725 2218 731 2220 731 2222 731 2239 724 2255 714 2310 712 2320 718 2329 724 2331 724 2333 724 2335 724 2337 724 2372 714 2402 706 2421 710 2450 718 2452 718 2454 718 2456 718 2458 718 2458 716 2467 708 2469 704 2571 701 2573 691 2569 647 2433 643 2431 643 2429 643 2400 655 2387 643 2387 641 2385 641 2383 641 2381 641 2379 641 2377 641 2354 657 2320 645 2318 645 2316 645 2314 645 2312 645 2312 647 2297 660 2291 666 2266 666 2260 660 2241 647 2239 647 2237 647 2236 647 2234 647 2184 664 2172 668 2167 664 2151 655 2149 655 2147 655 2080 655 2078 655 2076 655 2075 655 2053 670 2038 680 2017 672 1988 660 1986 660 1985 660 1983 660 1981 660 1965 674 1950 685 1808 693 1770 681 1745 674 1743 674 1741 674 1739 674 1737 674 1726 683 1705 699 1689 687 1688 687 1686 687 1684 687 1574 706 1542 691 1532 687 1530 687 1528 687 1527 687 1525 687 1519 693 1500 708 1467 695 1460 691 1458 691 1456 691 1343 699 1346 750"/></Shape>
            <String CONTENT="de Montdenoix commissaire"
                    HPOS="1343"
                    VPOS="641"
                    WIDTH="1230"
                    HEIGHT="138"
                    ></String>
          </TextLine>
          <TextLine ID="eSc_line_4e1ff979"
                    TAGREFS="LT8"
                    BASELINE="1348 846 1801 837 2216 806 2563 802" 
                    HPOS="1346"
                    VPOS="737"
                    WIDTH="1217"
                    HEIGHT="134">
            <Shape><Polygon POINTS="1348 846 1348 865 1486 869 1488 869 1490 869 1492 869 1502 862 1506 858 1515 860 1530 865 1532 865 1534 865 1536 865 1557 860 1573 854 1586 858 1613 867 1615 867 1617 867 1674 856 1852 865 1854 865 1856 865 1902 854 1965 871 1967 871 1969 871 2109 865 2111 865 2113 865 2113 863 2134 842 2147 839 2190 827 2245 833 2247 833 2249 833 2289 823 2304 833 2339 856 2341 856 2343 856 2345 858 2379 858 2379 856 2381 856 2383 856 2418 829 2425 825 2561 825 2563 802 2561 766 2510 745 2508 745 2506 745 2504 745 2502 745 2467 770 2448 770 2427 770 2331 737 2329 737 2327 737 2326 737 2285 748 2109 747 2107 747 2105 747 2103 747 2057 775 2023 748 2021 748 2019 748 2017 748 2015 748 1933 789 1783 793 1749 779 1747 779 1745 779 1743 779 1741 779 1726 791 1699 771 1697 771 1695 771 1659 771 1657 771 1655 771 1653 771 1632 789 1605 785 1603 785 1601 785 1550 802 1452 770 1450 770 1448 770 1446 770 1444 770 1385 810 1346 810 1348 846"/></Shape>
            <String CONTENT="ordonnateur à la Guadeloupe."
                    HPOS="1346"
                    VPOS="737"
                    WIDTH="1217"
                    HEIGHT="134"
                    ></String>
          </TextLine>
          <TextLine ID="eSc_line_a156685f"
                    TAGREFS="LT8"
                    BASELINE="1996 1013 2582 996" 
                    HPOS="1994"
                    VPOS="929"
                    WIDTH="588"
                    HEIGHT="122">
            <Shape><Polygon POINTS="1996 1013 1996 1028 2027 1040 2029 1040 2030 1040 2032 1040 2063 1028 2065 1026 2069 1028 2122 1051 2124 1051 2126 1051 2128 1051 2191 1024 2197 1022 2203 1024 2249 1047 2251 1047 2253 1047 2255 1047 2304 1022 2308 1020 2310 1022 2339 1043 2341 1043 2343 1043 2345 1045 2387 1045 2387 1043 2418 1042 2419 1042 2421 1042 2446 1020 2454 1015 2578 1017 2582 996 2578 953 2500 952 2479 930 2479 929 2477 929 2475 929 2450 929 2448 929 2446 929 2389 955 2383 957 2377 955 2352 942 2350 942 2349 942 2347 942 2314 955 2303 961 2155 963 2147 957 2130 942 2128 942 2126 942 2059 940 2057 940 2055 940 1994 957 1996 1013"/></Shape>
            <String CONTENT="Argent de France"
                    HPOS="1994"
                    VPOS="929"
                    WIDTH="588"
                    HEIGHT="122"
                    ></String>
          </TextLine>
          <TextLine ID="eSc_line_29d567cd"
                    TAGREFS="LT8"
                    BASELINE="875 1250 1977 1195 2555 1187" 
                    HPOS="871"
                    VPOS="1130"
                    WIDTH="1684"
                    HEIGHT="141">
            <Shape><Polygon POINTS="871 1183 875 1250 875 1264 1053 1271 1055 1271 1149 1256 1191 1248 1233 1252 1308 1260 1310 1260 1312 1260 1341 1248 1373 1237 1406 1247 1414 1248 1415 1248 1417 1248 1419 1248 1431 1247 1469 1235 1509 1243 1550 1250 1551 1250 1553 1250 1573 1241 1601 1227 1663 1237 1665 1237 1666 1237 1693 1222 2053 1208 2098 1224 2105 1225 2107 1225 2109 1225 2253 1220 2255 1220 2257 1220 2259 1218 2280 1202 2345 1214 2358 1216 2360 1216 2404 1212 2406 1212 2408 1212 2431 1195 2554 1206 2555 1187 2548 1145 2335 1151 2326 1149 2262 1130 2260 1130 2259 1130 2257 1130 2172 1153 2140 1162 1971 1166 1942 1156 1933 1155 1931 1155 1929 1155 1927 1155 1925 1155 1921 1158 1902 1170 1825 1170 1802 1160 1766 1147 1764 1147 1762 1147 1760 1147 1711 1162 1672 1174 1630 1164 1557 1147 1555 1147 1387 1155 1385 1155 1358 1168 1302 1158 1300 1158 1299 1158 1268 1172 1251 1179 1191 1174 1186 1174 1184 1174 1182 1174 1153 1189 1076 1176 1059 1174 1057 1174 1055 1174 1053 1174 1049 1176 1036 1183 873 1181 871 1183"/></Shape>
            <String CONTENT="de m. dela Pérouse ..........93^lt&quot;. &quot;. &quot;."
                    HPOS="871"
                    VPOS="1130"
                    WIDTH="1684"
                    HEIGHT="141"
                    ></String>
          </TextLine>
          <TextLine ID="eSc_line_5d09bd3f"
                    TAGREFS="LT8"
                    BASELINE="877 1354 2573 1287" 
                    HPOS="868"
                    VPOS="1218"
                    WIDTH="1703"
                    HEIGHT="164">
            <Shape><Polygon POINTS="874 1353 874 1382 1075 1382 1075 1379 1136 1359 1210 1373 1299 1356 1512 1361 1610 1336 1786 1341 1878 1324 2007 1333 2073 1318 2134 1336 2145 1336 2338 1307 2389 1324 2499 1304 2568 1318 2571 1284 2565 1218 2450 1232 2433 1218 2418 1218 2381 1249 2306 1249 2251 1226 2050 1258 2010 1244 1998 1244 1967 1267 1616 1278 1518 1258 1187 1264 1187 1267 1133 1298 1049 1301 1000 1272 868 1275 874 1353"/></Shape>
            <String CONTENT="de m. de Retz .............274. 8. 2."
                    HPOS="868"
                    VPOS="1218"
                    WIDTH="1703"
                    HEIGHT="164"
                    ></String>
          </TextLine>
          <TextLine ID="eSc_line_fb8096ba"
                    TAGREFS="LT8"
                    BASELINE="862 1461 1718 1429 1992 1409 2554 1396" 
                    HPOS="858"
                    VPOS="1352"
                    WIDTH="1696"
                    HEIGHT="136">
            <Shape><Polygon POINTS="862 1461 864 1488 917 1471 938 1484 940 1484 942 1484 944 1484 948 1484 1032 1469 1080 1478 1095 1480 1097 1480 1099 1480 1101 1480 1105 1476 1120 1467 1166 1473 1168 1473 1276 1457 1343 1465 1423 1474 1425 1474 1603 1469 1739 1446 1868 1423 1973 1423 1994 1434 2000 1436 2002 1436 2004 1436 2006 1436 2021 1432 2076 1417 2111 1429 2126 1432 2128 1432 2130 1432 2132 1432 2157 1427 2178 1421 2203 1423 2234 1427 2236 1427 2237 1427 2249 1421 2272 1411 2368 1415 2414 1417 2416 1417 2418 1417 2419 1417 2425 1413 2437 1406 2552 1406 2554 1396 2548 1367 2427 1369 2425 1369 2408 1358 2406 1358 2404 1358 2402 1358 2400 1358 2360 1371 2354 1371 2349 1371 2262 1352 2260 1352 2178 1354 1969 1379 1862 1390 1837 1381 1835 1381 1833 1381 1831 1381 1829 1381 1827 1381 1812 1390 1712 1386 1711 1386 1628 1398 1563 1386 1528 1381 1527 1381 1525 1381 1500 1388 1437 1407 1375 1407 1310 1392 1293 1388 1291 1388 1178 1390 1176 1390 1174 1390 1168 1394 1140 1411 1055 1409 1053 1409 1051 1409 1011 1421 961 1419 935 1400 933 1400 931 1400 929 1400 858 1400 862 1461"/></Shape>
            <String CONTENT="de m. de montaigu ........... 440&quot;. &quot;. &quot;."
                    HPOS="858"
                    VPOS="1352"
                    WIDTH="1696"
                    HEIGHT="136"
                    ></String>
          </TextLine>
          <TextLine ID="eSc_line_4c02db20"
                    TAGREFS="LT8"
                    BASELINE="867 1576 1597 1561 2078 1532 2577 1515" 
                    HPOS="864"
                    VPOS="1463"
                    WIDTH="1713"
                    HEIGHT="140">
            <Shape><Polygon POINTS="867 1576 867 1595 981 1603 982 1603 1044 1591 1381 1591 1381 1589 1383 1589 1419 1578 1438 1587 1440 1587 1442 1587 1676 1580 1678 1580 1680 1580 1699 1565 1701 1565 1703 1565 1789 1576 1791 1576 1793 1576 1841 1559 1852 1555 1860 1559 1871 1563 1873 1563 1875 1563 1975 1553 2034 1549 2101 1549 2103 1549 2132 1565 2134 1565 2136 1565 2138 1565 2197 1545 2577 1530 2577 1515 2573 1476 2504 1463 2502 1463 2500 1463 2498 1463 2475 1478 2462 1486 2431 1480 2375 1469 2373 1469 2372 1469 2370 1469 2349 1482 2345 1484 2335 1482 2251 1465 2249 1465 2115 1486 2094 1478 2092 1478 2090 1478 2088 1478 2086 1478 2071 1490 2055 1501 2017 1503 1716 1511 1693 1501 1661 1486 1659 1486 1615 1486 1613 1486 1611 1486 1571 1505 1563 1509 1496 1509 1488 1507 1446 1492 1444 1492 1442 1492 1440 1492 1392 1509 1381 1513 1373 1511 1329 1496 1327 1496 1325 1496 1323 1496 1283 1513 1272 1517 1251 1513 1174 1501 1172 1501 1170 1501 1130 1517 1090 1532 1000 1530 984 1520 958 1509 956 1509 954 1509 877 1511 875 1511 873 1511 864 1517 867 1576"/></Shape>
            <String CONTENT="de m. dela Roche ....... 1025&quot;. 10. 10."
                    HPOS="864"
                    VPOS="1463"
                    WIDTH="1713"
                    HEIGHT="140"
                    ></String>
          </TextLine>
          <TextLine ID="eSc_line_d57cdb0b"
                    TAGREFS="LT8"
                    BASELINE="871 1701 1557 1681 2582 1618" 
                    HPOS="862"
                    VPOS="1565"
                    WIDTH="1717"
                    HEIGHT="179">
            <Shape><Polygon POINTS="868 1698 868 1744 1113 1706 1322 1701 1345 1718 1354 1718 1452 1701 1604 1709 1604 1706 1622 1692 1668 1706 1840 1672 2228 1678 2295 1646 2476 1640 2505 1663 2579 1660 2579 1617 2576 1571 2185 1565 2111 1600 1826 1611 1794 1591 1786 1591 1564 1626 1509 1600 1501 1600 1389 1634 1156 1617 1121 1646 1087 1626 1078 1626 1041 1640 1023 1626 862 1632 868 1698"/></Shape>
            <String CONTENT="de m. de michon ..... 191&quot;. &quot;. &quot;."
                    HPOS="862"
                    VPOS="1565"
                    WIDTH="1717"
                    HEIGHT="179"
                    ></String>
          </TextLine>
          <TextLine ID="eSc_line_f0e50c7f"
                    TAGREFS="LT8"
                    BASELINE="2030 1838 2559 1833" 
                    HPOS="2029"
                    VPOS="1775"
                    WIDTH="530"
                    HEIGHT="96">
            <Shape><Polygon POINTS="2030 1838 2034 1852 2042 1846 2050 1852 2067 1863 2069 1863 2071 1863 2073 1863 2075 1863 2115 1850 2138 1844 2161 1850 2197 1860 2199 1860 2201 1860 2203 1860 2222 1850 2226 1846 2232 1850 2243 1858 2245 1858 2247 1858 2249 1858 2251 1858 2264 1850 2287 1869 2289 1869 2291 1869 2293 1871 2373 1871 2373 1869 2375 1869 2377 1869 2377 1867 2398 1846 2402 1842 2410 1846 2419 1852 2421 1852 2423 1854 2423 1852 2425 1852 2437 1846 2446 1840 2485 1840 2492 1846 2502 1854 2504 1854 2506 1854 2508 1854 2557 1844 2559 1833 2554 1794 2429 1800 2419 1794 2387 1775 2385 1775 2383 1775 2381 1775 2379 1775 2312 1796 2295 1802 2289 1796 2278 1787 2276 1787 2274 1787 2272 1787 2270 1787 2251 1796 2209 1777 2207 1777 2205 1777 2144 1791 2130 1779 2128 1779 2126 1779 2055 1779 2053 1779 2052 1779 2050 1779 2029 1792 2030 1838"/></Shape>
            <String CONTENT="2023^lt&quot;. 19^s&quot;. &quot;^d"
                    HPOS="2029"
                    VPOS="1775"
                    WIDTH="530"
                    HEIGHT="96"
                    ></String>
          </TextLine>
          <TextLine ID="eSc_line_f46a8576"
                    TAGREFS="LT8"
                    BASELINE="837 2118 1086 2110 1990 2053 2299 2041 2565 2043" 
                    HPOS="831"
                    VPOS="1978"
                    WIDTH="1734"
                    HEIGHT="169">
            <Shape><Polygon POINTS="837 2118 837 2133 902 2147 904 2147 906 2147 946 2133 1187 2133 1187 2132 1189 2132 1241 2116 1260 2110 1291 2114 1320 2116 1322 2116 1323 2116 1341 2110 1356 2107 1368 2110 1385 2116 1387 2116 1389 2116 1391 2116 1392 2116 1404 2109 1410 2105 1415 2109 1425 2114 1427 2114 1429 2114 1431 2114 1530 2107 1532 2107 1534 2107 1540 2103 1551 2095 1567 2101 1586 2109 1588 2109 1590 2109 1647 2107 1649 2107 1670 2097 1691 2086 1804 2084 1829 2089 1854 2095 1856 2095 1858 2095 1904 2086 1969 2072 2115 2076 2134 2076 2136 2076 2138 2076 2142 2074 2186 2061 2318 2064 2320 2064 2322 2064 2360 2051 2406 2063 2414 2064 2416 2064 2418 2064 2565 2055 2565 2043 2559 1988 2316 1997 2312 1997 2287 1988 2285 1988 2283 1988 2159 2003 2117 2007 2109 2005 2042 1978 2040 1978 2038 1978 2036 1978 1960 1997 1848 1994 1847 1994 1845 1994 1843 1994 1808 2017 1789 2028 1735 2022 1734 2022 1686 2032 1663 2022 1620 2001 1619 2001 1617 2001 1496 2028 1427 2043 1408 2034 1406 2034 1404 2034 1310 2045 1264 2038 1193 2024 1191 2024 1122 2028 1120 2028 1118 2028 1094 2043 1084 2049 1072 2045 1055 2038 1053 2038 1051 2038 1049 2038 1048 2038 1034 2045 1015 2057 994 2047 971 2038 969 2038 967 2038 831 2053 837 2118"/></Shape>
            <String CONTENT="Certifié véritable, à la Basseterre"
                    HPOS="831"
                    VPOS="1978"
                    WIDTH="1734"
                    HEIGHT="169"
                    ></String>
          </TextLine>
          <TextLine ID="eSc_line_ac17f5b6"
                    TAGREFS="LT8"
                    BASELINE="844 2223 1138 2216 2021 2156 2592 2147" 
                    HPOS="841"
                    VPOS="2087"
                    WIDTH="1751"
                    HEIGHT="194">
            <Shape><Polygon POINTS="844 2223 846 2281 979 2250 1032 2262 1034 2262 1074 2254 1097 2268 1099 2269 1101 2269 1103 2269 1105 2269 1186 2266 1187 2266 1189 2266 1195 2262 1235 2231 1256 2237 1258 2237 1260 2237 1262 2237 1300 2220 1414 2218 1473 2243 1486 2248 1488 2248 1490 2250 1528 2250 1528 2248 1571 2245 1573 2245 1592 2235 1653 2204 1718 2204 1766 2223 1791 2235 1793 2235 1795 2235 1797 2235 1860 2218 1898 2208 1933 2214 1998 2223 2000 2223 2134 2218 2136 2218 2190 2197 2251 2172 2441 2164 2487 2177 2508 2183 2510 2183 2511 2183 2592 2170 2592 2147 2588 2099 2473 2103 2471 2103 2448 2093 2446 2093 2444 2093 2442 2093 2419 2105 2418 2105 2416 2105 2350 2087 2349 2087 2347 2087 2345 2087 2289 2110 2281 2114 2190 2118 2178 2114 2134 2095 2132 2095 2130 2095 2082 2101 2080 2101 2078 2101 2055 2118 2053 2120 2050 2120 1981 2103 1979 2103 1858 2126 1818 2122 1816 2122 1814 2122 1797 2130 1778 2137 1760 2132 1753 2128 1751 2128 1749 2128 1747 2128 1737 2132 1711 2143 1649 2135 1594 2128 1592 2128 1590 2128 1555 2139 1521 2151 1450 2151 1438 2143 1415 2132 1414 2132 1412 2132 1362 2135 1360 2135 1333 2147 1297 2166 1228 2166 1180 2153 1149 2145 1147 2145 1145 2145 1115 2147 1113 2147 1111 2147 1097 2156 1067 2177 982 2179 952 2162 942 2156 940 2156 938 2156 936 2156 841 2166 844 2223"/></Shape>
            <String CONTENT="Guadeloupe, le vingt may 1778. Signé Moreau."
                    HPOS="841"
                    VPOS="2087"
                    WIDTH="1751"
                    HEIGHT="194"
                    ></String>
          </TextLine>
          <TextLine ID="eSc_line_1da371c7"
                    TAGREFS="LT8"
                    BASELINE="844 2478 1622 2444 2011 2415 2590 2404" 
                    HPOS="841"
                    VPOS="2336"
                    WIDTH="1749"
                    HEIGHT="163">
            <Shape><Polygon POINTS="844 2478 844 2497 977 2497 979 2497 988 2494 1032 2478 1120 2488 1122 2488 1124 2488 1157 2474 1184 2486 1187 2488 1189 2488 1191 2488 1193 2488 1201 2486 1235 2472 1300 2472 1314 2480 1348 2499 1350 2499 1352 2499 1534 2492 1536 2492 1538 2492 1569 2471 1578 2463 1596 2469 1619 2476 1620 2476 1622 2476 1624 2476 1651 2467 1699 2449 1747 2451 1768 2461 1806 2480 1808 2480 1810 2480 1873 2478 1875 2478 1921 2455 1952 2440 2191 2440 2193 2440 2195 2440 2197 2440 2216 2428 2266 2440 2341 2459 2343 2459 2406 2455 2408 2455 2410 2455 2441 2434 2456 2423 2490 2419 2586 2427 2590 2404 2586 2352 2389 2336 2387 2336 2349 2340 2347 2340 2345 2340 2312 2363 2312 2365 2195 2371 2174 2371 2151 2371 2115 2348 2113 2348 2111 2348 2109 2348 2107 2348 2038 2367 2006 2354 2004 2354 2002 2354 1829 2359 1827 2359 1778 2377 1737 2363 1735 2363 1734 2363 1732 2363 1684 2390 1645 2367 1643 2367 1642 2367 1640 2367 1528 2388 1452 2375 1450 2375 1448 2375 1391 2402 1048 2402 1046 2402 1044 2402 1017 2413 950 2396 948 2396 946 2396 944 2396 900 2419 841 2425 844 2478"/></Shape>
            <String CONTENT="M. Moreau Greffier de l&#x27;Intendance dépôsera"
                    HPOS="841"
                    VPOS="2336"
                    WIDTH="1749"
                    HEIGHT="163"
                    ></String>
          </TextLine>
          <TextLine ID="eSc_line_73ccffac"
                    TAGREFS="LT8"
                    BASELINE="714 2603 1034 2593 2130 2520 2578 2511" 
                    HPOS="710"
                    VPOS="2453"
                    WIDTH="1868"
                    HEIGHT="177">
            <Shape><Polygon POINTS="714 2603 714 2622 800 2630 802 2630 894 2614 917 2610 942 2610 1044 2616 1046 2616 1048 2616 1090 2603 1115 2597 1193 2599 1260 2599 1262 2599 1264 2599 1266 2599 1272 2593 1283 2587 1335 2591 1398 2595 1400 2595 1402 2595 1417 2587 1431 2580 1450 2586 1473 2591 1475 2591 1477 2591 1479 2591 1517 2582 1555 2572 1636 2576 1663 2576 1665 2576 1714 2572 1891 2553 1923 2561 1925 2561 1927 2561 1929 2561 1931 2561 1933 2561 1948 2547 2009 2545 2076 2553 2101 2555 2103 2555 2236 2547 2262 2543 2370 2524 2393 2536 2395 2536 2396 2536 2398 2536 2400 2536 2418 2526 2577 2526 2578 2511 2573 2463 2429 2471 2427 2471 2379 2453 2377 2453 2375 2453 2373 2453 2327 2471 2266 2459 2264 2459 2262 2459 2199 2484 2197 2484 2190 2484 1971 2474 1969 2474 1967 2474 1900 2501 1898 2501 1893 2501 1795 2497 1793 2497 1791 2497 1768 2509 1766 2509 1678 2492 1676 2492 1596 2497 1594 2497 1592 2497 1569 2513 1507 2501 1506 2501 1504 2501 1446 2526 1389 2532 1375 2532 1373 2532 1325 2513 1323 2513 1322 2513 1276 2517 1274 2517 1272 2517 1251 2532 1143 2522 1141 2522 1140 2522 1072 2549 982 2555 975 2555 973 2555 879 2538 877 2538 821 2541 820 2541 818 2541 775 2566 775 2568 710 2570 714 2603"/></Shape>
            <String CONTENT="à la caisse du Roy les Deux mille vingt trois"
                    HPOS="710"
                    VPOS="2453"
                    WIDTH="1868"
                    HEIGHT="177"
                    ></String>
          </TextLine>
          <TextLine ID="eSc_line_f3f693bd"
                    TAGREFS="LT8"
                    BASELINE="708 2697 1260 2679 1896 2631 2339 2614 2582 2614" 
                    HPOS="707"
                    VPOS="2553"
                    WIDTH="1875"
                    HEIGHT="172">
            <Shape><Polygon POINTS="708 2712 925 2716 927 2716 929 2716 969 2704 996 2699 1021 2702 1065 2712 1067 2712 1069 2712 1103 2700 1107 2700 1109 2700 1212 2725 1214 2725 1350 2718 1352 2718 1406 2691 1419 2685 1440 2691 1452 2693 1454 2693 1456 2693 1458 2693 1467 2689 1490 2681 1504 2689 1542 2708 1544 2708 1546 2708 1678 2702 1680 2702 1720 2681 1737 2674 1764 2677 1766 2677 1768 2677 1818 2662 1866 2677 1908 2691 1910 2691 1912 2691 1981 2687 1983 2687 1985 2687 2006 2674 2050 2647 2128 2651 2130 2651 2299 2633 2350 2643 2352 2643 2354 2643 2383 2630 2406 2639 2408 2639 2410 2639 2471 2626 2536 2656 2540 2658 2542 2658 2544 2658 2582 2654 2582 2614 2578 2572 2448 2553 2446 2553 2444 2553 2381 2568 2304 2563 2303 2563 2301 2563 2255 2584 2203 2589 2138 2595 2128 2591 2103 2582 2101 2582 2099 2582 2098 2582 2073 2593 2025 2578 2023 2578 2021 2578 2019 2578 1969 2597 1870 2582 1868 2582 1866 2582 1783 2605 1730 2597 1728 2597 1726 2597 1699 2608 1659 2593 1657 2593 1655 2593 1653 2593 1619 2607 1569 2597 1567 2597 1442 2603 1440 2603 1389 2622 1358 2633 1331 2626 1329 2626 1327 2626 1325 2626 1323 2626 1310 2637 1088 2647 1067 2635 1048 2626 1046 2626 1044 2626 1042 2626 1040 2626 1025 2637 1004 2653 925 2654 879 2643 844 2633 843 2633 841 2633 839 2633 785 2647 739 2658 707 2651 708 2697 708 2712"/></Shape>
            <String CONTENT="Livres dix neuf sols argent de France mentionnés"
                    HPOS="707"
                    VPOS="2553"
                    WIDTH="1875"
                    HEIGHT="172"
                    ></String>
          </TextLine>
          <TextLine ID="eSc_line_c66de9b1"
                    TAGREFS="LT8"
                    BASELINE="714 2806 1193 2790 2335 2725 2546 2725" 
                    HPOS="712"
                    VPOS="2672"
                    WIDTH="1834"
                    HEIGHT="168">
            <Shape><Polygon POINTS="714 2806 714 2827 806 2821 816 2825 843 2836 844 2836 846 2836 848 2836 894 2821 910 2815 923 2819 935 2823 936 2823 938 2823 994 2815 1036 2810 1046 2813 1118 2840 1120 2840 1122 2840 1373 2827 1375 2827 1438 2800 1481 2804 1483 2804 1484 2804 1509 2792 1559 2802 1561 2802 1563 2802 1617 2785 1674 2810 1676 2810 1678 2810 1745 2808 1747 2808 1837 2771 1839 2771 1841 2771 1881 2794 1883 2794 1885 2794 1887 2794 1889 2794 1925 2769 1971 2766 2084 2754 2105 2758 2214 2783 2216 2783 2218 2783 2303 2748 2318 2741 2389 2739 2406 2743 2431 2750 2433 2750 2435 2750 2544 2735 2546 2725 2542 2672 2416 2672 2414 2672 2412 2672 2396 2679 2372 2693 2347 2681 2345 2681 2343 2681 2341 2681 2339 2681 2333 2683 2293 2699 2117 2706 2055 2699 2046 2699 2044 2699 2042 2699 2038 2700 2015 2710 1931 2706 1885 2704 1883 2704 1881 2704 1866 2710 1841 2718 1818 2712 1789 2706 1787 2706 1703 2718 1563 2716 1561 2716 1559 2716 1519 2729 1513 2731 1500 2731 1429 2725 1427 2725 1203 2748 1078 2760 1011 2758 823 2754 821 2754 712 2775 714 2806"/></Shape>
            <String CONTENT="ci dessus, pour y rester jusqu&#x27;à ce que Le"
                    HPOS="712"
                    VPOS="2672"
                    WIDTH="1834"
                    HEIGHT="168"
                    ></String>
          </TextLine>
          <TextLine ID="eSc_line_865d4c6e"
                    TAGREFS="LT8"
                    BASELINE="712 2926 1117 2913 2331 2835 2582 2831" 
                    HPOS="708"
                    VPOS="2775"
                    WIDTH="1874"
                    HEIGHT="182">
            <Shape><Polygon POINTS="712 2926 712 2948 777 2944 787 2946 821 2957 823 2957 825 2957 827 2957 829 2957 850 2944 858 2940 885 2942 959 2946 961 2946 963 2946 984 2936 988 2934 992 2936 1026 2946 1028 2946 1030 2946 1032 2946 1034 2946 1051 2932 1291 2930 1293 2930 1333 2917 1356 2909 1412 2913 1460 2915 1461 2915 1463 2915 1479 2909 1490 2903 1498 2907 1509 2915 1511 2915 1513 2915 1515 2915 1517 2915 1550 2905 1580 2896 1609 2902 1638 2907 1640 2907 1751 2894 1879 2879 1933 2884 1960 2886 1962 2886 1963 2886 1973 2882 1996 2871 2053 2877 2069 2879 2071 2879 2073 2879 2084 2877 2134 2863 2165 2871 2184 2877 2186 2877 2188 2877 2280 2865 2431 2846 2580 2848 2582 2831 2575 2779 2546 2789 2496 2783 2431 2775 2429 2775 2366 2790 2354 2792 2324 2792 2172 2790 2170 2790 2168 2790 2126 2804 2107 2810 2096 2806 2084 2800 2082 2800 2080 2800 2078 2800 2059 2808 2027 2821 1914 2827 1845 2819 1789 2813 1787 2813 1785 2813 1743 2825 1688 2842 1082 2877 1042 2865 1025 2859 1023 2859 1021 2859 975 2869 904 2882 856 2875 827 2871 825 2871 708 2882 712 2926"/></Shape>
            <String CONTENT="Ministre, à qui nous en rendrons compte, done"
                    HPOS="708"
                    VPOS="2775"
                    WIDTH="1874"
                    HEIGHT="182"
                    ></String>
          </TextLine>
          <TextLine ID="eSc_line_3105fe16"
                    TAGREFS="LT8"
                    BASELINE="708 3043 1049 3032 1885 2961 2565 2942" 
                    HPOS="705"
                    VPOS="2882"
                    WIDTH="1860"
                    HEIGHT="207">
            <Shape><Polygon POINTS="708 3043 708 3072 806 3076 808 3076 810 3076 831 3066 854 3055 873 3062 898 3076 900 3076 902 3076 969 3066 1028 3089 1030 3089 1032 3089 1128 3080 1130 3080 1132 3080 1180 3051 1218 3066 1220 3066 1312 3072 1314 3072 1536 3059 1538 3059 1607 3020 1628 3009 1653 3017 1655 3017 1657 3017 1659 3017 1707 2999 1996 2984 2050 2992 2052 2992 2053 2992 2055 2992 2071 2978 2155 2978 2184 2986 2278 3015 2280 3015 2281 3015 2349 3011 2350 3011 2402 2984 2469 2984 2471 2984 2565 2963 2565 2942 2559 2898 2500 2900 2496 2900 2400 2882 2398 2882 2347 2886 2345 2886 2301 2909 2291 2913 2253 2911 2214 2909 2213 2909 2184 2915 2140 2923 2011 2923 1757 2921 1755 2921 1753 2921 1691 2938 1643 2949 1599 2942 1597 2942 1596 2942 1594 2942 1592 2942 1578 2951 1555 2944 1534 2936 1532 2936 1530 2936 1528 2936 1504 2946 1460 2963 1348 2955 1346 2955 1345 2955 1343 2955 1322 2971 1249 2965 1247 2965 1245 2965 1243 2965 1228 2976 1157 2972 1155 2972 1080 2988 1004 2988 963 2971 958 2969 956 2969 954 2969 952 2969 940 2972 858 2999 798 2978 797 2978 795 2978 793 2978 705 2982 708 3043"/></Shape>
            <String CONTENT="des ordres pour en faire la remise en France;"
                    HPOS="705"
                    VPOS="2882"
                    WIDTH="1860"
                    HEIGHT="207"
                    ></String>
          </TextLine>
        </TextBlock>
      </PrintSpace>
    </Page>
  </Layout>
</alto>
