2688 3816
784 190 1674 144 à faire à ses officiers et n'avoir jamais éprouvé

801 303 1320 118 aucune injustice du coté de son prêt

784 477 1679 129 contiennent Vérité, qu'il n'a rien à y Changer, augmenter ou

975 379 1488 131 Lecture à luy faite de les réponses à dit quelles

784 568 1636 142 ni diminuer & à signé avec Nous et notre greffier;

695 689 1424 144 Signés Pierre Adert, Casamajor, Cazac .

1048 871 946 106 Récolement du Premier

1205 973 377 99 témoin

657 1030 1829 182 Avons fait venir le nommé Jena Baptiste Monfay

810 1166 1663 137 premier témoin, lequel après luy avoir fait de

734 1259 1623 121 Nouveau lecture de sa déposition a dit qu'elle

797 1356 1649 125 Contient Vérité, qu'il n'a rien ay changer, augmenter

812 1447 1557 136 ni diminuer et à signé avec Nous et notre greffier;

740 1556 1271 148 Signés Monfay, Casamajor, Cazac.

1024 1753 881 99 Récollement du Second

1198 1850 376 94 Témoin

810 1922 1634 138 Avons fait venir le Nommé Jean Jacques Venant

765 2041 1676 117 Second Témoin, lequel après luy avoir fait de nouveau

814 2128 1591 127 Lecture de sa Déposition à dit quelle Contient Verité,

821 2230 1629 131 quil n'a rien ày changer, augmenter, ni diminuer,

787 2319 1705 155 Et a signé avec Nous et notre greffier; signés

806 2427 1415 142 jean Jacques Venant, Casamajor, Cazac.

1069 2611 1336 123 Confrontation du Nommé pierre Adert

821 2811 1682 127 avoir fait venir le nommé pierre Abert accusé auquel nous

1149 2715 989 102 accusé avec les témoins du dit jour

825 2906 1676 129 avons confronté le nommé jean Baptiste Monfay et

810 3010 1670 125 Jean Jacques Venant sergent & Caporal tous deux

814 3107 1668 119 Témoin contre Luy, luy avons demandé s'il les

844 3203 1642 125 Connair pour Gens d'Honneur et de bien, l'avertissant

844 3292 1625 157 qu'après la lecture de leurs déposition, il ne
