2752 3848
622 185 1443 150 le nommé pierre Adert est détenû en Prison

780 269 1431 169 à Répondu quil croit que c'est pour avoir

637 429 261 99 déserté.

637 634 340 84 à deserter.

744 457 1554 180 Enquis s'il sait le sujet qui a obligé ce soldat

643 758 1674 154 Luy avons demandé s'il n'a rien à déposer pour

836 664 821 152 à Répondu L'ignorer

630 861 1677 150 ou contre ce soldat acauze étant obligé en qualité

643 979 1046 128 de Témoin et dire ce qu'il sait

701 1145 1597 150 Lecture à luy faire et sa déposition à dit

883 1049 1342 146 à Répondu n'avoir rien à dire de plus

637 1242 1672 153 quelle contient vérité & a signé avec Nous et notre

626 1333 1636 184 Greffier; signés Monfay, Casamajor, Cazac.

774 1545 1229 126 Information du second témoin

547 1639 1762 154 Avons fait venir le nommé Jean Jaques Venant

656 1746 1657 145 Caporal de La Compagnie de Dupuy au Régiment

656 1836 1617 156 du Cap de Religion Catholique apostolique &

652 1932 1650 148 romaine, lequel après serment par luy prété

654 2030 1651 124 de dire La Vérité sur le contenu de la plainte

654 2127 1606 139 Contre le nommé Pierre Adert dont Nous Luy

662 2255 777 105 avons fait Lecture.

765 2328 1503 145 a déposé qu'il COnnait le Nommé Pierre

637 2430 1650 139 Adert pour avoir été soldat de ladite Compagnie

650 2535 1644 132 depuis le mois de janvier dernier qu'il est arrivé

652 2633 1586 131 de France, qu'il la vû recevoir le prêt, faire le

624 2732 1685 130 Service et passer en revüe, qu'il a été présent à la

632 2830 1643 130 COmpagnie jusqu'au Trois de ce mois, que

652 2924 1644 139 ce jour là, il ne s'est pas Trouvé à L'appel

667 3039 1499 114 du soir & qu'il n'a pas paru depuis.

866 3121 1447 119 Luy avons demandé s'il sait Pourquoy

667 3228 1405 134 Le dit Pierre Adert est détenû en prison

861 3315 1377 158 à répondu qu'il Croit que c'est pour
