2432 3688
742 542 1464 140 l'honneur de vous rappeller dans cette

744 639 1482 135 circonstance les promesses que vous avés

742 729 1503 133 bien voulu me faire ainsi qu'a mon Pere

736 837 1425 119 Pour le S. Prevost de mesquen mon

736 922 1521 135 Parent fils du S. de Pressigny Commissaire

740 1018 1507 139 aux classes à quimper qui a servi la

740 1114 1423 135 guerre dernière dans les volontaires

740 1210 1501 129 de Bourbon dans l'Inde, et a qui vous

736 1307 1466 121 avés bien voulu Promettre une sous

734 1401 1505 131 lieutenance dans le bataillon de Guianne

736 1495 1482 156 ou dans celui d'affrique. les services du

730 1587 1496 162 pere seront surement un motif suffisant

746 1710 1468 113 pour vous déterminer a réaliser en ce

738 1782 1511 137 moment vos promesses et ma reconnaissance

742 1878 1279 146 egalera les sentimens du profond

736 1960 1495 181 respect avec lequel j'ai l'honneur d'etre

691 2296 619 136 Monseigneur,

1177 2757 947 140 Vôtre  très humble et très

1267 2837 855 115 obéissant serviteur

1377 2966 790 179 Prevost de la croix
