2848 3856
797 655 1455 139 ainsi que vous le verrez par le certificat

797 822 1318 146 cy joint du premier Medecin, que cet

790 987 1468 146 Officier refuse de prendre tous les remedes

790 1146 1477 135 qui pourroient apporter quelque soulagement

788 1296 1429 126 à son mal et se met par là hors d'état

784 1478 1487 124 de pouvoir obtenir la guérison que nous avions

788 1640 1496 120 désiré lui procurer. En conséquences il devient

782 1795 1435 139 indispensable de le faire transferer dans

784 1990 1453 102 une des Maisons destinés à recevoir cette

780 2157 1397 122 espèce de malades. Nous avions

773 2317 1432 140 d'abord jetté nos vues sur l'hopital

784 2478 1380 141 de la Rochelle; mais d'après les

784 2667 1322 128 renseignements que M de la Grandville

775 2859 1466 127 s'est procurré à cet égard, il a appris que

773 3001 1436 139 quoique le prix de la pension soir de 600^lt"
