<?xml version="1.0" encoding="UTF-8"?>
<alto xmlns:xsi="http://www.w3.org/2001/XMLSchema-instance"
      xmlns="http://www.loc.gov/standards/alto/ns-v4#"
      xsi:schemaLocation="http://www.loc.gov/standards/alto/ns-v4# http://www.loc.gov/standards/alto/v4/alto-4-2.xsd">
  <Description>
    <MeasurementUnit>pixel</MeasurementUnit>
    <sourceImageInformation>
      <fileName>FRCAOM06_COLE_241002A_0140.jpg</fileName>
    </sourceImageInformation>
  </Description>
  <Tags>
    <OtherTag ID="QZ7" LABEL="CustomZone" DESCRIPTION="block type CustomZone"/><OtherTag ID="QZ8" LABEL="DamageZone" DESCRIPTION="block type DamageZone"/><OtherTag ID="QZ9" LABEL="DigitizationArtefactZone" DESCRIPTION="block type DigitizationArtefactZone"/><OtherTag ID="QZ10" LABEL="DropCapitalZone" DESCRIPTION="block type DropCapitalZone"/><OtherTag ID="QZ11" LABEL="GraphicZone" DESCRIPTION="block type GraphicZone"/><OtherTag ID="QZ12" LABEL="MainZone" DESCRIPTION="block type MainZone"/><OtherTag ID="QZ13" LABEL="MarginTextZone" DESCRIPTION="block type MarginTextZone"/><OtherTag ID="QZ14" LABEL="MusicZone" DESCRIPTION="block type MusicZone"/><OtherTag ID="QZ15" LABEL="NumberingZone" DESCRIPTION="block type NumberingZone"/><OtherTag ID="QZ17" LABEL="QuireMarksZone" DESCRIPTION="block type QuireMarksZone"/><OtherTag ID="QZ18" LABEL="RunningTitleZone" DESCRIPTION="block type RunningTitleZone"/><OtherTag ID="QZ19" LABEL="SealZone" DESCRIPTION="block type SealZone"/><OtherTag ID="QZ20" LABEL="StampZone" DESCRIPTION="block type StampZone"/><OtherTag ID="QZ21" LABEL="TableZone" DESCRIPTION="block type TableZone"/><OtherTag ID="QZ22" LABEL="TitlePageZone" DESCRIPTION="block type TitlePageZone"/>
    <OtherTag ID="LT7" LABEL="CustomLine" DESCRIPTION="line type CustomLine"/><OtherTag ID="LT8" LABEL="DefaultLine" DESCRIPTION="line type DefaultLine"/><OtherTag ID="LT9" LABEL="DropCapitalLine" DESCRIPTION="line type DropCapitalLine"/><OtherTag ID="LT10" LABEL="HeadingLine" DESCRIPTION="line type HeadingLine"/><OtherTag ID="LT11" LABEL="InterlinearLine" DESCRIPTION="line type InterlinearLine"/><OtherTag ID="LT12" LABEL="MusicLine" DESCRIPTION="line type MusicLine"/>
  </Tags>
  <Layout>
    <Page WIDTH="2624"
          HEIGHT="4040"
          PHYSICAL_IMG_NR="19"
          ID="eSc_dummypage_">
      <PrintSpace HPOS="0"
                  VPOS="0"
                  WIDTH="2624"
                  HEIGHT="4040">
        <TextBlock HPOS="568"
                   VPOS="245"
                   WIDTH="1905"
                   HEIGHT="3145"
                   ID="eSc_textblock_aea87dd8"
                   TAGREFS="QZ12">
          <Shape><Polygon POINTS="568 245 568 3390 2473 3390 2473 245"/></Shape>
          <TextLine ID="eSc_line_981afde2"
                    TAGREFS="LT8"
                    BASELINE="673 448 1185 439 2179 383 2439 379" 
                    HPOS="668"
                    VPOS="325"
                    WIDTH="1771"
                    HEIGHT="146">
            <Shape><Polygon POINTS="2426 334 2258 332 2255 332 2253 332 2251 332 2237 343 2235 343 2161 325 2159 325 2087 338 2017 332 2015 332 2013 332 1970 354 1961 359 1629 372 1611 368 1584 363 1582 363 1456 374 1342 386 1331 379 1319 374 1317 374 1315 374 1277 381 1250 388 1236 383 1200 370 1198 370 1196 370 1133 374 1131 374 1129 374 1106 390 1097 395 1075 390 1028 381 1025 381 1023 381 994 395 976 401 902 401 897 397 879 386 877 386 875 386 873 386 668 406 673 448 673 471 1441 451 1809 421 1833 419 1836 419 1872 430 1874 430 1876 430 1878 430 1923 415 1925 415 1928 415 1968 426 1970 426 1973 426 2060 408 2067 408 2094 408 2399 408 2399 406 2401 406 2439 390 2439 379 2435 343 2426 334"/></Shape>
            <String CONTENT="réside actuellement à Nismes, Le Trésorier"
                    HPOS="668"
                    VPOS="325"
                    WIDTH="1771"
                    HEIGHT="146"
                    ></String>
          </TextLine>
          <TextLine ID="eSc_line_e28cc3f4"
                    TAGREFS="LT8"
                    BASELINE="668 561 2206 471 2419 466" 
                    HPOS="664"
                    VPOS="412"
                    WIDTH="1755"
                    HEIGHT="164">
            <Shape><Polygon POINTS="668 561 668 576 1173 563 1176 563 1212 549 1216 547 1223 547 1277 556 1279 556 1281 556 1319 543 1333 538 1366 540 1432 543 1434 543 1436 543 1438 543 1447 534 1452 531 1512 531 1703 531 1705 531 1708 531 1732 518 1737 516 1746 518 1793 527 1795 527 1797 527 1842 511 1854 509 1887 509 2031 513 2033 513 2417 478 2419 466 2415 426 2345 417 2343 417 2285 428 2224 412 2222 412 2219 412 2217 412 2150 437 2139 439 2123 437 2060 428 2058 428 2056 428 2053 428 2038 442 2033 444 2013 442 1959 437 1957 437 1860 448 1791 457 1784 453 1768 442 1766 442 1764 442 1762 442 1759 442 1732 455 1710 466 1636 469 1595 460 1566 455 1564 455 1562 455 1528 464 1497 471 1465 466 1420 460 1418 460 1416 460 1414 460 1400 469 1380 482 1349 473 1346 473 1344 473 1131 498 1090 482 1081 480 1079 480 1077 480 1025 482 1023 482 1021 482 1016 487 992 502 877 491 859 491 857 491 855 491 848 493 781 518 751 498 749 498 747 498 745 498 664 500 668 561"/></Shape>
            <String CONTENT="de la colonie en fournira son récépissé au"
                    HPOS="664"
                    VPOS="412"
                    WIDTH="1755"
                    HEIGHT="164"
                    ></String>
          </TextLine>
          <TextLine ID="eSc_line_cdce7b31"
                    TAGREFS="LT8"
                    BASELINE="662 668 1234 639 1928 583 2426 567" 
                    HPOS="659"
                    VPOS="507"
                    WIDTH="1767"
                    HEIGHT="182">
            <Shape><Polygon POINTS="659 635 662 668 664 689 839 689 839 686 841 686 843 686 857 677 859 675 861 675 882 684 884 684 886 684 888 684 891 684 904 673 906 673 915 673 1034 682 1037 682 1160 659 1185 655 1196 657 1243 668 1245 668 1248 668 1398 657 1400 657 1425 644 1429 641 1456 641 1584 648 1586 648 1589 648 1656 630 1712 617 1771 623 1775 623 1777 623 1780 623 1782 623 1795 612 1858 619 1867 619 1869 619 1872 619 1874 619 1898 606 1999 610 2004 610 2006 610 2008 610 2011 610 2024 599 2103 603 2105 603 2233 585 2424 585 2426 567 2419 520 2343 525 2334 525 2242 507 2240 507 2143 522 2047 516 2044 516 1901 525 1898 525 1896 525 1874 540 1800 536 1797 536 1795 536 1755 556 1694 538 1692 538 1690 538 1687 538 1636 565 1631 570 1506 574 1503 574 1450 552 1447 552 1445 552 1375 561 1373 561 1371 561 1333 585 1328 588 1182 594 1178 594 1129 574 1126 574 1124 574 1122 574 1075 601 1070 603 879 612 877 612 823 590 821 590 819 590 738 594 736 594 662 621 659 635"/></Shape>
            <String CONTENT="Trésorier-Général, dès qu&#x27;il sera instruit"
                    HPOS="659"
                    VPOS="507"
                    WIDTH="1767"
                    HEIGHT="182"
                    ></String>
          </TextLine>
          <TextLine ID="eSc_line_c6b6a3f9"
                    TAGREFS="LT8"
                    BASELINE="664 772 1081 758 2188 673 2421 668" 
                    HPOS="659"
                    VPOS="612"
                    WIDTH="1762"
                    HEIGHT="200">
            <Shape><Polygon POINTS="664 772 666 812 713 799 839 801 848 801 850 801 852 801 855 801 895 778 1005 790 1021 790 1023 790 1025 790 1037 787 1106 765 1216 772 1245 774 1248 774 1436 760 1438 760 1459 754 1515 733 1699 727 1719 733 1728 738 1730 738 1732 738 1793 729 1928 707 2024 711 2047 711 2049 711 2085 707 2217 686 2280 691 2332 695 2334 695 2421 680 2421 668 2415 623 2305 628 2262 612 2260 612 2258 612 2255 612 2253 612 2226 635 2224 637 2130 641 2123 641 2053 619 2051 619 2049 619 1952 626 1950 626 1948 626 1948 628 1916 653 1914 657 1905 655 1849 637 1847 637 1845 637 1842 637 1806 655 1730 641 1728 641 1726 641 1622 673 1593 682 1304 695 1295 693 1245 675 1243 675 1241 675 1239 675 1180 700 1158 709 1104 704 1043 700 1041 700 1039 700 1037 700 1023 709 1014 715 992 711 960 707 958 707 956 707 953 707 942 715 938 718 931 715 891 700 888 700 886 700 826 704 823 704 821 704 796 724 787 731 769 727 742 718 740 718 738 718 659 731 664 772"/></Shape>
            <String CONTENT="qu&#x27;elle aura été payée. Dans le cas où"
                    HPOS="659"
                    VPOS="612"
                    WIDTH="1762"
                    HEIGHT="200"
                    ></String>
          </TextLine>
          <TextLine ID="eSc_line_ea34db5a"
                    TAGREFS="LT8"
                    BASELINE="675 879 1158 864 2430 794" 
                    HPOS="673"
                    VPOS="749"
                    WIDTH="1757"
                    HEIGHT="157">
            <Shape><Polygon POINTS="675 879 675 897 906 891 1019 906 1021 906 1167 877 1279 893 1281 893 1283 893 1349 868 1595 864 1598 864 1629 850 1631 850 1634 850 1692 868 1694 868 1696 868 1802 866 1930 859 1932 859 2022 837 2083 846 2085 846 2087 846 2154 825 2231 843 2233 843 2430 808 2430 794 2426 751 2105 749 2103 749 2031 758 2029 758 2026 758 2008 774 2004 776 1991 776 1903 767 1901 767 1898 767 1896 767 1878 781 1878 783 1366 810 1362 808 1333 790 1331 790 1328 790 1326 790 1232 794 1117 810 994 808 992 808 989 808 947 830 944 832 673 843 675 879"/></Shape>
            <String CONTENT="vous n&#x27;adopteriés par cet arrangement, nous"
                    HPOS="673"
                    VPOS="749"
                    WIDTH="1757"
                    HEIGHT="157"
                    ></String>
          </TextLine>
          <TextLine ID="eSc_line_54a9c28c"
                    TAGREFS="LT8"
                    BASELINE="675 998 2051 913 2424 897" 
                    HPOS="671"
                    VPOS="841"
                    WIDTH="1753"
                    HEIGHT="186">
            <Shape><Polygon POINTS="675 998 675 1016 821 1027 823 1027 900 1023 902 1023 904 1023 904 1021 918 1007 1117 1005 1120 1005 1122 1005 1122 1003 1140 987 1142 987 1147 987 1239 1001 1241 1001 1337 996 1340 996 1387 978 1490 987 1492 987 1842 944 1863 942 1869 942 1968 951 1970 951 1973 951 1975 951 1997 933 2047 931 2087 929 2152 947 2154 947 2157 947 2159 947 2161 947 2202 924 2332 926 2334 926 2336 926 2338 926 2354 913 2372 926 2374 926 2377 926 2379 926 2381 926 2424 906 2424 897 2419 846 2359 841 2356 841 2354 841 2329 850 2289 864 2233 855 2195 850 2193 850 2190 850 2157 859 2134 866 2127 861 2112 848 2109 848 2107 848 2105 848 1919 859 1916 859 1914 859 1887 875 1863 891 1735 897 1679 888 1625 877 1622 877 1620 877 1584 893 1548 909 1450 900 1427 900 1425 900 1407 904 1373 911 1364 906 1344 895 1342 895 1340 895 1337 895 1335 895 1315 909 1290 924 1232 913 1185 904 1182 904 1180 904 1149 917 1106 938 812 953 758 940 734 935 731 935 671 944 675 998"/></Shape>
            <String CONTENT="vous prions de faire prévenir le S. agré de"
                    HPOS="671"
                    VPOS="841"
                    WIDTH="1753"
                    HEIGHT="186"
                    ></String>
          </TextLine>
          <TextLine ID="eSc_line_e6420904"
                    TAGREFS="LT8"
                    BASELINE="671 1111 1164 1088 2430 998" 
                    HPOS="666"
                    VPOS="933"
                    WIDTH="1764"
                    HEIGHT="211">
            <Shape><Polygon POINTS="671 1111 671 1133 727 1144 729 1144 731 1144 769 1126 774 1126 776 1126 817 1137 819 1137 821 1137 823 1137 877 1122 936 1131 938 1131 989 1119 1034 1137 1037 1137 1039 1137 1261 1095 1277 1093 1283 1093 1402 1113 1405 1113 1483 1106 1485 1106 1555 1077 1602 1086 1604 1086 1607 1086 1636 1070 1640 1068 1661 1068 1753 1072 1755 1072 1757 1072 1804 1059 1806 1059 1865 1081 1867 1081 1869 1081 1939 1066 2094 1066 2096 1066 2098 1066 2166 1034 2172 1032 2181 1034 2219 1041 2222 1041 2224 1041 2264 1027 2276 1025 2282 1027 2347 1043 2350 1043 2352 1043 2354 1043 2430 1016 2430 998 2424 933 2361 933 2359 933 2356 933 2345 938 2278 967 2179 951 2154 947 2152 947 2058 953 2056 953 2053 953 2044 960 2011 983 1957 978 1955 978 1952 978 1919 994 1856 996 1824 976 1822 976 1820 976 1818 976 1815 976 1813 976 1813 978 1782 1003 1654 1010 1598 994 1595 994 1593 994 1591 994 1553 1014 1526 998 1524 998 1521 998 1519 998 1517 998 1510 1001 1463 1014 1445 1005 1427 996 1425 996 1423 996 1358 1012 1351 1012 1346 1012 1308 1005 1306 1005 1304 1005 1301 1005 1290 1016 1274 1030 1178 1030 1176 1030 1173 1030 1171 1030 1153 1045 1054 1048 1010 1036 980 1030 978 1030 976 1030 974 1030 971 1030 960 1041 940 1059 819 1059 801 1052 763 1041 760 1041 758 1041 666 1061 671 1111"/></Shape>
            <String CONTENT="la recette qui a été faite à son profit, afin"
                    HPOS="666"
                    VPOS="933"
                    WIDTH="1764"
                    HEIGHT="211"
                    ></String>
          </TextLine>
          <TextLine ID="eSc_line_3a210f67"
                    TAGREFS="LT8"
                    BASELINE="675 1227 1631 1171 2188 1115 2415 1111" 
                    HPOS="671"
                    VPOS="1063"
                    WIDTH="1744"
                    HEIGHT="209">
            <Shape><Polygon POINTS="675 1227 680 1272 781 1245 819 1261 821 1261 823 1261 826 1261 913 1256 915 1256 918 1256 924 1252 949 1234 1138 1234 1178 1232 1180 1232 1191 1229 1259 1207 1438 1207 1676 1205 1679 1205 1784 1178 1845 1160 1952 1155 1968 1162 2006 1178 2008 1178 2011 1178 2013 1178 2065 1153 2080 1146 2148 1146 2307 1146 2309 1146 2311 1146 2314 1146 2336 1131 2336 1128 2415 1122 2415 1111 2408 1077 2305 1081 2264 1063 2262 1063 2260 1063 2134 1084 1903 1088 1901 1088 1858 1111 1820 1102 1818 1102 1815 1102 1739 1119 1723 1124 1625 1126 1335 1137 1333 1137 1295 1149 1281 1151 1274 1149 1232 1133 1230 1133 1227 1133 1225 1133 1144 1158 1124 1164 924 1173 915 1171 864 1158 861 1158 859 1158 857 1158 805 1180 792 1187 671 1187 675 1227"/></Shape>
            <String CONTENT="qu&#x27;il prennet des mesures pour retirer ces"
                    HPOS="671"
                    VPOS="1063"
                    WIDTH="1744"
                    HEIGHT="209"
                    ></String>
          </TextLine>
          <TextLine ID="eSc_line_34ab4a24"
                    TAGREFS="LT8"
                    BASELINE="673 1348 1420 1295 1829 1254 2058 1245" 
                    HPOS="668"
                    VPOS="1203"
                    WIDTH="1390"
                    HEIGHT="168">
            <Shape><Polygon POINTS="673 1348 673 1364 792 1371 794 1371 971 1357 974 1357 976 1357 1001 1339 1003 1337 1014 1339 1059 1346 1061 1346 1353 1317 1445 1321 1447 1321 1450 1321 1452 1321 1476 1304 1481 1301 1499 1301 1609 1304 1611 1304 1883 1272 1937 1281 1939 1281 1941 1281 1943 1281 1961 1265 1997 1272 1999 1272 2002 1272 2058 1256 2058 1245 2051 1203 1896 1214 1887 1214 1786 1203 1784 1203 1670 1212 1667 1212 1616 1234 1604 1238 1589 1236 1519 1223 1517 1223 1515 1223 1468 1245 1454 1252 1310 1261 1304 1256 1290 1247 1288 1247 1286 1247 1283 1247 1281 1247 1279 1247 1279 1250 1268 1259 1265 1263 1133 1274 1120 1270 1079 1256 1077 1256 1075 1256 1072 1256 1070 1256 1048 1277 1039 1283 962 1286 949 1283 900 1270 897 1270 895 1270 785 1279 783 1279 745 1299 738 1301 731 1299 691 1286 689 1286 686 1286 684 1286 682 1286 682 1288 668 1299 673 1348"/></Shape>
            <String CONTENT="2023^tt.19^s. des mains du Trésorier."
                    HPOS="668"
                    VPOS="1203"
                    WIDTH="1390"
                    HEIGHT="168"
                    ></String>
          </TextLine>
          <TextLine ID="eSc_line_78d34059"
                    TAGREFS="LT8"
                    BASELINE="821 1474 1043 1470 1878 1405 2421 1373" 
                    HPOS="817"
                    VPOS="1306"
                    WIDTH="1604"
                    HEIGHT="202">
            <Shape><Polygon POINTS="821 1474 821 1503 953 1490 978 1494 1034 1508 1037 1508 1039 1508 1041 1508 1061 1490 1099 1506 1102 1506 1104 1506 1277 1494 1279 1494 1373 1467 1402 1458 1438 1461 1461 1463 1463 1463 1465 1463 1483 1458 1524 1447 1542 1454 1560 1461 1562 1461 1564 1461 1692 1443 1824 1425 1863 1431 1883 1434 1885 1434 1887 1434 1914 1427 1957 1416 1984 1422 2058 1438 2060 1438 2148 1434 2150 1434 2210 1405 2219 1400 2421 1389 2421 1373 2415 1317 2370 1306 2368 1306 2175 1319 2029 1344 1907 1364 1885 1355 1856 1342 1854 1342 1851 1342 1849 1342 1815 1360 1784 1375 1232 1402 1140 1418 1081 1411 998 1402 996 1402 884 1409 882 1409 817 1429 821 1474"/></Shape>
            <String CONTENT="Nous joignons-ici un Etat certiffié du"
                    HPOS="817"
                    VPOS="1306"
                    WIDTH="1604"
                    HEIGHT="202"
                    ></String>
          </TextLine>
          <TextLine ID="eSc_line_e6e56356"
                    TAGREFS="LT8"
                    BASELINE="666 1593 2067 1497 2419 1485" 
                    HPOS="662"
                    VPOS="1427"
                    WIDTH="1757"
                    HEIGHT="202">
            <Shape><Polygon POINTS="666 1593 666 1629 803 1622 805 1622 808 1622 808 1620 832 1604 861 1611 864 1611 866 1611 868 1611 940 1589 1046 1602 1070 1604 1072 1604 1187 1591 1445 1559 1526 1564 1609 1568 1611 1568 1613 1568 1663 1553 1717 1537 1780 1544 1806 1546 1809 1546 1811 1546 1822 1541 1849 1528 1993 1528 2049 1528 2049 1526 2114 1517 2217 1503 2271 1506 2361 1508 2363 1508 2365 1508 2419 1492 2419 1485 2413 1440 2249 1449 2215 1427 2213 1427 2210 1427 2208 1427 2166 1429 2163 1429 2109 1458 2056 1438 2053 1438 2051 1438 2049 1438 1997 1458 1804 1458 1802 1458 1800 1458 1748 1483 1748 1485 1744 1485 1434 1494 1432 1494 1429 1494 1411 1506 1364 1483 1362 1483 1360 1483 1358 1483 1286 1515 1245 1499 1243 1499 1241 1499 1239 1499 1205 1512 1095 1501 1093 1501 1090 1501 1088 1501 1057 1530 1021 1508 1019 1508 1016 1508 1014 1508 1012 1508 922 1539 920 1539 859 1517 857 1517 855 1517 852 1517 785 1535 707 1528 704 1528 702 1528 700 1528 662 1550 666 1593"/></Shape>
            <String CONTENT="Greffier de l&#x27;Intendance, qui constate les"
                    HPOS="662"
                    VPOS="1427"
                    WIDTH="1757"
                    HEIGHT="202"
                    ></String>
          </TextLine>
          <TextLine ID="eSc_line_1057c089"
                    TAGREFS="LT8"
                    BASELINE="637 1692 1582 1642 2181 1586 2424 1586" 
                    HPOS="635"
                    VPOS="1532"
                    WIDTH="1789"
                    HEIGHT="193">
            <Shape><Polygon POINTS="637 1692 637 1725 742 1703 805 1717 821 1719 823 1719 850 1712 904 1701 951 1705 989 1710 992 1710 994 1710 996 1710 1010 1701 1025 1692 1077 1696 1106 1699 1108 1699 1111 1699 1133 1692 1205 1672 1232 1685 1241 1690 1243 1690 1245 1690 1248 1690 1250 1690 1257 1683 1265 1676 1351 1676 1593 1674 1676 1660 1679 1660 1681 1660 1690 1651 1705 1640 1723 1649 1746 1660 1748 1660 1750 1660 1753 1660 1755 1660 1780 1645 1788 1640 1815 1642 1876 1649 1878 1649 1881 1649 1905 1636 1912 1633 1916 1636 1952 1651 1955 1651 1957 1651 1959 1651 2015 1629 2035 1618 2421 1598 2424 1586 2419 1532 2134 1541 2132 1541 2107 1555 2085 1566 2044 1559 1997 1550 1995 1550 1993 1550 1964 1564 1934 1580 1912 1568 1887 1557 1885 1557 1883 1557 1838 1559 1836 1559 1771 1580 1721 1593 1586 1593 1548 1593 1546 1593 1544 1593 1535 1595 1508 1607 1481 1600 1436 1589 1434 1589 1432 1589 1429 1589 1393 1607 1378 1616 1144 1629 1133 1627 1075 1607 1072 1607 1070 1607 1068 1607 1066 1607 1025 1633 1019 1638 873 1645 866 1645 760 1633 758 1633 756 1633 707 1654 673 1640 671 1640 668 1640 666 1640 664 1640 635 1656 637 1692"/></Shape>
            <String CONTENT="Sommes dües au S. Agré, celles qui ont été"
                    HPOS="635"
                    VPOS="1532"
                    WIDTH="1789"
                    HEIGHT="193"
                    ></String>
          </TextLine>
          <TextLine ID="eSc_line_63a57b86"
                    TAGREFS="LT8"
                    BASELINE="657 1797 1506 1755 1977 1703 2415 1692" 
                    HPOS="653"
                    VPOS="1636"
                    WIDTH="1762"
                    HEIGHT="195">
            <Shape><Polygon POINTS="657 1797 657 1831 776 1809 1012 1809 1099 1806 1102 1806 1104 1806 1111 1802 1131 1786 1194 1795 1239 1800 1241 1800 1353 1793 1355 1793 1358 1793 1371 1782 1382 1775 1407 1779 1454 1786 1456 1786 1591 1768 1627 1777 1629 1777 1631 1777 1634 1777 1667 1759 1692 1746 1764 1752 1775 1752 1777 1752 1791 1750 1865 1732 2415 1703 2415 1692 2410 1658 2287 1636 2285 1636 2058 1654 2056 1654 2008 1674 1946 1663 1943 1663 1741 1667 1739 1667 1649 1701 1604 1678 1602 1678 1569 1678 1566 1678 1564 1678 1562 1678 1526 1710 1393 1717 1315 1721 1313 1721 1182 1701 1180 1701 1178 1701 1176 1701 1140 1732 994 1739 906 1728 904 1728 902 1728 846 1748 781 1734 778 1734 776 1734 774 1734 749 1752 709 1741 707 1741 704 1741 702 1741 653 1759 657 1797"/></Shape>
            <String CONTENT="perçües par lui, et enfin les non-valeurs,"
                    HPOS="653"
                    VPOS="1636"
                    WIDTH="1762"
                    HEIGHT="195"
                    ></String>
          </TextLine>
          <TextLine ID="eSc_line_e66d2176"
                    TAGREFS="LT8"
                    BASELINE="666 1912 1187 1889 1948 1824 2439 1806" 
                    HPOS="662"
                    VPOS="1755"
                    WIDTH="1777"
                    HEIGHT="208">
            <Shape><Polygon POINTS="666 1912 673 1963 718 1936 803 1939 805 1939 808 1939 859 1925 913 1945 924 1948 927 1948 929 1948 985 1945 1158 1934 1160 1934 1180 1923 1230 1898 1322 1910 1324 1910 1326 1910 1351 1898 1375 1907 1400 1919 1402 1919 1405 1919 1508 1912 1510 1912 1512 1912 1530 1896 1551 1883 1598 1892 1640 1898 1643 1898 1645 1898 1692 1883 1703 1880 1708 1883 1728 1896 1730 1896 1732 1896 1735 1896 1824 1892 1827 1892 1896 1867 1932 1853 2439 1824 2439 1806 2433 1755 2262 1773 2217 1768 2152 1759 2150 1759 2148 1759 2116 1775 2096 1784 2002 1782 1856 1777 1854 1777 1643 1791 1640 1791 1611 1806 1607 1809 1577 1809 1530 1809 1528 1809 1526 1809 1517 1813 1499 1822 1427 1818 1319 1813 1317 1813 1315 1813 1313 1813 1292 1826 1277 1838 1191 1842 1178 1835 1162 1822 1160 1822 1158 1822 1155 1822 1120 1824 1117 1824 1084 1840 1063 1851 976 1856 951 1849 913 1838 911 1838 909 1838 906 1838 904 1838 882 1853 868 1865 662 1867 666 1912"/></Shape>
            <String CONTENT="pour lesquelles il rapporte les pièces nécessaires."
                    HPOS="662"
                    VPOS="1755"
                    WIDTH="1777"
                    HEIGHT="208"
                    ></String>
          </TextLine>
          <TextLine ID="eSc_line_6fe600a4"
                    TAGREFS="LT8"
                    BASELINE="843 2071 2105 2002 2406 1993" 
                    HPOS="839"
                    VPOS="1921"
                    WIDTH="1567"
                    HEIGHT="202">
            <Shape><Polygon POINTS="848 2123 971 2089 1050 2107 1052 2107 1054 2107 1093 2087 1221 2069 1319 2067 1349 2082 1351 2082 1353 2082 1355 2082 1400 2062 1425 2080 1427 2080 1429 2080 1432 2080 1434 2080 1472 2060 1519 2062 1537 2076 1546 2085 1548 2085 1551 2085 1553 2085 1618 2071 1645 2064 1658 2067 1685 2076 1687 2076 1690 2076 1863 2067 1865 2067 1867 2067 1883 2053 1898 2040 1932 2040 1946 2049 1964 2062 1966 2062 1968 2062 1970 2062 2042 2058 2044 2058 2047 2058 2067 2040 2085 2024 2406 2015 2406 1993 2399 1932 2300 1934 2262 1921 2260 1921 2258 1921 2255 1921 2253 1921 2228 1936 2134 1934 2132 1934 2130 1934 2094 1948 2089 1950 1999 1952 1997 1952 1959 1939 1957 1939 1955 1939 1836 1961 1831 1961 1827 1961 1775 1948 1773 1948 1771 1948 1768 1948 1766 1948 1766 1950 1748 1966 1746 1968 1548 1977 1533 1977 1382 1968 1380 1968 1378 1968 1337 1988 1335 1988 1331 1988 1257 1975 1254 1975 1252 1975 1221 1990 965 1990 962 1990 839 2013 843 2071"/></Shape>
            <String CONTENT="Nous sommes avec respect."
                    HPOS="839"
                    VPOS="1921"
                    WIDTH="1567"
                    HEIGHT="202"
                    ></String>
          </TextLine>
          <TextLine ID="eSc_line_cdf86c09"
                    TAGREFS="LT8"
                    BASELINE="886 2780 1014 2783 1795 2738" 
                    HPOS="879"
                    VPOS="2661"
                    WIDTH="916"
                    HEIGHT="169">
            <Shape><Polygon POINTS="886 2780 888 2830 976 2796 1032 2819 1043 2823 1046 2823 1048 2823 1104 2819 1106 2819 1108 2819 1115 2812 1147 2787 1241 2794 1243 2794 1245 2794 1248 2794 1263 2780 1317 2794 1369 2805 1371 2805 1445 2801 1447 2801 1450 2801 1450 2798 1452 2798 1465 2780 1470 2776 1474 2780 1485 2785 1488 2785 1490 2785 1492 2785 1494 2785 1494 2783 1501 2776 1510 2767 1569 2771 1645 2776 1647 2776 1649 2776 1652 2776 1667 2762 1690 2780 1692 2780 1694 2780 1696 2780 1699 2780 1701 2780 1728 2758 1795 2749 1795 2738 1786 2688 1737 2691 1730 2688 1701 2675 1699 2675 1696 2675 1694 2675 1692 2675 1692 2677 1679 2691 1640 2691 1616 2670 1613 2670 1611 2670 1609 2670 1607 2670 1604 2670 1580 2693 1566 2704 1533 2693 1517 2688 1515 2688 1512 2688 1463 2695 1396 2704 1382 2697 1355 2675 1353 2675 1351 2675 1349 2675 1346 2675 1344 2675 1310 2697 1279 2720 1250 2700 1248 2700 1245 2700 1164 2695 1162 2695 1160 2695 1147 2702 1140 2706 1135 2702 1086 2661 1084 2661 1081 2661 1079 2661 918 2670 915 2670 913 2670 913 2673 879 2702 886 2780"/></Shape>
            <String CONTENT="Monseingeur."
                    HPOS="879"
                    VPOS="2661"
                    WIDTH="916"
                    HEIGHT="169"
                    ></String>
          </TextLine>
          <TextLine ID="eSc_line_e1cff7c1"
                    TAGREFS="LT8"
                    BASELINE="1021 3139 1780 3099 2406 3090" 
                    HPOS="1019"
                    VPOS="3012"
                    WIDTH="1387"
                    HEIGHT="148">
            <Shape><Polygon POINTS="1021 3139 1021 3160 1070 3160 1072 3160 1075 3160 1075 3157 1093 3142 1241 3153 1259 3153 1261 3153 1274 3151 1360 3133 1423 3144 1438 3146 1441 3146 1485 3142 1602 3126 1638 3135 1652 3137 1654 3137 1656 3137 1658 3137 1661 3137 1661 3135 1665 3133 1681 3119 1793 3126 1831 3128 1833 3128 1836 3128 1838 3128 1842 3124 1858 3113 1905 3122 1923 3124 1925 3124 1928 3124 1941 3119 1979 3108 2074 3113 2112 3115 2114 3115 2116 3115 2132 3110 2170 3101 2206 3108 2255 3115 2258 3115 2404 3097 2406 3090 2399 3041 2271 3043 2213 3012 2210 3012 2154 3012 2152 3012 2098 3014 2096 3014 2031 3045 1986 3025 1984 3025 1982 3025 1979 3025 1905 3059 1903 3059 1894 3059 1654 3032 1652 3032 1649 3032 1647 3032 1604 3065 1555 3070 1515 3036 1512 3036 1510 3036 1508 3036 1436 3038 1434 3038 1432 3038 1373 3079 1369 3079 1340 3079 1248 3079 1200 3047 1198 3047 1196 3047 1194 3047 1191 3047 1189 3047 1171 3063 1142 3052 1140 3052 1138 3052 1135 3052 1019 3088 1021 3139"/></Shape>
            <String CONTENT="Vos très humbles et très"
                    HPOS="1019"
                    VPOS="3012"
                    WIDTH="1387"
                    HEIGHT="148"
                    ></String>
          </TextLine>
          <TextLine ID="eSc_line_84405374"
                    TAGREFS="LT8"
                    BASELINE="848 3236 2002 3191" 
                    HPOS="846"
                    VPOS="3135"
                    WIDTH="1156"
                    HEIGHT="123">
            <Shape><Polygon POINTS="848 3236 848 3247 960 3258 962 3258 1569 3223 1582 3234 1584 3234 1586 3234 1589 3234 1591 3234 1593 3234 1611 3218 1613 3216 1714 3214 1721 3214 1766 3227 1768 3227 1771 3227 1773 3227 1811 3214 1883 3223 1885 3223 1999 3202 2002 3191 1997 3151 1896 3135 1894 3135 1892 3135 1889 3135 1889 3137 1874 3153 1854 3144 1851 3144 1849 3144 1847 3144 1845 3144 1845 3146 1833 3155 1833 3157 1827 3157 1739 3157 1710 3142 1708 3142 1705 3142 1584 3166 1577 3166 1575 3166 1537 3148 1535 3148 1533 3148 1411 3173 1402 3173 1398 3173 1306 3157 1304 3157 1194 3180 1182 3184 1133 3184 1059 3184 1016 3169 1014 3169 1012 3169 846 3193 848 3236"/></Shape>
            <String CONTENT="obéissants serviteurs."
                    HPOS="846"
                    VPOS="3135"
                    WIDTH="1156"
                    HEIGHT="123"
                    ></String>
          </TextLine>
          <TextLine ID="eSc_line_c9fe9760"
                    TAGREFS="LT8"
                    BASELINE="828 3337 1250 3317 1580 3315 2148 3274 2406 3267" 
                    HPOS="826"
                    VPOS="3196"
                    WIDTH="1580"
                    HEIGHT="177">
            <Shape><Polygon POINTS="828 3337 828 3373 1057 3373 1057 3371 1178 3357 1243 3350 1250 3355 1279 3373 1281 3373 1283 3373 1286 3373 1288 3373 1290 3373 1319 3350 1331 3346 1387 3348 1432 3350 1434 3350 1436 3350 1438 3350 1445 3346 1456 3339 1472 3346 1539 3371 1542 3371 1544 3371 1876 3344 2123 3344 2123 3341 2125 3341 2154 3326 2264 3333 2267 3333 2406 3306 2406 3267 2397 3196 2350 3216 2296 3207 2294 3207 2291 3207 2199 3234 2103 3223 2100 3223 2098 3223 2080 3232 2062 3218 2053 3209 2051 3209 2049 3209 2047 3209 1982 3211 1979 3211 1952 3225 1925 3238 1889 3229 1847 3218 1845 3218 1842 3218 1840 3218 1780 3236 1705 3261 1400 3274 1384 3263 1360 3243 1358 3243 1355 3243 1353 3243 1351 3243 1301 3258 1203 3252 1200 3252 1198 3252 1120 3281 1113 3283 1111 3281 1081 3258 1079 3258 1077 3258 1075 3258 906 3265 904 3265 826 3297 828 3337"/></Shape>
            <String CONTENT="Le C^te Darbaud  Le président de Peinier"
                    HPOS="826"
                    VPOS="3196"
                    WIDTH="1580"
                    HEIGHT="177"
                    ></String>
          </TextLine>
        </TextBlock>
      </PrintSpace>
    </Page>
  </Layout>
</alto>
