2528 3768
238 165 474 138 5 avril 1787

222 385 538 144 expédié le 22 dudit.

1422 219 643 153 Colonies

812 682 1500 105 a approuvé Les ordres que M^r Le C^t de

1026 579 1279 118 Le 2 février dernier Monseigneur

814 759 1515 128 Vaudreuil et de la Granville ont donnés pour

806 860 1529 134 faire traiter à l'hopital de Mars le S. Daillebout

802 962 1518 141 Lieutenant des Troupes de Cayenne dont

808 1075 1525 128 l'esprit est aliéné ils marquent aujourd'huy

810 1182 1523 140 que cet Officier refuse de prendre les remedes

812 1312 1529 136 qui pourroient apporter quelque soulagement

810 1427 1529 107 à son mal et qu'en conséquence il devient

810 1519 1533 143 indispensable de le faire transferer dans une

806 1643 1529 123 des maisons destinées à recevoir cette espèce de

821 1756 1478 125 malades. M^r Le C^te de Vaudreuil et de

821 1871 1497 157 la Granville ajoutent qu'ils avoient jetté

816 1997 1521 131 leurs vues sur l'hopital de la Rochelle, mais

816 2135 1464 117 qu'ils ont appris que quoique la pension

818 2250 1450 109 soit de 600^lt les malades y manquent

816 2352 1527 116 absolument de soins et sont très mal traités.

816 2480 1492 126 Cette considération qu'inspire l'humanité

810 2599 1527 130 les détermine à supplier Monseigneur

810 2725 1458 134 de désigner lui même un lieu convenable

816 2846 1521 147 pour y faire transferer le S. Daillebout et

821 2980 1503 122 de donner des ordres pour que la pension
