2880 4248
198 286 641 216 M. D L. C

1558 311 795 300 M Daillebout

297 717 248 219 N°⟦⟧

389 888 776 262 Monseingeur

1470 1689 737 135 M Lesurne cte Muy

165 1925 2436 253 Permété que je vous demande de nouvaux de vouloir

139 2081 2391 212 bien accordé a mon fis vôtre resouvenir comme

132 2159 2419 250 vous aves eu assé de bontée de me faire espéré

139 2303 2346 226 la lettre que vous m'avez fait l'honneur de m'écrire

136 2378 2413 272 aux moix de janvié dernié d'après la demande de

129 2485 2470 297 M^r de la Touche et M^r de Cherisé pour lui vous me faite

129 2650 2333 274 éspéré que la prochéne place qui n'ons que vous

132 2813 2101 221 lui destiné dans la ᑕolonie de S^t ᗞomingue

136 2883 2319 277 en concécence Monseigneur j'implore vox bontée

125 3004 2323 264 et la continuasion de votre resouvenir a vous

125 3190 1357 177 voullé bien nous la ᑕordé

139 3296 1780 260 j'ay l'honneur d'aitre avec réspec

118 3712 812 172 Monseingeur

1576 3603 909 229 Votre très Humble

146 3953 734 158 a Rochefort le 9 May 1778.

1520 3797 857 139 servante veuve

1737 3865 633 243 d'ᗅilleboust
