3200 3840
1337 1767 98 89 Par
1515 1755 388 96 Monseigneur

1519 1906 208 97 Bavau

955 2231 255 111 Pierre
1271 2230 300 108 Etienne
1632 2223 443 138 Bourgeois
2137 2257 37 100 de
2209 2233 227 130 Boynes

1011 2355 348 98 Chevalier,
1397 2378 314 74 Seigneur
1789 2375 53 81 de
1887 2374 327 89 Boynes,
2253 2373 47 85 de
2351 2388 40 73 la

1036 2448 326 99 Baronie
1443 2449 40 95 de
1564 2458 161 97 Laas
1790 2483 33 64 et
1896 2456 55 104 du
2002 2460 402 110 Marquisat

1051 2536 44 100 de
1167 2570 49 69 La
1276 2551 356 97 Motthe,
1671 2555 363 103 Conseiller
2121 2570 206 94 d'Etat

1038 2655 336 93 ordinaire
1459 2678 35 75 et
1559 2672 383 99 secretaire
2033 2677 196 94 d'etat
2307 2699 35 70 et

1036 2765 83 81 des
1163 2762 596 113 Commandemens
1824 2788 56 89 de
1938 2784 62 96 sa
2051 2785 329 103 Majeste

1061 2883 184 83 ayant
1327 2871 45 99 Le
1432 2873 464 115 Departement
1971 2906 51 74 de
2077 2894 42 98 la
2175 2898 252 96 Marine

1060 3007 34 67 et
1164 2983 91 87 des
1305 2986 330 95 Colonies.

813 370 167 88 Finances
1030 364 22 79 de
1089 365 22 78 la
1167 350 167 93 Marine;
1371 349 3 94 e
1456 356 41 83 des
1548 345 244 88 Fortifications
1830 332 198 96 Maritimes
2066 337 28 78 au
2138 330 81 81 Port
2262 335 2 73 &

818 441 239 78 Departement
1105 436 25 77 de
1166 430 184 83 Rochefort.

835 644 461 89 GERTIFIONS
1356 669 50 60 que
1447 649 21 79 la
1516 646 175 81 signatire
1730 639 30 72 de
1800 636 120 77 l'autre
1959 635 72 79 part
2071 627 36 71 est
2147 618 78 79 celle
2271 620 30 74 de

821 731 72 66 Mr.
924 732 192 64 Clressen
1265 714 245 80 Commissaire
1569 712 169 73 ordinaire
1790 707 29 71 de
1876 705 24 68 la
1963 704 137 72 Marine
2164 699 148 75 prepose

826 799 29 62 au
905 794 95 65 detail
1041 789 43 66 des
1115 789 169 64 Colonies
1325 794 25 54 en
1405 793 24 53 ce
1470 778 109 66 Port,
1620 778 1 63 &
1698 773 49 66 que
1807 768 43 68 foi
1885 769 67 65 doit
1998 772 57 59 etre
2110 761 137 67 ajouree
2296 759 16 65 a

820 865 101 65 ladite
983 860 204 68 signature,
1224 862 71 58 tant
1343 860 26 57 en
1432 845 178 72 jugement
1674 845 50 64 que
1772 834 154 70 dehors;
1980 834 178 67 pourquoi
2207 834 94 57 Nous

825 921 104 64 avons
955 917 99 64 signe
1080 919 1 59 &
1151 910 126 66 delivre
1312 910 41 62 ces
1402 910 170 60 presentes
1607 897 269 68 contre-signees
1916 893 23 64 de
1987 894 91 61 notre
2117 886 184 66 Secretaire

830 981 0 68 &
895 980 15 67 a
935 978 105 68 icelles
1081 976 55 67 fait
1176 972 135 69 apposer
1349 968 22 70 le
1419 966 133 70 Cachet
1590 962 27 71 de
1656 966 51 66 nos
1755 960 137 69 Armes.
1930 953 2 73 A
1990 947 203 78 Rochefort
2226 954 17 66 le

848 1051 155 95 quinze
1048 1041 142 105 fevrier

1553 1035 46 64 mil
1634 1030 69 66 sept
1743 1032 73 61 cent
1866 1021 153 68 soixante
2060 1021 192 62 douze.

1347 1132 425 119 D'aubenton

988 3131 0 70 d
1060 3114 216 103 tifions
1362 3124 14 77 a
1412 3121 94 76 Cous
1564 3125 79 94 qu'il
1679 3125 288 96 appartiendra
2045 3135 59 84 que
2124 3124 31 99 la
2182 3118 210 105 signature

918 3229 164 77 apposee
1143 3210 116 73 aubas
1313 3218 28 77 de
1361 3214 27 80 la
1443 3212 279 101 Legalisation
1770 3232 34 81 cy
1838 3230 129 74 dessus
2022 3230 20 66 et
2076 3229 27 72 de
2124 3228 122 87 l'autre
2280 3227 89 88 part

2957 453 25 82 2e
