3168 3760
733 327 323 76 JUGEMENT

732 411 57 58 p2r
825 412 216 66 contumece

814 465 112 61 contre

1590 282 395 100 Laroch

772 504 1 83 n
818 479 208 125 Petenent
1077 442 144 168 DE
1372 453 234 172 LAE

1861 465 0 55 3

2008 484 125 158 LE
2280 499 319 161 RDI.

1099 693 109 130 VU
1277 710 72 112 par
1391 734 29 95 le
1462 739 218 100 Conseil
1719 749 40 89 de
1808 770 164 82 guerre
2012 762 244 92 assemblé
2296 790 13 79 à
2341 760 32 111 la
2402 772 100 105 base
2555 764 98 118 lerre

1057 832 72 73 ille
1217 833 310 91 Guadeloupe
1634 843 73 89 par
1750 849 131 82 ordre
1930 854 41 77 de
2013 861 73 80 M.
2110 860 27 72 de
2161 862 272 98 Repentiguy,
2456 874 201 93 Brigadier

1040 894 62 72 des
1168 915 149 66 armées
1371 905 49 80 du
1451 908 104 85 Roy,
1592 914 123 69 colonel
1762 924 40 62 du
1824 922 96 78 Régt
1965 926 33 67 de
2020 931 34 72 la
2093 931 285 89 Guadeloupe,
2399 956 143 75 faisant
2583 954 57 79 les

1038 954 186 73 fonctions
1283 967 33 67 de
1340 962 79 72 Loeut
1485 966 37 58 de
1541 971 78 55 RRoy
1669 973 27 67 du
1720 973 74 71 fort
1838 986 64 63 S^t
1924 984 128 69 Charle
2114 997 25 59 et
2180 993 72 70 ville
2299 1000 83 67 baste
2439 1013 92 57 terre

1066 1008 4 79 e
1129 1008 177 73 Procès
1365 1013 561 95 extraordinairement
1978 1039 208 81 instruit
2239 1058 53 65 au
2351 1057 207 86 nommé

1056 1077 123 57 acques
1233 1077 29 57 la
1311 1077 117 57 Roch,
1455 1077 34 66 dit
1532 1078 24 70 la
1604 1082 72 63 Roch
1771 1088 194 73 Chasteur
2008 1105 35 50 de
2069 1105 24 54 la
2146 1105 107 63 Comp^e
2307 1105 25 68 de
2367 1105 181 75 tarragon
2610 1128 64 55 fils

992 1130 36 69 de
1117 1115 108 80 Julien
1291 1124 20 63 la
1363 1132 134 71 Roch,
1521 1138 22 68 et
1580 1137 29 87 de
1646 1134 76 84 fecuu
1798 1151 108 57 marie
1956 1146 241 93 Guerelle,
2227 1160 82 91 notif
2385 1166 44 67 de
2457 1169 228 93 Cherbourg

994 1207 25 55 en
1094 1192 277 90 Normandie,
1408 1199 44 80 son
1514 1201 172 93 dudit,
1721 1217 71 77 agé
1847 1222 33 57 de
1948 1211 96 89 Vingt
2098 1217 78 80 deux
2249 1230 59 64 ans
2387 1225 115 80 taille
2557 1246 32 61 de

983 1272 64 83 cinq
1094 1279 64 74 pied
1243 1278 120 81 quatre
1391 1293 127 73 ponces
1578 1282 65 86 six
1703 1286 156 80 Lignes,
1876 1289 175 77 Cheveux
2106 1301 32 77 et
2174 1295 150 76 souriile
2367 1300 156 71 brens;
2553 1308 51 65 les

974 1350 70 71 Jis
1123 1354 125 70 rous,
1273 1358 23 77 le
1355 1366 50 70 nez
1484 1363 42 86 un
1559 1365 63 84 peu
1689 1351 144 94 époté,
1874 1364 20 74 la
1935 1356 136 94 bouche
2125 1368 192 87 moyenne,
2337 1357 20 74 le
2419 1364 109 87 menlon
2582 1361 75 79 rond

1026 1460 185 81 accusé
1242 1459 185 93 d'avoir
1465 1471 205 93 déserté
1693 1475 31 91 le
1775 1476 103 93 Rois
1924 1498 122 75 May

1025 1540 42 83 de
1109 1545 29 78 la
1181 1545 333 93 Compagnie
1564 1563 67 85 des
1667 1562 197 94 Chasseurs
1966 1573 34 77 de
2070 1575 190 89 Tarrogon

2442 1522 55 105 80

1022 1630 46 74 au
1108 1627 285 86 Régiment
1440 1641 415 86 d'Armagnac.
1944 1656 175 90 fugitif
2159 1667 3 81 &
2221 1680 316 80 contumax;

1011 1705 367 87 l'information
1434 1726 67 76 dit
1570 1732 96 79 onze
1733 1754 92 66 may
1910 1745 91 75 1780
2111 1746 25 78 le
2180 1753 345 89 recollement

1012 1792 75 70 des
1127 1796 219 81 témoins
1390 1806 54 75 du
1494 1819 48 63 dit
1592 1805 71 74 jour
1731 1803 30 73 et
1834 1822 36 52 au

2009 1828 11 66 e
2082 1827 63 79 les
2182 1834 337 96 conclusions

1009 1860 54 91 du
1105 1865 1 81 S
1166 1863 79 86 Jean
1297 1873 44 79 de
1374 1871 157 107 lesponne
1583 1877 80 106 Cop^e
1686 1880 50 81 aid
1807 1884 169 107 Major
2008 1913 29 77 au
2059 1901 91 98 Reg^t
2199 1896 38 90 de
2259 1910 30 99 la
2337 1904 116 105 Guade
2485 1932 82 81 loup

1083 1948 150 87 Ledit
1273 1959 212 90 Conseil
1525 1965 46 88 de
1624 1979 161 75 guerre
1839 1992 2 62 a
1888 1980 205 88 déclaré
2128 1984 33 82 la
2202 2006 315 80 contumacé

997 2034 103 75 bien
1150 2037 3 74 &
1219 2044 251 80 duement
1509 2054 271 81 instruite;
1815 2078 39 60 en
1905 2070 361 84 conséquence
2310 2081 187 82 declare

993 2111 271 84 ledifinques
1305 2145 19 50 la
1358 2128 135 81 Roch,
1520 2129 44 84 dit
1609 2136 28 81 la
1664 2137 93 78 Roch
1922 2153 176 78 atteint
2131 2156 3 77 &
2203 2168 284 83 convaincu

993 2192 60 76 du
1099 2195 138 83 crime
1283 2199 44 83 de
1378 2203 240 90 désertion

989 2270 54 90 Et
1086 2278 113 88 pour
1243 2281 284 99 réparation
1590 2294 205 98 d'icelui
1845 2302 43 86 l'a
1943 2311 305 95 condamné
2303 2320 68 93 aux
2440 2334 193 90 Chaues

981 2358 69 83 des
1109 2369 174 82 Galéees
1355 2368 150 90 lespace
1558 2375 45 75 de
1644 2377 76 86 huut
1779 2395 137 68 années
1963 2393 291 82 consécutives

983 2431 98 90 Fait
1128 2435 22 86 à
1176 2435 17 86 la
1224 2436 106 96 basse
1397 2442 113 97 terre
1569 2445 236 105 Guadeloupe
1859 2461 22 93 le
1948 2485 78 69 ouze

979 2527 59 74 du
1095 2529 96 82 mois
1230 2536 55 75 de
1337 2546 107 69 Maye

983 2596 279 71 Badisser

1001 2662 206 80 Baerdes

970 2776 265 92 Chevanns

1648 2553 105 81 1780

1363 2653 406 150 Repurtigny

2115 2603 117 81 marin

2098 2661 236 79 grilliére

2091 2730 249 132 DEugny

1025 3016 40 94 Le
1108 3008 131 103 présent
1281 3010 191 114 Jugement
1507 3041 10 82 à
1537 3035 56 88 été
1613 3032 25 90 lu
1673 3029 18 91 à
1711 3031 24 92 la
1764 3047 115 89 Garde
1922 3043 213 102 montanté,
2162 3052 26 93 le
2245 3043 132 101 douze
2442 3045 146 111 dudit
