3200 3680
2002 178 485 176 Negrier.

668 725 234 70 NOCHENORT
970 742 0 46 L
1092 742 239 43 XIRAIT
1390 742 48 37 des
1487 742 171 37 Régitres
1697 742 141 36 deposes
1882 742 25 36 au
1951 742 121 36 Bureau
2116 742 44 35 des
2199 742 166 35 COTONtS
2404 742 25 34 En

953 785 27 65 ce
1029 785 108 73 Port,
1180 786 49 67 des
1267 786 97 69 Listes
1407 777 49 74 des
1504 775 174 79 Passagers
1715 776 114 74 allants
1871 772 1 76 &
1937 777 179 70 revenants
2169 770 44 73 des
2250 768 190 73 Colonies.

1091 899 232 78 EXTRAIT
1376 903 24 74 de
1442 895 17 82 la
1507 899 65 78 liste
1626 894 119 83 arrétée
1792 896 12 81 à
1840 891 41 79 S^t
1905 890 166 80 Martin
2107 904 24 68 de
2161 887 89 86 L'Isle
2285 898 24 67 de
2339 892 65 79 Ré

1095 969 23 67 le
1152 975 33 67 4.
1213 969 129 76 fevrier
1387 970 123 76 1771.-
1549 964 51 78 des
1638 962 169 80 Passagers
1841 958 207 79 embarqués
2081 958 46 80 sur
2148 960 35 78 le
2238 959 130 71 Navire

1090 1034 209 81 particulier
1328 1032 19 86 Le
1375 1028 364 86 Comte-de-Nolivos
1797 1024 215 86 commandé
2047 1029 48 79 par
2136 1023 31 75 le
2243 1025 60 76 S.

1097 1099 162 68 Cadon

1095 1175 35 80 la
1178 1173 151 83 Colonie
1369 1175 36 96 de
1444 1170 43 90 S^t
1513 1169 296 98 Domingue.

2160 1083 140 86 destinés
2344 1097 82 70 pour

962 1239 154 155 Joreph
1163 1268 190 126 Negrier
1388 1272 166 122 Jusilier
1589 1294 36 98 du
1660 1273 107 123 Rígôt
1814 1304 24 58 de
1885 1260 189 109 Rerues
2122 1224 47 141 des
2205 1224 177 139 Colonres

932 1388 103 110 "fils
1066 1395 32 88 de
1129 1386 48 109 feu
1224 1387 190 68 Maurice
1453 1384 150 112 Negrier
1658 1382 166 83 Tailleur
1879 1384 25 110 de
1935 1396 142 98 pierre,
2108 1387 65 105 agé
2203 1381 33 111 de
2265 1375 120 117 Vigt
2416 1379 87 66 neuf

942 1487 0 56 "
992 1480 75 73 ans,
1098 1472 99 85 natif
1229 1470 31 75 de
1297 1472 280 85 Chambourne
1614 1483 25 65 en
1689 1474 224 82 Limousin.
1944 1498 18 61 Et
2006 1498 25 61 en
2093 1498 112 69 marge
2236 1498 43 69 est
2304 1478 187 90 apostillé

993 1567 118 93 d'apres
1144 1586 19 48 la
1216 1566 72 67 Liste
1327 1575 144 66 revenué
1497 1568 176 92 dechargée
1713 1575 26 64 de
1772 1564 19 77 la
1837 1563 170 82 Colonie:
2040 1563 104 77 Mort
2177 1563 13 74 le
2223 1575 85 83 cinq
2354 1563 78 87 Juin

949 1675 0 56 "
1007 1654 51 104 mil
1087 1656 72 102 sept
1188 1666 73 92 cent
1297 1654 313 98 soixante-ouze
1654 1678 22 49 à
1712 1649 182 94 Lisbonne
1944 1676 44 65 où
2017 1656 15 83 le
2075 1661 117 77 navire
2235 1674 0 75 a
2272 1647 58 105 été
2359 1647 87 97 force

967 1764 0 90 "
995 1756 84 98 par
1128 1759 56 89 une
1226 1756 70 98 voye
1324 1753 85 85 deau
1458 1750 28 96 de
1521 1750 210 89 relacher.

664 946 220 88 COLONIES

1976 2081 70 75 uri
2100 2048 12 98 l.
2139 2030 3 132 J

953 2418 243 90 NOUS
1246 2425 241 81 commissaire
1533 2426 162 78 ordinaire
1740 2426 26 77 de
1805 2432 20 70 la
1877 2434 162 68 Marine,
2071 2432 149 68 préposé
2259 2449 26 50 au
2331 2432 91 67 détail

944 2502 48 67 des
1036 2502 168 67 Colonies
1247 2507 29 62 en
1338 2509 19 60 ce
1415 2510 101 59 Port,
1554 2502 173 67 certifions
1780 2500 159 69 l'Exirait
1982 2500 153 69 ci-dessus
2179 2500 158 69 véritable
2390 2503 0 66 &

947 2566 175 68 conforme
1177 2569 45 63 aux
1272 2566 170 71 Registres
1492 2565 135 72 déposés
1672 2569 31 60 au
1748 2564 125 60 Bureau
1933 2563 45 62 des
2018 2563 170 64 Colonies
2233 2569 25 59 en
2313 2571 25 57 ce
2383 2565 35 64 dit

942 2632 106 66 Port,
1092 2629 43 68 des
1178 2628 97 69 Listes
1318 2629 48 67 des
1414 2627 169 69 Passagers
1626 2628 115 67 allants
1785 2629 0 65 &
1857 2641 183 53 revenants
2088 2627 48 66 des
2179 2627 183 66 Colonies.

1001 2690 125 65 FAIT
1178 2698 11 57 à
1235 2692 198 63 Rochefort
1469 2692 25 72 le
1536 2702 210 71 quilteme
1783 2743 0 29 p
1923 2702 136 66 aois
2094 2702 27 67 de
2157 2692 152 81 fevrier

956 2751 39 63 mil
1036 2747 67 69 sept
1146 2751 72 66 cent
1259 2750 147 70 soixante
1454 2759 114 63 douze

1631 2834 284 72 Clacues

1016 3052 627 82 FRANÇOIS-AMBROISE
1730 3052 412 84 DAUBENTON,
2194 3050 215 79 Chevalier,

937 3123 178 85 Conseiller
1165 3133 32 76 du
1229 3127 57 82 Roi
1331 3140 25 60 en
1400 3126 38 85 ses
1483 3122 178 87 Conseils,
1705 3121 178 89 Intendant
1940 3123 26 82 de
2023 3120 133 91 Justice,
2213 3119 102 89 Police
2379 3119 0 76 &
