3232 3856
1159 483 179 109 roduit
1452 475 152 91 trois
1742 469 136 82 mille
1952 478 144 68 cinq
2155 450 110 80 Cent
2352 439 144 98 vingt

1091 582 46 110 se
1177 586 53 96 jt
1308 559 152 102 pieds
1582 555 251 111 anglais.

1178 665 100 83 Item
1357 649 125 92 Cent
1537 638 238 79 soixante
1842 619 243 85 quatorze
2131 617 128 64 pieces
2347 602 38 63 de
2425 600 85 72 bois

1115 754 78 73 qui
1252 745 73 64 ont
1395 715 235 87 produit
1727 701 119 83 trois
1948 687 177 82 Melle
2191 674 294 80 Cinquante

1085 825 131 95 sept
1302 801 155 87 pieds
1558 792 250 76 francois
1903 769 45 79 et
2050 762 96 92 huit
2250 745 93 66 mille
2412 748 80 82 sys

1078 888 133 84 Cent
1320 886 61 70 ds
1454 861 146 89 pieds
1701 852 159 78 anglais

1220 966 73 72 qui
1365 947 41 83 en
1490 936 91 79 tout
1659 941 154 74 cequi
1891 929 3 53 a
1960 919 72 66 ete
2122 897 237 83 decharge
2429 874 111 72 dudit

1101 1023 322 96 Briyantin
1503 1021 33 79 et
1630 1020 4 57 a
1715 994 162 91 ledit
1969 969 271 84 sabstitut
2327 961 41 64 du
2395 969 186 54 procureur

1103 1117 55 71 du
1204 1111 85 75 Loy
1350 1118 153 62 signe
1581 1105 4 62 a
1624 1090 61 72 vu
1757 1079 91 77 nous
1950 1067 5 72 &
2045 1058 36 91 Le
2140 1043 179 101 greffier
2377 1038 161 74 Commis

1086 1190 162 99 segne
1313 1186 5 82 a
1389 1178 54 94 La
1494 1180 183 79 minutie
1744 1162 45 99 Le
1826 1156 142 91 seurre
2070 1137 279 99 Sauteyron
2388 1128 168 88 Cilleuser

1040 1278 90 92 6te
1165 1270 262 103 Poutenelle
1510 1255 6 66 &
1588 1243 260 80 Barrault
1907 1237 260 84 Donarcay
2226 1209 93 88 Gl.

1342 1383 5 88 t
1468 1375 282 90 advenant
1857 1359 39 89 Le
1946 1363 109 88 huit
2142 1345 92 85 Juin
2289 1330 126 87 audit
2489 1343 37 79 an

1151 1475 99 87 nous
1361 1467 310 81 Conseiller
1770 1448 49 64 du
1847 1456 75 75 roy
1968 1442 125 86 suge
2168 1439 91 64 sis
2370 1414 61 73 dit

1126 1571 344 91 enconpagnie
1583 1550 54 68 du
1708 1542 59 71 dit
1857 1523 288 77 Substtut
2222 1512 54 70 du
2310 1512 219 67 procureur

1113 1649 47 88 du
1207 1643 82 100 roy
1370 1636 4 74 &
1449 1644 5 89 a
1507 1633 159 80 seiste
1756 1630 48 87 du
1850 1611 201 102 greffier
2120 1593 283 95 Commis,
2434 1587 146 78 somme

1098 1724 373 103 transportes
1572 1709 151 87 audit
1830 1690 449 90 ambarcadaire,
2324 1697 49 53 ou
2418 1669 131 75 etant

1122 1841 173 69 arrive
1374 1816 78 78 sur
1516 1800 71 83 les
1686 1793 134 89 Cinq
1882 1779 156 94 heures
2161 1772 53 87 du
2256 1766 100 73 soir
2448 1769 91 46 nous

1123 1908 155 82 avons
1385 1902 117 88 fait
1601 1889 42 76 de
1670 1889 204 81 charge
1972 1866 35 75 le
2063 1853 278 80 Radeau
2406 1858 147 73 chorge

1131 1998 34 85 de
1210 1991 99 83 bois
1436 1972 316 86 provenant
1878 1953 57 91 du
2002 1936 339 102 Brigantin
2418 1918 53 87 la

1138 2105 139 80 nancy
1341 2067 49 80 &.
1445 2061 79 91 ses
1628 2083 3 54 a
1687 2049 109 91 Vous
1876 2035 93 112 fait
2056 2026 252 108 Compter
2380 2022 153 90 pecter

1131 2170 37 82 et
1272 2176 44 74 me
1354 2155 144 74 surer
1566 2146 205 79 Comme
1821 2136 154 76 suit.

1274 2240 412 90 Premierement
1782 2230 108 83 trois
1988 2231 120 74 melle
2167 2211 121 84 Cinq
2334 2207 120 75 Cent

1151 2336 198 80 esseules

1214 2396 114 99 Itun
1403 2387 114 91 deux
1592 2373 136 104 Cents
1790 2364 98 103 sept
1970 2366 135 75 pieces
2209 2345 33 75 de
2276 2362 83 58 bois
2428 2339 69 85 qui
2545 2349 46 54 ost

1146 2485 219 91 produit
1452 2463 86 92 six
1631 2470 97 67 mille
1827 2445 152 88 quatre
2068 2431 126 81 Cent
2283 2418 120 84 trente
2468 2415 101 80 Cinq

1167 2557 124 75 pieds
1387 2548 230 84 francois
1736 2539 31 71 et
1858 2530 109 71 ouze
2092 2510 136 79 milles
2279 2502 92 84 huit
2429 2495 103 81 Cent

1155 2620 331 113 quatrevingt
1571 2601 90 91 six
1777 2591 131 94 pieds
2025 2579 177 116 anglais

1272 2713 85 93 qui
1424 2713 49 70 est
1539 2692 97 92 tout
1716 2688 51 99 Ce
1805 2684 70 91 qui
1962 2700 3 65 a
2051 2687 77 75 ete
2208 2680 276 87 decharge
2546 2657 53 64 du

1134 2797 64 77 dit
1267 2773 322 94 Brigantin
1657 2769 58 82 ct
1796 2784 2 50 a
1862 2762 33 83 le
1963 2756 64 79 dit
2096 2743 255 93 substitut
2444 2741 57 69 de

1152 2881 282 69 procuieur
1529 2859 64 73 du
1639 2857 84 68 roy
1798 2843 161 77 signe
2017 2857 2 47 a
2067 2838 62 70 vec
2225 2824 112 73 nous
2417 2821 2 64 &
2482 2817 41 71 Le

1130 2943 243 105 Greffier
1460 2928 238 90 Commis
1770 2931 175 89 signe
2018 2934 3 52 a
2087 2911 58 81 La
2210 2899 204 85 minutte
2472 2887 38 96 Le
2534 2890 99 84 seuree

1145 3021 293 113 santeyron
1498 3008 262 102 Sailleuses
1872 2996 34 93 de
1960 2991 249 89 Contenelle
2269 2973 32 87 de
2341 2976 248 77 Barrault

1149 3115 286 79 Denarcay
1501 3092 122 92 G..

1342 3233 77 106 Et
1522 3211 40 105 le
1639 3211 112 124 neuf
1804 3212 109 125 Juin
1994 3207 163 126 audit
2220 3217 46 114 on
2337 3208 164 95 nous

1837 3420 0 102 6

2954 3122 147 201 Nis
