3232 3856
1109 495 67 102 Les
1287 471 212 119 Paseaus
1609 460 43 106 et
1724 449 229 114 Ecoutilles
2074 454 139 89 dudit
2282 455 209 90 Brigate

1107 595 29 73 &e
1193 577 428 91 L'impossibilité
1709 563 34 71 de
1788 564 174 70 trouver
2069 539 80 77 des
2227 539 160 80 hacous
2476 531 99 78 pour

1116 677 27 75 de
1177 653 244 94 barasser
1513 647 43 78 Le
1602 634 75 96 dit
1746 627 137 94 pont
1971 618 47 91 ce
2061 606 271 91 Jourdhoy
2376 622 1 54 a
2421 599 91 83 vous

1112 743 259 85 Renvoyé
1442 735 5 72 a
1517 716 130 90 faire
1724 699 211 85 proceder
2041 700 42 61 au
2122 685 346 90 dechargement

1122 823 35 72 de
1195 814 49 79 la
1314 799 292 102 Cargaison
1688 791 56 72 du
1820 770 70 81 dit
1969 751 303 102 Brigantin
2339 764 0 67 a
2383 750 169 87 demain

1122 894 106 82 huit
1307 876 161 90 heures
1571 878 53 67 du
1680 860 123 76 matin
1860 853 34 76 et
1974 834 183 88 attendû
2257 837 85 74 qu'il
2407 840 73 57 n'est

1123 975 98 85 pas
1294 953 231 101 possible
1620 935 232 96 d'apposer
1954 923 117 76 Nos
2135 906 142 77 secices
2347 893 63 82 sor
2461 884 56 79 les

1126 1032 355 99 parreau&et
1554 1016 212 86 Ecousilles
1880 994 129 84 dudit
2077 985 293 88 Brigantin
2423 980 90 76 etre

1114 1130 116 91 trop
1315 1104 307 95 ambarassés
1716 1087 139 74 avons
1935 1078 180 89 etably
2181 1077 122 75 pour
2344 1054 170 86 Gardien

1118 1211 146 61 dicelle
1355 1191 38 94 Le
1436 1184 104 90 sieur
1603 1172 40 94 Le
1691 1162 128 98 seurre
1872 1154 207 90 huissier
2151 1165 29 44 en
2224 1142 45 92 Ce
2306 1138 130 94 siege,
2467 1135 110 86 Lequel

1120 1283 42 88 cy
1231 1278 192 81 present
1524 1269 4 64 a
1576 1236 409 87 volontairement
2107 1233 179 77 accepté
2368 1211 49 70 la
2459 1205 82 68 dite

1196 1345 150 86 harge
1430 1344 3 69 &
1524 1335 189 79 promis
1784 1332 3 65 p
1850 1322 44 78 au
1943 1304 177 85 servient
2201 1294 59 60 La
2311 1281 215 95 mainhevr

1139 1419 181 95 devant
1409 1416 88 76 nous
1602 1397 45 81 de
1687 1392 33 75 se
1765 1389 113 87 bien
1923 1391 5 61 &
2022 1364 297 87 sidellement
2375 1351 199 86 comporter

1124 1509 105 83 sous
1321 1500 73 78 les
1463 1490 167 86 peines
1745 1478 44 75 de
1843 1461 348 82 l'ordonnance
2295 1442 106 81 fait
2478 1431 30 68 et

1140 1598 155 69 redege
1363 1581 40 77 Le
1449 1572 189 79 present
1729 1559 155 75 procés
1992 1528 229 80 Verbal.
2284 1535 4 49 a
2328 1508 100 73 bord
2486 1503 43 61 du

1139 1661 61 84 dit
1254 1644 370 96 Brigantin.
1677 1630 78 85 Les
1848 1619 88 92 dits
1994 1615 97 73 Jour
2167 1600 83 76 mois
2311 1599 3 64 &
2384 1606 30 59 an
2477 1601 60 64 qui

1130 1740 132 98 dessus
1390 1733 5 80 &
1463 1728 5 75 a
1524 1725 38 89 le
1629 1712 59 87 dit
1758 1704 103 82 sieur
1956 1693 32 96 Le
2023 1694 162 92 seurre
2284 1677 135 85 signé
2457 1685 75 62 avec

1143 1821 43 81 Le
1264 1807 81 80 dit
1432 1798 211 99 Cape,
1704 1780 42 103 le
1808 1763 265 101 procureur
2135 1759 47 70 du
2216 1749 119 95 roy,
2399 1755 82 75 nous
2529 1748 3 68 &

1128 1898 33 96 Le
1202 1885 202 105 greffier
1504 1874 209 77 Commis
1814 1854 5 76 &
1894 1850 36 75 le
1991 1842 65 71 dit
2152 1827 274 82 interprete
2496 1818 81 90 signe

1150 2001 6 75 a
1201 1993 57 82 la
1367 1967 187 76 minure
1658 1951 43 95 Le
1752 1952 195 87 seurre,
1987 1934 184 101 Gedean
2228 1934 104 72 Salet
2388 1918 205 88 Debouy,

1140 2062 213 103 Vouon,
1403 2043 235 97 Barrese
1735 2041 4 80 &
1814 2029 296 66 Barraulle
2161 2013 251 111 Demariay
2455 2002 49 92 G^e

1292 2197 82 109 Et
1487 2188 49 118 Le
1598 2183 99 117 sixx
1776 2188 105 91 Jain
1989 2194 71 75 mil
2142 2170 112 109 sept
2354 2165 121 84 Cent

1150 2320 227 88 soixant
1503 2300 265 95 quatorze
1863 2300 48 67 au
1969 2289 96 73 sois
2180 2271 96 72 sur
2322 2268 127 68 Leves
2514 2255 53 80 qui

1179 2410 107 66 nous
1424 2411 3 48 a
1507 2391 81 69 eté
1684 2382 160 71 donné
1929 2382 86 57 par
2101 2363 49 72 Le
2189 2364 128 69 seurre
2387 2343 174 77 huissier

1168 2481 3 77 d
1282 2466 210 100 Gardien
1556 2452 183 89 etable
1823 2457 4 67 a
1876 2440 117 82 bord
2084 2435 56 72 du
2204 2426 284 93 Brigantin
2531 2412 36 66 La

1184 2568 125 70 namy
1399 2540 46 93 Le
1506 2528 138 93 vingt
1727 2523 103 103 sept
1935 2515 38 88 de
2071 2516 53 77 Ce
2165 2530 96 59 mois
2357 2518 126 78 qu'en
2511 2487 113 71 radeau

1177 2641 191 87 chargé
1436 2625 36 85 de
1508 2615 106 86 bois
1702 2615 4 90 &
1788 2612 229 89 planches
2124 2589 146 84 venoit
2352 2592 138 68 detre

1175 2716 246 88 dechargé
1503 2716 3 70 a
1575 2690 428 99 Lambarcadaire
2097 2679 215 88 Cazon,
2383 2667 98 78 nous

1166 2794 212 92 charles
1475 2782 212 92 françois
1793 2765 160 84 antoine
2026 2768 250 78 saillenfet
2361 2747 47 70 de

1177 2874 271 78 Coutenelle
1519 2866 245 74 Conseiller
1852 2854 44 71 du
1937 2857 76 59 roy
2074 2834 313 84 Lieutenants
2442 2827 136 67 general

1179 2949 42 86 de
1271 2945 291 84 Lamirauté
1663 2933 50 90 du
1762 2921 133 94 port
1977 2918 36 77 au
2056 2931 153 69 prince
2279 2933 49 68 en
2370 2901 237 90 Compagne

1181 3036 61 74 du
1299 3016 233 84 substites
1630 3016 45 68 du
1730 2994 280 93 procureur
2112 2997 73 73 du
2237 3006 91 60 roy
2417 2984 5 79 &
2479 2985 139 76 apiste

1188 3109 47 77 du
1288 3095 223 101 greffier
1600 3090 201 83 Commis
1921 3078 206 93 sommes
2211 3065 299 92 transportés
2585 3072 39 49 au

1183 3184 64 91 dit
1364 3168 376 95 ambarcadaire
1839 3185 14 54 à
1899 3156 141 91 Leffet
2136 3148 38 85 de
2243 3152 231 78 Compter
2550 3139 4 70 &

1177 3256 146 100 faire
1408 3250 158 106 pieter
1655 3243 60 88 les
1796 3242 97 102 vois
2004 3245 60 96 qui
2130 3232 53 87 se
2218 3236 277 75 trouverant

2997 1758 117 140 Jabile
