3456 2304
458 530 56 56 Par

673 291 220 80 COLONIES
948 288 420 96 XXIRAIX
1465 289 41 82 du
1568 287 213 96 Registre
1850 289 235 93 mortuaire
2146 289 35 84 de
2229 289 537 99 l'Hôpital-Militaire

641 392 277 69 FRANÇOISES.

1022 417 36 76 de
1131 435 80 83 La
1335 409 460 93 Basseterre
1992 408 591 107 Guarteroup

936 527 279 90 RÉGIMENT
1269 512 140 105 Dela
1502 512 404 111 Guadeloupe
1952 531 459 82 COMPAGNIEDe
2557 513 366 108 Rouques

952 661 218 96 NOUS
1243 687 192 71 Aumônier
1488 683 26 73 de
1561 682 450 77 l'Hôpital-Miliraire
2057 685 27 68 de
2130 666 47 90 La
2256 666 510 99 Bsseterrperrifions

941 763 52 56 que
1041 755 22 61 le
1119 755 196 63 nommé※

1452 753 245 70 Jacques
1782 752 60 69 de
1927 752 400 68 Perouseur
2427 753 115 71 pli

939 815 88 63 natif
1076 816 37 66 de
1163 810 243 72 Magur
1462 828 40 57 en
1568 815 320 73 Normandie
1907 815 230 73 surisdiction
2176 820 63 60 de
2334 819 225 69 Roues

938 874 37 67 est
1007 883 84 59 entre
1133 883 11 53 à
1165 870 195 74 l'Hôfitnl
1407 872 181 62 Militaire
1624 872 16 73 le
1676 875 154 72 frente
1887 881 179 68 Aoust
2139 876 43 66 mil
2218 876 70 74 sept
2324 884 70 56 cent
2429 880 371 72 quarre-vingt-At
2840 885 87 66 eut

999 934 36 64 est
1087 948 75 51 mort
1200 937 20 59 le
1278 937 137 66 puit
1546 938 493 73 Septembre

2256 942 0 60 6
2327 949 0 50 a
2367 942 53 58 été
2460 948 137 55 enterré
2628 948 80 57 dans
2746 943 21 63 le

935 999 190 66 Cimetiere
1172 997 95 69 dudit
1324 997 194 69 Hôpital,
1570 997 95 69 apres
1707 1009 85 54 avoir
1835 997 47 67 été
1930 1003 85 54 muni
2062 1000 24 57 de
2129 1003 76 62 tous
2242 1000 43 63 ses
2323 997 232 69 Sacremens.

996 1114 79 73 Fait
1122 1110 11 83 à
1160 1080 41 139 La
1257 1081 81 142 Boy

1411 1096 41 63 es

2210 1059 35 84 52

1561 1082 295 121 Guadle
1915 1083 42 101 Le
2033 1116 42 77 1.
2125 1137 59 61 1.
2226 1134 42 56 mil
2294 1128 75 73 sept
2395 1130 75 70 cent
2504 1128 110 70 quarre
2656 1129 93 69 vingt
2823 1081 186 113 Aett

647 1302 45 69 Vu
737 1304 51 74 par
833 1301 123 74 NoUS,
1012 1298 202 80 Ecrivain
1287 1299 248 82 principal

2045 1222 253 75 amonique
2349 1232 41 53 ux
2446 1224 126 65 carme
2623 1222 249 73 auriorner.

631 1379 57 97 des
756 1372 213 115 Colonies
1060 1402 220 89 chargé
1327 1393 39 99 de
1420 1382 39 110 la
1529 1377 141 108 Police
1740 1378 55 104 des
1880 1391 188 102 Troupes

632 1475 35 80 et
728 1475 35 80 de
838 1474 302 101 l'impection
1215 1493 76 71 des
1367 1475 316 98 hopitaux.

1301 1654 144 72 Joins
