3200 3696
612 207 316 92 JUGEMENT

545 338 110 84 contre
693 355 25 68 un
756 343 224 84 Désererir.

586 272 340 94 COMRIOITNE
1008 238 130 134 DE
1334 238 394 151 PARM
1966 301 107 88 LE
2271 241 276 144 ROI.

1047 521 90 114 VU
1227 536 73 102 par
1349 544 33 84 le
1439 535 204 102 Conseil
1724 545 33 95 de
1822 556 188 86 Guerre
2083 538 237 104 assemblé
2377 550 24 92 à
2442 523 49 119 la
2589 544 0 84 6

1007 630 243 74 banterre
1324 630 291 92 Guadeloupe
1703 650 70 65 par
1827 636 132 86 ordre
2013 633 42 90 de
2109 636 77 83 M^r
2220 632 35 87 de
2282 631 235 95 Repentigny
2550 630 90 96 brige

1007 701 44 71 des
1089 710 154 60 armées
1270 705 39 62 du
1352 711 77 65 Roy
1468 704 153 73 Colonel
1676 705 38 76 du
1758 704 93 74 Reg^t
1884 706 28 77 de
1934 707 21 74 la
2016 712 230 74 Guadaloupe

1020 758 144 63 faisant
1222 757 36 64 les
1298 757 175 65 fonctions
1517 761 23 61 de
1567 757 98 65 Lieue
1732 760 27 62 de
1840 759 53 63 Roy
1934 776 62 47 par
2054 761 171 62 Intorpe

2298 729 20 67 le
2363 721 167 96 procès

985 802 564 75 Extraordinairement
1609 804 192 78 instruit
1862 806 36 82 du
1964 817 204 68 nommé
2222 802 192 89 autoine
2480 803 138 86 Joseph

1002 871 96 69 Chos
1137 871 45 69 dit
1226 869 96 82 Ozot
1393 868 147 82 soldat
1579 872 38 70 de
1643 869 19 73 la
1700 868 160 90 Compe
1905 867 167 84 d'herbin
2129 878 32 78 au
2193 870 90 87 Reg^t
2315 866 269 90 d'Armagnad

1020 938 57 89 fils
1115 938 201 92 d'antoine
1372 944 120 85 Joseph
1548 952 32 74 et
1617 943 25 74 de
1686 946 139 80 Marie
1881 944 126 84 helene
2057 947 163 84 Jutier,
2264 959 63 77 agé
2365 969 25 56 de
2428 948 100 87 vingt
2553 951 98 73 quatre

1011 1025 98 77 ans,
1157 1018 116 68 Taille
1340 1038 73 70 anq
1456 1024 91 84 pds
1595 1021 80 83 trois
1717 1033 122 68 pours
1881 1027 61 68 six
1985 1022 158 83 Lignes,
2179 1024 116 86 visage
2332 1024 109 78 oval,
2502 1033 140 77 marqué

1004 1082 167 83 depetite
1223 1085 154 58 verole,
1454 1087 25 74 Le
1510 1091 54 76 nez
1600 1088 150 77 relesé,
1780 1091 181 73 labouche
2037 1096 225 77 moyenne,
2313 1108 77 64 yeux
2467 1107 77 69 grès

1058 1133 167 57 Cheveux
1299 1145 20 46 et
1356 1136 163 57 Sourils
1576 1136 90 59 noirs

988 1175 175 89 accusé
1215 1180 181 83 d'avoir
1454 1176 195 88 déserté
1700 1180 46 78 de
1810 1180 33 81 la
1907 1188 318 87 Compagnie
2289 1187 214 87 d'herbin

1073 1262 82 72 Le
1449 1269 41 67 au
1546 1264 274 73 Régiment
1881 1266 401 73 d'armagnac

985 1338 365 87 l'information
1404 1344 49 77 du
1489 1349 128 78 vingt
1665 1351 37 71 un
1750 1347 85 82 Juin
1908 1352 97 71 1780
2084 1347 55 83 les
2194 1350 340 85 recollemens

987 1419 0 73 &
1068 1420 421 74 confrontations
1535 1428 71 66 des
1651 1422 218 73 témoins
1920 1422 71 74 des
2041 1429 82 67 dits
2163 1425 117 72 jours
2325 1425 0 72 &
2396 1445 36 52 an

985 1498 252 85 ensemble
1285 1502 54 81 les
1381 1505 421 78 interrogatoires
1843 1505 127 86 subis
2017 1513 73 78 par
2125 1507 223 88 l'accusé
2383 1517 55 72 les

994 1570 127 89 vingt
1158 1578 39 85 un
1245 1576 89 85 Juin
1397 1593 69 60 mil
1517 1577 75 87 sept
1630 1579 83 77 cen̂t
1756 1584 221 79 quatrevingt

2035 1591 5 71 &
2104 1592 63 77 les
2203 1593 336 84 conclusions

989 1659 54 81 du
1083 1652 114 92 sieur
1243 1655 94 92 Jean
1370 1657 34 81 de
1431 1675 207 77 Lesponne
1692 1669 81 68 Be
1805 1659 62 78 Ker
1906 1659 161 96 Major
2106 1669 48 79 du
2193 1661 82 88 Reg^t
2306 1671 36 87 de
2366 1681 22 77 la
2420 1663 203 91 Guadeloup

981 1739 119 86 ledit
1162 1740 212 85 Conseil
1441 1742 39 83 de
1535 1744 192 81 Guerre
1783 1758 0 67 a
1833 1743 206 92 déclaré
2088 1752 1 75 &
2162 1747 193 92 déclare
2417 1749 118 87 ledit

1148 1829 222 71 Antoine
1427 1825 142 82 Joseph
1637 1832 119 71 Ozol
1830 1831 57 74 dit
1961 1833 102 72 ohot

989 1905 170 73 atteint
1217 1909 0 70 &
1301 1905 291 76 convaincu
1645 1909 52 73 du
1750 1913 132 70 crime
1946 1924 42 60 de
2046 1909 238 76 désertion

1661 1990 1 73 &
1758 1997 112 78 pour
1917 1990 276 89 réparation
2246 1995 203 92 d'icelui
2490 1999 44 88 l'a

977 2061 305 87 condamné
1329 2065 1 76 &
1415 2067 282 91 condamne
1752 2069 16 83 à
1807 2071 39 76 la
1901 2068 211 96 Chaime
2175 2071 195 113 L'espace
2410 2073 47 113 de
2488 2092 86 94 huit

991 2161 191 75 années
1235 2159 360 77 consécutives.

1048 2240 130 86 FAIT
1249 2262 15 66 à
1314 2234 379 106 Labasseterre

2279 2250 29 94 le
2348 2244 120 100 vingt
2502 2244 84 102 deux

990 2319 45 102 du
1111 2323 98 88 mois
1262 2329 53 99 de
1376 2324 90 107 Juin
1799 2332 53 92 mil
1890 2334 93 105 sept
2033 2338 101 84 cent
2177 2338 222 107 soixane
2440 2359 162 86 quatiere

986 2416 59 79 Chr
1075 2422 25 74 de
1148 2421 163 79 Parragon

997 2500 188 89 grilliers

983 2568 206 158 Rouque

1283 2524 172 183 Pepn
1506 2521 133 157 ligue

1788 2443 36 95 Le
1902 2438 172 98 Certain

1753 2544 37 79 Le
1829 2527 88 111 Ch^e
1981 2527 212 123 hayeur

1737 2624 224 147 Langloiz

1109 2891 39 93 Le
1178 2893 130 90 présent
1339 2896 192 93 Jugement
1581 2900 1 78 a
1624 2901 60 90 été
1708 2903 154 83 exécuié
1879 2906 21 82 le

516 1030 105 87 natif
656 1028 25 85 de
710 1028 123 80 borine
874 1035 32 77 en

664 1090 181 115 flandais
