4128 3168
2104 152 10 68 ns
2138 154 10 51 ne
2172 156 78 58 na.

3050 1077 153 88 Conselte
3275 1084 212 84 L'impecteur
3542 1094 30 64 de
3614 1085 116 86 Guercy

3276 1173 192 83 epesent
3565 1177 147 82 Rogen

547 387 166 86 Rf^t
738 387 43 68 de
854 393 135 83 Tuercy

541 464 168 86 Comp^e
771 456 29 82 de
841 453 91 96 laul

345 561 162 74 Ainole
583 566 163 84 feneces
798 588 38 61 du
892 579 142 82 Lemin^s
1101 587 134 89 Sergent

358 651 143 79 mngage
548 654 27 85 le
603 660 28 76 5.
666 666 113 82 mars
812 665 121 82 1753.
974 670 185 88 congedie
1207 692 26 60 le

1902 599 183 78 LA
2326 565 1139 140 Monseigneur

1853 715 68 135 Le
2042 716 613 167 Marquis
2834 748 89 119 de
3090 768 390 120 Segur

1820 872 525 130 Ministre
2512 915 95 86 de
2728 922 66 76 la
2932 890 414 134 Guevre

731 1085 1188 137 Monseivneur

463 1459 70 70 Le
593 1460 176 74 nomme
813 1441 237 99 Arnold
1118 1439 229 107 Lemius
1414 1455 306 98 demeurant
1771 1477 25 78 a
1855 1461 268 101 Sarrabbe
2190 1458 253 110 Lorraine
2502 1472 382 105 Allemande,
2928 1474 25 105 a
2981 1475 275 109 l'honneur
3331 1483 47 96 de
3422 1492 123 94 vous
3620 1490 214 101 Exposer

465 1561 90 77 tres
629 1563 464 89 respectieusement
1159 1562 574 104 Monseigneur,
1792 1575 146 96 qu'il
1976 1576 57 88 est
2092 1602 186 71 ancien
2351 1585 328 97 Militaire
2753 1596 165 92 ayant
2971 1596 137 93 servi
3168 1629 103 67 cinq
3318 1631 137 64 ans,
3488 1633 35 68 en
3584 1608 206 91 qualite
3829 1617 36 77 de

465 1655 187 88 soldat
713 1658 125 86 dans
864 1664 29 80 le
939 1677 243 83 regiment
1249 1666 43 98 de
1324 1667 215 99 Grisons
1599 1673 44 92 de
1709 1675 216 102 Salis;
1957 1692 221 90 quatorge
2232 1708 84 73 ans
2370 1709 28 68 et
2438 1702 119 73 demi
2617 1694 119 89 dans
2782 1693 23 93 le
2858 1702 243 92 regiment
3147 1707 36 82 de
3236 1705 215 99 Quercy
3511 1708 125 89 dont
3683 1731 29 69 10
3752 1734 77 64 ans

463 1770 42 81 en
558 1761 199 92 qualite
804 1762 35 88 de
884 1766 220 97 sergent
1178 1768 131 95 dans
1388 1773 118 96 ledit
1552 1776 363 96 Regiment,
1961 1785 117 93 dont
2124 1794 2 86 6
2185 1802 84 80 ans
2335 1815 151 64 passe
2546 1815 131 74 dans
2759 1795 61 87 les
2894 1796 253 99 Colonnies
3241 1804 35 85 de
3309 1823 42 71 S^t
3405 1832 328 71 Domingue,
3779 1821 35 84 et

456 1855 115 92 huit
651 1875 95 79 ans
819 1864 271 94 Capitaine
1136 1873 41 83 de
1223 1870 230 97 Melice
1505 1880 433 96 Commandant
2010 1885 43 93 du
2111 1897 238 85 quartier
2414 1894 36 90 de
2495 1894 298 94 Bombarde
2859 1900 325 94 dependance
3243 1905 61 91 du
3357 1912 130 86 Mol
3532 1911 56 88 S^t
3620 1911 237 92 Nicolas

484 1966 184 84 nouvel
731 1965 424 103 etablissement,
1204 1980 89 98 don
1335 1975 227 102 sergent
1626 1995 133 78 dans
1830 1987 125 87 ledit
2033 2011 220 83 regiment
2317 2006 38 88 de
2405 2013 219 89 Quercy
2681 2024 23 75 a
2739 1999 61 96 S^t
2849 2000 299 113 Domingue
3205 2008 147 109 place
3395 2011 81 99 par
3518 2013 52 92 les
3657 2016 161 96 ordres

393 2056 30 92 de
468 2057 168 95 M^r
702 2061 44 104 Le
785 2062 237 103 General
1080 2072 188 101 Comte
1328 2078 236 94 Desting
1624 2098 119 86 dans
1803 2103 118 81 cedit
1989 2102 193 82 nouvel
2229 2097 428 98 etablissement,
2697 2122 29 74 et
2780 2108 42 88 lu
2869 2109 1 88 a
2910 2109 180 92 donne
3137 2109 70 101 des
3289 2135 207 76 preuves
3550 2124 146 94 d'etre
3743 2135 90 86 tres

468 2172 246 88 contant
791 2178 43 84 de
868 2185 1 77 e
910 2183 79 81 son
1042 2182 240 91 service.
1337 2208 45 76 Le
1420 2192 304 99 Suppliant
1799 2217 2 73 a
1855 2198 73 90 ete
1989 2206 134 98 sorce
2171 2229 92 75 par
2339 2218 233 91 maladie
2641 2221 15 87 a
2697 2218 288 90 demander
3047 2216 51 91 sa
3146 2223 190 101 retraite
3398 2232 113 95 pour
3552 2224 29 104 se
3629 2224 177 102 retirer
3861 2236 85 94 dans

459 2270 99 94 son
612 2298 128 75 pays
829 2280 191 88 natal.
1067 2281 163 97 Etant
1291 2289 143 84 sans
1523 2315 198 80 aucune
1768 2298 247 96 fortune
2083 2309 30 87 il
2153 2320 64 83 ose
2279 2338 197 70 esperer
2566 2333 93 82 aux
2720 2318 177 93 bontes
2993 2323 44 90 de
3078 2325 533 107 Monseigneur,
3673 2368 36 57 en
3757 2356 134 86 egard

492 2374 3 87 a
557 2379 82 87 ses
701 2379 155 106 longs
925 2395 39 89 et
1011 2389 234 94 penibles
1321 2400 320 103 services,
1675 2405 125 101 qu'il
1863 2410 341 98 voudrabien
2281 2417 73 94 lui
2404 2431 253 84 accorder
2735 2454 88 76 une
2894 2458 210 71 pension
3176 2435 94 101 afin
3334 2465 37 78 de
3405 2469 219 74 pouvoir
3695 2449 232 104 subsister

520 2517 69 79 Le
655 2504 190 104 respect
912 2508 212 103 egalera
1190 2508 62 95 les
1318 2537 130 71 voeux
1544 2520 48 90 du
1642 2523 304 105 Suppliant
2004 2542 130 84 pour
2231 2533 596 114 Monseigneur
