2439 2007
523 227 192 51 Corone

478 288 300 83 MIAMIN.

968 288 454 96 CERTIFICAT
1508 304 65 86 DE
1664 307 290 91 MORTS.

460 463 203 67 Nous
800 462 286 77 Commissaire
1160 488 58 57 aux
1318 474 159 73 Classes
1566 481 28 71 de
1653 481 27 74 la
1734 487 254 72 Marine.

434 551 108 58 ayant
632 537 22 72 le
744 538 108 75 détail
915 542 28 72 du
1016 548 231 74 Bureau,
1273 550 49 74 des
1416 563 274 70 Armements
1795 562 29 74 de
1913 568 23 71 ce

447 635 147 58 port,
642 621 206 74 tertifions
934 643 55 53 que
1064 625 23 72 le
1134 625 76 74 N^r
1237 625 147 76 Antoine
1432 650 152 51 francon
1644 629 108 71 Bidy
1790 630 21 70 d^t
1839 632 124 67 Midy

441 702 146 64 Dragon
626 697 21 70 de
665 697 26 67 la
739 718 121 51 Legion
904 708 30 57 de
963 703 25 61 S^t
1026 701 244 72 Domingue,
1289 713 20 52 de
1333 701 25 66 la
1397 701 24 69 P^
1465 701 29 72 de
1533 701 190 73 SRedard
1757 726 30 43 en
1821 713 136 60 Picardie

426 793 83 54 étoit
584 783 173 78 employé
832 795 84 69 pour
1045 790 261 68 Passager.

418 859 25 73 de
480 860 205 92 Equipage
754 863 32 63 du
847 865 162 91 Navire
1070 898 51 60 le,
1189 893 262 67 Chaumonse

419 946 23 65 le
502 954 121 60 Sieur
683 959 231 60 Benoit

419 1015 26 72 le
474 1022 101 65 130.

828 999 0 55 1

1572 808 65 65 sur
1676 803 32 72 le
1786 798 143 83 Rôle

1705 875 213 98 Capitaine

1252 968 90 63 parti
1384 972 80 60 pour
1538 984 48 46 Le
1644 960 44 75 Por
1734 973 38 59 au
1824 963 117 76 Prence

1029 1032 3 78 &
1148 1046 56 70 que
1268 1032 90 83 ledit
1417 1041 161 71 Antoine
1608 1041 172 70 Francois
1828 1031 155 82 Midz

422 1100 40 70 est
539 1108 79 64 mort
685 1104 25 67 le
782 1108 21 65 13
865 1114 79 63 Juin
1011 1117 118 64 1772.

1289 1112 2 76 &
1400 1132 31 61 ce
1499 1128 164 72 suivant
1719 1119 227 86 l'apostille

429 1175 65 82 mise
583 1198 30 51 en
714 1201 104 64 marge
918 1208 36 50 du
1038 1189 138 73 Rôle
1271 1195 98 68 dudit
1464 1199 268 88 Equipage,
1805 1235 1 50 &
1936 1212 29 65 la

415 1253 232 85 déclaration
731 1262 94 84 faite
903 1287 25 48 en
1006 1289 31 51 ce
1104 1273 214 85 Bureau,
1374 1277 70 77 lora
1529 1284 35 69 du
1620 1284 346 84 Désarmement.

493 1339 88 75 Fait
668 1364 16 47 à
755 1344 237 77 Nantes,
1028 1349 27 73 le
1116 1357 27 64 12
1198 1359 115 66 aout
1394 1359 114 68 1772.

223 1476 43 47 Il
295 1467 68 56 par
400 1464 112 59 nous
573 1460 256 73 Commissaire

205 1529 146 64 Genéral
383 1524 25 64 de
427 1528 20 63 la
480 1530 173 65 Marine
687 1546 15 49 à
735 1529 145 67 Nantes

418 1622 208 106 Byard

1025 1421 311 70 Charign

1608 1380 70 60 176

2038 1011 23 29 p00

960 1597 159 90 ierre
1175 1563 237 122 Etienne
1468 1571 393 146 Bourgeois
1917 1581 51 141 de
2015 1582 294 144 Bagnes
