3200 3912
174 1819 46 15 en

543 206 365 117 ormancey

462 464 111 92 Joint
626 478 16 78 à
667 465 43 97 Le
755 465 132 95 Lettre
968 477 48 86 du
1048 489 186 84 Ministre

452 555 31 80 du
530 543 51 122 16
663 547 138 139 fevrier
866 557 90 136 1789
991 567 109 122 1790.

934 245 514 156 Régiment
1557 251 39 102 de
1630 239 27 118 la
1776 236 553 182 Guadeloupe.

1523 558 231 111 Extrait
1824 574 41 91 du
1920 578 254 104 Régistre
2245 569 33 111 de
2331 593 216 94 Conbrole

2128 660 117 68 aubelon

1508 666 46 94 du
1590 665 210 102 Régiment
1852 671 39 80 de
1920 672 23 82 la
2010 669 247 106 Martinique
2324 674 90 99 tenu
2473 675 152 109 d'après

1490 762 32 109 la
1580 765 248 108 formation
1903 767 39 91 du
1985 769 278 104 Régiment,
2300 781 150 89 établie
2516 777 77 97 par

1494 860 329 100 l'ordonnance
1899 864 52 96 du
1998 894 45 75 1^r
2084 882 108 87 May

1572 1067 338 145 Compagnie
2039 1067 40 100 de
2158 1067 248 145 Lauzaire

415 1396 16 60 el
469 1393 16 63 ne
523 1386 63 89 s'est
614 1382 71 85 point
737 1371 132 73 trové
907 1375 47 66 sur
967 1371 33 74 les
1037 1361 141 101 Regittre
1213 1354 26 102 de
1359 1367 2 67 e
1436 1340 71 102 N^e
1605 1337 117 99 Jean
1813 1331 371 107 Otmancey,
2243 1324 71 99 fils
2381 1315 218 93 d'antoine

413 1471 119 65 controle
586 1471 29 60 de
628 1471 50 59 cett
725 1464 133 65 nouville
892 1446 209 97 formation.
1136 1446 20 88 Il
1184 1448 35 93 est
1295 1451 21 74 et
1351 1444 35 98 de
1420 1444 132 81 Nicole
1587 1445 215 88 Cuisinier,
1871 1440 84 99 natif
2010 1440 42 80 de
2093 1443 202 97 Morntigny
2364 1450 63 64 sur

411 1538 161 74 récessaire
641 1536 55 103 d'en
738 1538 73 104 faire
852 1540 91 103 faire
993 1543 46 63 ue
1065 1531 168 93 rechorche
1282 1530 266 116 Vuigendre,
1601 1544 167 66 Provaie
1830 1540 44 99 de
1918 1528 344 112 Clampague,
2315 1530 229 106 generalité
2597 1547 36 63 de

1329 1634 196 100 halons,
1567 1635 238 101 juridiction
1868 1641 49 65 de
1980 1643 169 87 Laugres
2217 1646 114 77 n'en
2378 1644 72 92 1759

1306 1734 95 76 taille
1468 1740 34 92 de
1535 1737 0 95 5
1603 1739 81 79 pieds
1731 1744 0 90 1
1792 1745 108 77 poce
1967 1745 0 70 3
2034 1738 149 98 Lignes
2257 1742 168 82 cheveux
2493 1753 27 55 et

428 1869 113 70 merque
583 1869 27 67 le
635 1869 61 65 jour
747 1869 35 63 de
807 1845 61 85 son
919 1844 113 101 dicés,
1065 1871 10 74 à
1100 1848 37 97 fai
1175 1825 268 120 quisareils
1511 1825 241 113 chataine,
1804 1842 94 93 yeux
1976 1838 129 95 gres,
2148 1847 36 87 ns
2243 1827 96 93 ord^r
2389 1832 156 103 bouche

1430 2008 162 111 Engagé
1628 2017 19 88 le
1697 2035 25 90 27
1788 2019 94 113 May
1918 2049 78 80 1782

1444 2112 134 89 arrivé
1615 2114 15 85 à
1655 2121 21 91 les
1706 2116 207 97 guadeloupe
1976 2121 75 86 tous
2087 2125 23 96 le
2127 2123 94 98 Cunt
2273 2129 138 94 Convoy
2451 2127 32 84 le

1414 2182 161 114 Reflechy
1607 2182 24 119 le
1679 2202 0 99 5
1728 2185 104 105 Juillet
1880 2193 73 100 183

409 1108 23 69 Ce
462 1104 82 78 soldat
591 1121 0 63 a
627 1107 88 81 éxisté
750 1110 30 75 sur
803 1112 24 71 les
862 1102 124 78 Régistres
1021 1099 18 75 de
1056 1099 100 80 Controle
1192 1099 17 82 du
1227 1100 71 84 Reg^ts

405 1175 26 78 de
452 1176 19 82 la
498 1176 204 82 Guadloupe,
719 1170 76 74 établi
823 1170 100 79 d'après
957 1165 216 78 l'Ordonnance
1212 1161 30 67 du
1259 1160 24 63 1^e

411 1240 72 81 May
510 1239 43 77 175
592 1243 117 76 jusqu'à
726 1232 24 64 la
784 1230 124 69 nouvelle
946 1223 171 83 foration
1145 1236 24 53 de
1191 1231 13 51 ce
1219 1220 90 77 Corps

420 1313 79 81 reglé
529 1324 47 63 par
619 1314 72 68 autre
734 1292 206 83 ordonnance
990 1290 33 76 du
1047 1299 47 83 10.
1124 1302 46 68 X^bre
1195 1299 58 81 1784

411 1618 93 70 excecte
565 1609 71 77 pour
674 1615 149 69 decouvrir
875 1622 20 55 ce
919 1601 74 74 qu'il
1034 1604 25 56 et
1099 1594 152 65 devenu.

403 1682 47 69 s'I
490 1686 32 57 est
561 1675 174 73 existant,
754 1671 17 74 il
810 1674 63 69 faut
913 1679 16 61 le
968 1666 83 72 mettre
1110 1670 28 62 au
1151 1658 73 73 BBas

407 1738 111 72 decette
560 1736 111 74 feuille
736 1739 17 71 et
785 1732 56 78 dire
873 1732 72 78 dans
977 1735 94 71 quelle
1103 1728 122 75 comp^ie

412 1814 13 74 il
464 1816 23 58 se
522 1810 144 69 trouve,
684 1804 49 66 s'il
768 1804 33 64 est
851 1798 65 64 mort
982 1793 227 75 marquetlol

406 1949 21 67 en
461 1939 62 77 toit
571 1935 69 77 fait
701 1941 145 73 mention
900 1947 1 62 u
976 1934 35 77 les
1045 1929 154 82 Registres
1289 1929 272 85 muoyenne,
1593 1927 146 80 visage
1787 1934 76 57 oval

408 2008 26 67 de
459 2008 26 72 la
536 2006 134 89 nouvelle
707 2001 192 94 formation
943 2005 32 61 du
1006 1999 78 91 Corp
1135 2005 32 83 au
1197 1997 91 91 degot

414 2095 21 54 au
467 2083 141 71 Burcau
646 2080 48 85 des
725 2073 140 98 Colonies
904 2086 15 69 et
944 2070 48 87 que
1010 2072 61 92 l'on
1109 2071 100 76 puisse

396 2151 112 83 ensuite
569 2146 162 86 intisfaire
776 2151 70 75 aux
915 2140 271 76 informations
1226 2146 50 67 que

400 2220 23 96 la
470 2216 128 100 famille
653 2228 30 84 de
709 2230 16 84 ce
758 2213 113 99 soldat
961 2205 199 94 demande
1193 2215 2 86 a
1221 2210 51 89 son

410 2303 86 96 supt

1739 2414 0 56 1
1803 2414 0 52 1

1701 2499 31 78 MT
