2343 2905
616 395 39 69 ene

497 449 72 127 Rlu

690 401 7 111 u

226 600 63 80 M.
320 591 179 90 Lecomte
537 595 23 76 de
646 576 259 84 magallon
978 574 119 68 vous
1146 559 101 75 aura
1301 548 224 81 entretenu
1594 540 223 81 monsieur
1876 548 36 56 le
1982 521 261 85 marquis,

167 713 40 78 du
269 722 173 70 projet
521 704 79 77 qui
628 700 75 71 j'ai
747 666 215 101 d'obtenir
1033 660 37 82 un
1127 648 183 92 breven
1357 652 48 73 de
1490 649 123 73 con^er
1674 637 143 69 d'état
1937 606 89 86 son
2070 590 163 82 amitié

154 832 124 75 pour
336 829 57 55 mos
455 821 52 55 la
591 797 144 61 decide
792 796 3 49 a
858 767 51 69 se
978 752 140 80 mettre
1208 749 4 72 a
1254 731 46 94 la
1334 731 99 84 tete
1509 728 60 66 de
1629 703 115 97 Cette
1797 679 361 111 entreprisé

168 907 36 82 il
272 898 53 88 m'a
400 902 209 79 promes
666 853 318 99 d'employer
1066 834 95 95 ses
1200 847 122 63 amis
1384 822 42 76 et
1486 805 66 81 les
1613 800 133 74 miens
1802 797 53 64 et
1891 797 37 48 je
1993 773 75 65 lui
2117 774 2 56 a

136 995 418 100 expressement
634 965 395 96 recommandé
1083 941 207 80 d'avoir
1363 913 212 74 recours
1647 871 235 93 avous.
1935 861 115 67 mes
2081 836 156 79 droits

177 1118 3 72 a
248 1082 114 104 Cette
424 1096 149 73 grace
648 1080 127 67 sout
851 1050 48 80 25
952 1042 166 81 années
1163 1033 49 70 de
1265 989 383 113 magistrature
1747 941 290 122 pendant
2075 927 192 101 lesquelle

125 1235 31 47 il
218 1230 1 45 a
282 1203 227 68 toujours
552 1177 73 75 été
702 1162 132 79 rendu
921 1154 79 68 bon
1071 1119 202 82 compte
1335 1108 53 73 de
1446 1108 52 63 ma
1572 1072 256 95 conduitte
1934 1069 141 62 aux

177 1282 339 99 ministres.
609 1273 91 63 mes
734 1246 317 87 provisions
1081 1248 48 50 de
1216 1226 271 69 Procureur
1522 1214 65 49 du
1622 1201 132 57 Roy
1822 1191 5 50 a
1861 1189 67 39 S^t
2028 1151 93 64 mar

2006 1270 72 61 lai

655 1368 82 65 bre
780 1336 139 99 1763.
962 1354 44 66 je
1037 1354 110 57 suis
1200 1303 258 104 senechal
1521 1301 43 85 de
1611 1308 127 67 puis
1822 1277 84 89 1778

146 1508 363 73 conslamment
582 1479 206 76 refusé
858 1447 221 87 d'entrer
1162 1428 139 82 dans
1332 1414 69 86 les
1465 1409 252 75 conseils
1801 1374 177 83 parce
2012 1357 140 88 quon

171 1390 143 84 Sont
388 1385 56 75 du
512 1383 33 77 12

184 1622 59 64 ma
315 1589 266 92 temoigne
652 1585 147 71 dans
865 1575 72 60 mon
1009 1524 272 108 quartier
1370 1528 87 71 une
1543 1493 251 99 affection
1926 1486 43 53 et
2021 1467 122 65 une

2103 1527 84 77 bes

128 1723 287 66 confiante
490 1711 96 69 qui
668 1660 347 90 sembloient
1109 1622 314 101 mindiquer
1529 1626 107 76 que
1692 1600 67 84 s'y
1803 1573 145 74 etois

162 1815 126 83 utile
370 1809 66 87 que
469 1815 40 73 je
560 1791 242 90 n'aurois
871 1782 79 67 pu
1023 1744 153 96 letre
1288 1723 281 95 ailleurs.
1656 1704 108 78 M.
1814 1687 67 80 de
1912 1688 50 79 la
2017 1657 220 93 mardelte

153 1948 3 59 a
237 1918 200 83 obtenu
495 1901 245 92 pareille
823 1888 207 80 faveur
1133 1882 49 62 ou
1261 1838 262 89 l'accorde
1600 1802 470 101 ordinairement
2139 1783 48 68 en

156 2046 180 77 france
410 2036 3 55 a
479 2009 89 78 des
634 1968 384 111 magistrats
1077 1976 6 67 q
1167 1951 242 78 aniens.
1456 1944 124 62 ceux
1639 1920 53 61 de
1727 1900 60 77 S^t
1842 1876 310 92 dominigue

189 2151 134 62 dont
388 2102 316 107 également
786 2078 193 94 dignes
1055 2062 93 85 des
1185 2052 182 90 Boutés
1423 2031 50 83 du
1504 2035 170 77 Roy.
1709 1996 112 90 cette
1882 1967 320 98 distenction

182 2261 2 77 y
247 2249 199 70 seroit
520 2229 137 74 peut
689 2225 110 63 etre
870 2181 154 92 plus
1081 2147 331 102 necessaire
1498 2138 139 86 qu'en
1736 2093 259 101 france.
2076 2090 65 56 Le

212 2353 244 77 travail
533 2346 4 85 y
573 2320 60 104 est
694 2309 336 109 enfiniment
1088 2293 143 102 plus
1297 2236 359 133 penible.
1698 2233 39 113 il
1801 2254 12 81 y
1842 2231 73 93 est
1971 2198 231 101 penedre

1700 2451 82 97 392
