2557 1985
615 106 48 63 47

188 172 23 57 le
244 173 115 67 régime
396 174 157 65 intérieur
586 176 27 56 de
650 176 329 67 Saint-Domingue,
1016 183 46 60 ré¬

194 231 56 60 side
290 234 68 51 dans
390 232 213 58 l'Assemblée
651 233 24 56 de
719 241 40 45 ses
795 234 270 59 Représentans.

195 288 180 52 constituée
412 301 23 40 en
468 287 184 55 Assemblée
686 290 142 53 générale
862 290 26 54 de
910 291 19 53 la
963 293 93 52 Partie

199 345 169 58 Française
405 347 29 54 de
463 346 327 60 Saint-Domingue;

236 403 80 55 ART.
348 402 36 57 II.
424 403 108 53 Aucun
572 406 60 48 acte
673 404 176 58 législatif,
877 406 24 54 en
945 417 24 45 ce
1009 411 48 50 qui

196 465 163 46 concerne
387 464 17 46 le
432 463 118 49 régime
581 465 181 48 intérieur,
797 470 27 46 ne
859 467 111 49 pourra
1005 466 52 44 être

192 512 177 57 considéré
397 520 122 50 comme
547 513 39 52 loi
618 513 189 57 définitive,
838 517 40 50 s'il
909 527 71 44 n'est
1012 516 51 52 fait

195 577 45 44 par
274 572 34 45 les
345 570 243 53 Représentans
630 576 26 46 de
689 571 19 50 la
746 573 97 53 Partie
888 574 168 53 Française

192 628 28 44 de
252 626 333 58 Saint-Domingue,
609 627 176 56 librement
817 634 20 50 et
862 628 200 57 légalement

195 682 85 53 élus,
311 691 19 43 et
361 683 39 51 s'il
435 690 74 43 n'est
536 685 201 55 sanctionné
768 689 47 52 par
842 687 15 49 le
896 687 77 54 Roi;

238 738 80 54 ART.
350 736 57 50 III.
439 737 76 57 Tout
551 738 60 58 acte
648 738 148 58 législatif
824 741 48 53 fait
908 745 45 51 par
985 741 76 56 l'As¬

192 791 140 58 semblée
368 792 173 58 générale,
577 794 72 49 dans
681 795 36 48 les
753 808 44 43 cas
833 801 29 46 de
906 796 160 55 nécessité

183 857 170 48 ¬urgente,
388 860 20 37 en
447 866 24 36 ce
513 859 45 46 qui
585 861 160 47 concerne
783 861 21 44 le
839 862 118 47 régime
991 864 77 45 inté-

194 914 105 52 rieur;
329 915 64 52 sera
430 915 177 54 considéré
636 919 124 51 comme
794 919 37 47 loi
869 920 195 51 provisoire.

195 962 80 55 Dans
311 972 44 43 ces
387 965 69 54 cas,
480 964 16 49 le
536 964 116 59 Décret
680 973 60 48 sera
780 967 109 57 notifié
917 981 24 40 au
973 972 84 50 Gour

197 1018 316 59 verneu-énéral,
546 1018 66 60 qui,
637 1021 70 57 dans
737 1022 33 53 les
803 1023 41 56 lix
873 1028 83 52 jours
989 1027 25 49 de
1048 1024 16 53 la

183 1075 240 57 ¬notification,
455 1077 16 51 le
506 1077 55 50 fera
608 1079 241 57 promulguer,
884 1086 20 48 et
939 1084 118 50 tiendra

195 1131 17 50 la
258 1135 60 43 main
357 1132 11 47 à
393 1142 46 40 son
474 1133 198 50 exécution,
704 1139 28 43 ou
764 1136 152 48 remettra
952 1142 10 45 à
983 1138 78 48 l'As¬

185 1184 149 57 ¬semblée
368 1186 170 59 générale,
558 1198 38 48 ses
629 1190 220 59 observations
882 1199 41 49 sur
952 1193 17 49 le
1002 1200 71 42 con¬

194 1241 75 52 tenu
305 1239 79 52 audit
416 1240 147 57 Décret;

246 1295 78 56 ART.
353 1296 50 52 IV.
428 1297 174 59 L'urgence
648 1301 41 58 qui
718 1302 216 58 déterminera
967 1304 95 54 l'effet

200 1348 25 55 de
254 1350 194 59 l'exécution
482 1356 198 56 provisoire,
706 1363 59 51 sera
794 1357 127 60 décidée
954 1369 47 49 par
1039 1365 21 52 un

201 1409 114 55 Décret
343 1412 134 56 séparé,
505 1414 47 52 qui
584 1419 23 45 ne
643 1416 110 56 pourra
781 1418 59 55 être
872 1421 95 50 rendu
1002 1420 67 55 qu'à

197 1467 20 43 la
252 1466 139 55 majorité
414 1468 43 47 des
489 1473 75 48 deux
595 1472 67 56 tiers
698 1475 43 54 des
776 1476 87 51 voix,
891 1477 94 55 prises
1017 1484 43 49 par

209 1520 90 56 appel
329 1524 162 56 nominal;

244 1576 75 55 ART.
354 1578 28 52 V.
421 1578 25 48 Si
473 1579 16 50 le
528 1581 402 59 Gouverneur-général
966 1594 98 48 remet

195 1633 48 55 des
290 1635 244 59 observations,
565 1638 71 55 elles
672 1644 107 51 seront
818 1642 146 56 aussi-tôt
1003 1647 63 54 ins¬

1491 187 104 57 ¬crites
1627 186 44 59 sur
1695 190 16 53 le
1743 186 128 59 registre
1907 188 28 51 de
1964 186 212 57 l'Assemblée
2208 186 160 59 générale.

1503 247 104 48 Isera
1636 242 74 58 alors
1744 241 144 61 procédé
1913 248 9 48 à
1942 242 21 57 la
1996 242 132 57 révision
2166 248 29 48 du
2232 243 137 55 Décret:

1505 299 122 59 d'après
1660 308 45 49 ces
1741 300 248 58 observations,
2014 298 16 60 le
2071 298 114 58 Décret
2213 302 20 47 et
2258 300 36 50 les
2327 298 41 57 ob¬

1508 359 176 47 servations
1720 360 103 47 seront
1860 355 88 52 livrés
1992 355 7 52 à
2025 355 18 52 la
2083 355 173 53 discussion
2296 357 70 51 dans

1507 412 71 53 trois
1605 412 130 56 séances
1766 412 217 56 différentes;
2006 412 36 56 les
2069 416 59 48 toix
2160 414 102 52 seront
2297 414 71 52 don¬

1510 471 65 53 nées
1612 471 45 57 par
1693 469 45 55 oui
1771 479 24 41 ou
1832 479 44 49 par
1913 479 81 50 non,
2023 470 73 59 pour
2141 470 159 57 maintenir
2336 470 29 55 ou

1510 523 145 58 annuller
1691 526 20 52 le
1755 523 132 54 Décret.
1927 526 33 55 Le
2004 524 245 59 procès-verbal
2289 524 24 53 de
2349 524 20 56 la

1507 582 212 57 délibération
1752 587 61 53 sera
1849 584 90 58 signé
1963 594 45 48 par
2041 587 61 55 tous
2139 585 32 56 les
2204 584 159 55 Membres

1507 637 156 60 présens,
1692 651 17 42 et
1743 638 164 60 désignera
1940 639 17 56 la
1995 639 143 61 quantité
2159 639 29 58 de
2226 640 55 58 voix
2323 641 46 59 qui

1511 702 110 44 auront
1649 699 47 56 été
1719 699 75 56 pour
1822 699 79 55 l'une
1928 705 20 51 et
1983 700 71 56 pour
2078 700 106 54 l'autre
2224 703 145 53 opinion:

1510 748 16 56 si
1555 754 37 45 les
1624 748 73 58 deux
1738 759 69 48 tiers
1840 749 24 55 de
1901 749 61 60 roix
2007 753 227 56 maintiennent
2259 752 20 55 le
2312 753 61 54 Dé-

1512 811 86 55 cret,
1626 809 16 55 il
1673 810 63 56 sera
1771 809 197 59 promulgué
2003 813 48 55 par
2082 810 16 54 le
2133 812 236 54 Gouverneur-

1511 863 150 58 général,
1694 871 21 49 et
1748 864 133 56 exécuté
1910 871 46 53 sur
1985 867 16 57 le
2043 864 129 60 champ.

1559 918 78 51 ART.
1677 915 47 55 VI.
1752 917 31 54 La
1819 917 35 55 loi
1886 919 114 54 devant
2031 916 56 55 être
2122 918 20 54 le
2173 916 130 57 résultat
2339 919 27 52 du

1517 974 231 53 onsentement
1777 973 29 53 de
1839 970 67 56 tous
1943 971 75 58 ceux
2051 983 70 48 pour
2167 976 45 55 qui
2241 971 54 58 elle
2332 973 37 50 est

1509 1028 98 56 faite,
1633 1025 17 52 la
1684 1024 94 60 Partie
1812 1027 163 60 Française
2005 1025 26 59 de
2065 1025 304 63 Saint-Domingue

1511 1084 176 59 proposera
1722 1097 40 38 ses
1797 1085 84 59 plans
1921 1081 203 63 concernant
2154 1081 36 64 les
2225 1088 145 57 rapports

1511 1144 247 55 commerciaux
1793 1144 19 48 et
1843 1146 101 51 autres
1975 1147 128 51 rapport
2134 1146 193 52 communs,
2354 1146 20 52 et

1512 1196 34 53 les
1579 1197 132 57 Décrets
1748 1200 46 57 qui
1819 1202 103 54 seront
1947 1205 116 51 rendus
2092 1199 12 55 à
2129 1204 42 53 cet
2204 1198 78 59 égard
2328 1198 41 58 par

1512 1251 212 57 l'Assemblée
1772 1252 192 58 nationale,
2004 1268 28 39 ne
2080 1254 104 58 seront
2228 1254 144 56 exécutés

1515 1305 71 60 dans
1611 1310 22 51 la
1666 1307 97 59 Partie
1793 1311 164 55 Française
1990 1316 30 52 de
2049 1310 329 60 Saint-Domingue,

1518 1368 48 54 que
1606 1367 161 56 lorsqu'ils
1803 1368 112 57 auront
1952 1369 44 54 été
2024 1369 160 56 consentis
2220 1375 45 50 par
2301 1369 76 49 l'As¬

1514 1418 138 59 semblée
1690 1419 122 60 général
1850 1424 25 53 de
1909 1427 37 50 ses
1980 1421 256 60 Représentans.

1565 1480 77 53 ART.
1673 1475 63 53 VII.
1767 1477 36 52 Ne
1839 1476 103 64 seront
1977 1484 86 56 point
2089 1476 139 63 compris
2264 1480 67 54 dans
2358 1484 18 46 la

1514 1539 94 55 classe
1648 1539 47 56 des
1730 1538 146 58 rapports
1915 1539 165 56 communs
2120 1538 27 55 de
2186 1538 189 57 Saint-Do¬

1503 1601 137 52 ¬mingue
1677 1592 62 51 avec
1780 1595 17 55 la
1834 1592 145 61 France,
2004 1595 37 55 les
2074 1596 96 57 objets
2203 1595 25 53 de
2261 1592 116 59 subsis¬

1512 1651 89 47 tance
1643 1652 50 56 que
1727 1649 17 53 la
1786 1649 156 61 nécessité
1971 1650 122 60 forcera
2131 1652 249 60 d'introduire;
