2546 2790
468 294 343 61 Monsieur

1090 108 2 60 A

834 351 11 60 3

956 438 35 63 REE

483 502 104 80 J'ai
645 487 284 91 l'honneur
1053 491 56 73 de
1143 481 122 80 vous
1328 482 255 66 annoncer
1646 456 33 80 le
1766 464 206 66 mariage
2054 448 44 80 de
2156 460 50 49 ma
2253 431 157 75 chere

532 573 75 72 iire
693 580 140 61 aime패e패
948 577 118 53 avec
1179 550 98 67 M^e
1379 540 58 59 De
1552 533 168 69 Saqui
1790 519 323 62 dettoures
2191 516 177 60 Capra

468 669 54 56 de
561 651 315 73 Vaisseau,
931 635 32 71 il
1022 623 318 78 commande
1459 597 315 81 Lostation
1888 582 43 72 En
1981 578 124 76 cettte
2180 568 256 79 Collonie.

442 758 33 73 il
519 745 48 82 en
632 750 103 72 aye패
813 731 44 67 de
903 726 57 67 42
1028 728 93 72 ans
1215 711 29 76 Et
1312 706 107 86 tout
1512 695 114 74 ches
1666 691 62 68 lui
1836 694 228 60 m'asssure
2114 679 41 61 le
2192 672 241 75 bonheur

441 854 45 73 de
576 834 315 83 poncette,
952 818 104 72 leur
1127 821 152 56 nmon
1409 796 40 75 En
1506 791 134 80 fixe패e
1742 791 52 67 au
1873 773 46 67 31
1987 769 64 77 Du
2116 762 247 81 Courant

468 958 68 64 ma
577 924 106 88 fille
775 918 125 77 nors
953 909 43 84 en
1044 905 112 89 frit
1237 916 110 51 part
1440 907 3 52 A
1575 881 252 75 madame
1908 864 66 82 De
2017 858 296 85 Bayers,
2352 872 64 64 lue

441 1041 102 81 sait
637 1026 255 90 Combien
988 1037 119 60 tous
1177 1017 218 61 l'aime패s
1458 1012 102 60 l'un
1655 999 3 60 &
1759 972 162 82 'autre
2023 967 28 83 Et
2115 958 248 88 quevous

441 1152 259 73 prendres
790 1153 56 52 un
910 1118 72 85 vif
1035 1124 219 63 interes
1382 1125 3 40 a
1442 1096 73 67 son
1573 1083 440 84 Etablinement
2182 1078 86 59 qui
2329 1076 59 65 me

420 1267 111 57 Jau
614 1262 3 44 E
678 1243 4 61 A
813 1242 53 59 ma
943 1221 300 77 femmete
1353 1200 117 72 plus
1521 1190 153 74 grand
1748 1184 272 70 plaiser.
2072 1170 72 68 les
2212 1183 121 52 Deux

437 1347 147 91 futurs
663 1334 278 85 s'aiment
1033 1317 437 94 infiniment,
1544 1302 36 72 le
1625 1294 333 76 Connunant
2060 1278 28 63 le
2122 1277 331 73 seprourettet

454 1462 77 71 det
572 1467 131 61 jours
756 1434 351 81 heureux,
1178 1415 215 67 Donnes
1450 1403 96 79 leur
1614 1404 2 62 &
1749 1395 260 69 madame
2066 1407 42 51 de
2195 1385 224 61 Bayers

460 1567 138 70 aqui
656 1539 174 90 j'offre
980 1538 121 54 mon
1176 1520 323 66 respet,
1557 1498 151 67 votre
1797 1485 315 69 agrement
2216 1493 25 52 Ee
2283 1489 130 54 vous

434 1694 232 34 prenes
735 1691 1 13 e
819 1619 257 87 Comble
1144 1638 2 46 a
1262 1603 154 76 notre
1462 1585 477 86 satisfaction.
2002 1576 121 69 nous
2169 1577 89 69 par
2299 1572 120 61 nous

454 1757 207 67 porcette
778 1741 163 59 apre패s
1012 1716 88 57 La
1207 1713 178 54 mession
1461 1698 48 62 de
1612 1691 72 64 M^r
1762 1680 62 66 De
1872 1675 267 74 sagui,
2217 1676 157 59 nous

440 1850 182 58 aurons
671 1834 51 62 du
747 1836 183 61 Regres
1040 1814 51 62 de
1129 1808 48 59 la
1220 1814 88 55 vois
1366 1793 137 59 nous
1577 1784 171 62 quitor
1856 1774 30 65 Et
1960 1771 120 66 nous
2111 1764 36 69 ea
2197 1760 206 71 faisons

427 1930 74 71 La
547 1912 220 86 sacrifice
911 1900 47 76 En
1025 1895 48 81 sa
1122 1890 305 79 faveur,
1478 1881 27 67 el
1555 1872 40 73 en
1645 1870 87 67 son
1822 1855 349 84 Bonheur,
2232 1862 144 65 nous

435 2025 269 69 l'aimons
764 2025 106 55 trop
982 2009 111 64 pour
1143 1991 195 73 nepas
1419 1990 128 54 nous
1597 1990 2 44 y
1637 1974 237 67 resigner
1956 1962 439 63 Entierement

439 2138 80 76 M^r
597 2123 56 83 De
698 2117 169 87 Sayne
954 2121 77 56 ira
1143 2125 2 40 a
1207 2114 147 56 paris
1447 2109 3 43 a
1497 2095 49 72 la
1618 2092 67 71 fin
1744 2070 47 69 de
1827 2066 46 61 sa
1941 2061 356 72 Campagne
2367 2070 95 58 avec

450 2236 55 67 sa
542 2223 329 80 femme,
931 2212 32 67 il
1024 2217 114 56 aura
1239 2184 281 83 l'honneur
1634 2168 194 80 d'alter
1884 2157 130 82 faise
2058 2165 55 65 sa
2192 2150 164 78 Cour

457 2349 3 55 a
571 2328 258 74 Marame
877 2323 43 59 de
1041 2298 350 74 Bayers,
1473 2279 66 72 De
1568 2275 39 78 se
1642 2270 135 84 faire
1865 2260 263 73 Connoitre
2168 2270 39 55 de
2242 2265 119 58 vous

523 2467 162 34 vous
740 2422 283 69 anauve
1150 2419 4 53 a
1206 2388 113 84 tous
1376 2385 79 79 les
1501 2376 134 65 deux
1734 2380 138 52 pour
1911 2357 80 72 lui
2040 2355 154 64 votre
2250 2351 193 68 amitie패

522 2602 304 76 Monsieur
892 2573 54 82 Le
1018 2575 105 79 M^is
1202 2559 81 87 De
1317 2560 41 82 la
1431 2543 428 92 Rochefsucauld
1940 2543 45 69 de
2079 2525 254 84 Bayors

2241 2606 74 106 416
