4305 2683
421 292 68 83 que
550 292 31 82 je
636 292 160 86 trouve
863 299 19 79 à
936 292 302 83 remplacer
1317 315 20 53 ce
1409 292 181 85 vuide,
1632 295 25 68 ce
1718 307 74 55 que
1878 315 86 62 j'ai

406 449 87 66 deja
565 439 118 69 faits
744 440 52 62 et
857 438 242 58 partie.

674 547 218 66 Depuis
991 546 346 64 long-temps
1413 563 23 41 je
1488 544 100 50 suis
1678 542 142 64 prive
1886 541 33 58 de
1967 541 66 63 vos

390 623 177 78 lettres
657 626 30 74 et
764 639 169 87 ignore
998 631 402 98 parfaitement
1480 652 41 71 si
1587 655 121 70 vous
1780 662 201 55 avez–

391 745 239 80 souffert
714 763 110 62 vous
898 770 32 53 et
1009 772 63 48 les
1176 766 159 70 votres
1425 779 74 56 des
1594 779 252 56 troubles
1926 771 189 68 affreux

393 870 35 55 de
486 876 38 49 la
591 877 239 59 Fance,
868 891 130 44 nous
1078 889 114 52 n'en
1267 880 240 63 sommes
1591 893 101 50 pas
1776 888 265 62 cacmpts

398 971 96 71 ici,
547 969 108 74 cette
737 964 168 81 manie
969 986 150 64 paste
1207 967 55 86 au
1350 970 126 81 delà
1552 973 67 82 des
1731 1006 184 56 mers.

393 1074 187 76 Nôtre
640 1077 345 79 Intendants
1045 1103 142 57 vierits
1253 1113 33 47 de
1340 1105 394 65 s'embarquer
1806 1098 317 72 justivement

405 1208 135 68 pous
606 1211 154 66 eviter
830 1214 75 64 les
998 1213 173 62 suites
1256 1219 32 51 de
1349 1231 28 47 la
1457 1228 149 52 colere
1686 1229 112 51 d'un
1882 1220 215 69 quartier

395 1301 33 91 de
486 1301 33 88 la
583 1302 201 92 solonie
862 1330 129 68 aigri
1056 1314 175 77 contre
1302 1307 124 90 lui,
1464 1332 33 60 et
1575 1335 77 65 qui
1730 1318 143 80 avoit
1963 1310 33 81 le

421 1444 126 77 projet
628 1439 34 68 de
725 1444 276 56 l'enlerer
1105 1465 206 46 Depuis
1409 1451 104 78 cette
1576 1458 195 75 époque
1834 1459 29 60 ce
1926 1453 184 65 quartier

395 1555 77 72 qui
536 1549 59 70 est
672 1548 135 71 celui
877 1549 55 72 du
994 1554 191 78 Nord,
1230 1551 102 81 s'est
1407 1564 283 66 constitué
1748 1579 48 52 en
1866 1568 183 63 Comite

386 1656 360 82 provineral,
785 1659 31 79 et
885 1666 113 77 l'est
1067 1678 219 70 empare
1368 1695 35 49 de
1462 1669 540 85 l'administration

478 1793 43 44 ai
590 1778 337 67 l'honneur
1006 1779 161 76 d'être
1256 1805 193 56 membre
1508 1785 37 77 de
1615 1788 133 71 celui
1828 1791 165 76 établi

394 1878 131 83 dans
609 1901 34 57 la
722 1901 176 62 partie
972 1887 36 70 de
1073 1888 302 86 l'Ouest;
1441 1928 121 51 mais
1651 1931 217 52 jusqu'a
1923 1918 188 66 présent

383 2013 37 53 ce
500 2017 79 62 qui
644 2026 38 48 en
747 2023 56 60 est
883 2019 126 61 sorti
1082 2032 2 49 a
1171 2024 193 68 respise
1437 2042 39 55 la
1558 2032 194 68 sagesse
1811 2038 29 66 et
1919 2050 42 50 la

387 2128 397 78 moderation,
818 2132 32 74 et
920 2143 120 53 nous
1126 2153 134 60 nous
1352 2145 252 76 sommes
1696 2156 293 73 preserves

389 2249 138 61 ainsi
595 2248 75 57 que
753 2265 31 48 la
869 2255 180 65 partie
1127 2273 47 43 du
1243 2252 111 69 Sud
1437 2253 39 76 de
1537 2254 39 74 la
1653 2261 348 76 contagion;

2488 305 40 54 en
2597 296 225 72 laissant
2885 305 86 60 aux
3051 287 173 81 Chest
3299 291 132 80 toute
3506 294 109 75 leur
3701 302 241 71 antorité
4011 313 35 61 et

2479 424 248 55 boenant
2816 425 88 61 non
2984 423 308 64 fonctions
3381 441 0 53 a
3469 430 137 66 faire
3676 439 75 57 des
3858 436 276 62 memoires

2490 525 35 66 et
2620 546 75 43 des
2775 539 240 60 lahiers
3115 547 135 53 pour
3320 529 296 73 sollicites
3691 555 35 44 de
3786 532 395 65 l'Assemble

2481 637 344 78 Ilationale
2900 638 34 76 de
3009 643 315 76 meilleures
3410 663 115 55 loix
3611 664 120 54 pour
3806 633 34 83 la
3903 633 270 83 Colonie:

2564 776 61 53 ais
2713 788 25 39 je
2800 788 175 55 crains
3067 780 77 63 que
3216 783 72 42 les
3376 767 123 66 têtes
3591 788 47 55 ne
3704 767 365 76 fermentent
4136 767 26 70 et

2491 904 78 55 que
2634 900 109 55 cette
2809 898 410 51 independance
3316 898 42 45 ne
3432 900 259 45 devienne
3772 886 322 55 genérale.

2468 1019 84 41 Il
2631 1014 0 47 y
2697 1003 0 69 a
2775 1022 48 44 eu
2907 1021 127 45 dans
3130 997 265 72 quelques
3491 982 253 85 quartiers
3833 978 37 74 de
3929 977 37 81 la
4025 974 192 87 Colonie

2491 1142 75 58 des
2657 1123 283 75 proserits
3026 1130 32 55 et
3137 1115 70 68 des
3297 1113 119 69 tetes
3502 1119 304 65 coupées.
3849 1108 166 70 Nous

2488 1232 261 74 sommes
2849 1250 238 55 menaces
3182 1252 110 46 d'un
3380 1220 145 77 plus
3618 1218 168 78 grand
3891 1216 277 77 malheur

2483 1367 47 48 la
2611 1356 204 58 soeute
2905 1354 66 59 des
3066 1354 426 69 Pulantropes
3577 1361 133 56 nous
3790 1350 218 65 declare
4103 1358 85 54 une

2501 1475 163 68 guerre
2735 1473 238 66 ouverte;
3015 1472 52 69 on
3132 1473 211 63 pretend
3427 1486 168 52 qu'ils
3684 1470 281 65 envoyent
4058 1475 84 55 des

2492 1600 167 69 agens
2739 1584 29 77 et
2842 1582 70 65 des
3003 1594 173 62 armes
3261 1590 133 70 pour
3469 1585 132 75 faire
3676 1574 258 79 soulever
4009 1588 69 60 les

3545 1656 275 59 martireses

2483 1715 297 79 Regres.
2828 1732 81 58 On
2985 1714 32 63 se
3120 1714 194 61 propote
3401 1726 32 42 de
3514 1706 281 65 ceentdier
3865 1709 108 73 ceuf
4054 1705 87 70 qui

2497 1852 271 52 viendront
2846 1839 57 55 ici
2983 1839 98 57 avec
3151 1842 32 53 de
3235 1832 219 66 pareils
3543 1828 261 64 projets,
3846 1828 33 57 et
3963 1839 70 48 les

2495 1961 256 62 metures
2834 1952 115 67 sont
3016 1952 178 62 prises
3287 1954 137 61 pour
3496 1956 69 51 les
3652 1928 303 78 découvris.
4007 1925 131 78 Cette

2500 2068 205 79 motion
2797 2079 0 54 a
2862 2068 71 59 été
3003 2070 168 64 agitée
3257 2082 0 40 a
3344 2055 390 75 l'assemblee
3814 2051 298 73 nationale

2487 2204 36 66 et
2611 2200 108 72 fait
2806 2208 36 53 le
2909 2202 144 45 plus
3140 2192 155 65 grand
3387 2191 139 68 mal,
3577 2190 299 71 puisqu'il
3979 2190 0 60 y
4040 2191 103 50 a–
