2259 2701
1013 147 76 63 au
1114 133 89 64 Cul
1234 128 40 62 de
1307 128 81 59 sai
1415 113 80 76 lee
1572 105 45 104 20
1679 100 197 102 Javier
1920 96 232 100 1790.

394 437 137 81 J'ai
577 441 4 72 a
623 441 257 70 répondre
950 426 228 58 monsieer
1205 412 30 65 le
1305 418 234 63 marquis
1610 417 1 44 a
1655 408 128 51 deux
1838 387 56 75 de
1925 390 108 61 voi

2052 442 7 66 e

380 542 180 82 lettres
596 541 140 77 l'ime
824 520 42 70 du
909 513 50 90 23
1013 498 305 102 septembre
1400 494 42 85 et
1504 489 212 77 l'autre
1780 493 54 60 du
1879 481 40 71 16
1996 460 66 77 8^r

376 643 140 78 l'une
582 617 331 101 renfermant
997 623 83 62 mes
1114 587 228 95 comptes
1380 590 61 72 de
1479 568 204 95 gestion
1759 574 73 71 de
1883 560 122 72 1787
2056 545 41 65 et

387 749 113 71 1788
558 740 42 62 et
677 731 191 71 signés
897 718 40 80 et
988 707 277 85 approuvés
1318 702 49 61 de
1398 687 138 75 vous
1619 672 36 68 et
1716 676 2 67 a
1777 675 117 60 moÿ
1919 653 196 77 remise

1949 729 0 44 /

400 829 115 81 par
575 812 75 85 m^r
710 806 39 88 de
774 802 52 84 s^r
874 797 222 88 germain
1196 771 187 85 l'autre
1449 766 145 77 m'est
1631 762 303 70 parveent
1992 751 107 66 pou

382 943 81 59 une
507 908 268 82 autrevore
835 903 45 76 et
946 876 428 89 accompagnoit
1447 856 146 83 vôtre
1633 835 366 95 procuration

394 1032 145 73 pour
589 1000 138 78 vous
750 989 365 90 representer
1180 980 3 44 a
1234 938 384 90 l'assembleeé
1658 927 77 65 ele
1787 900 301 88 mentadie

406 1129 73 57 qui
524 1100 109 70 doit
676 1087 177 68 avoir
921 1066 113 75 eue
1109 1069 4 50 a
1155 1048 43 69 la
1230 1035 267 87 paroisie
1577 1027 99 59 pou
1808 1017 18 54 ÿ
1893 1013 2 43 –

406 1188 230 75 nommier
700 1161 81 84 des
814 1150 220 82 eleteurs
1098 1142 37 59 et
1186 1112 221 93 arsuite
1457 1114 109 77 des
1604 1104 244 77 depulés
1921 1080 128 63 pour

391 1268 281 93 l'assemblée
711 1232 423 99 Coloniale.
1166 1239 45 52 il
1235 1213 53 77 est
1329 1201 108 82 bon
1489 1197 49 78 de
1561 1202 117 53 vous
1705 1190 110 62 dire
1888 1174 180 58 avant

404 1367 42 69 de
468 1371 178 61 passer
707 1327 221 85 adautres
964 1320 169 80 choses
1206 1313 150 68 dans
1411 1292 132 73 qu'ele
1585 1267 233 75 position
1923 1275 72 58 de

409 1457 176 71 tronne
611 1436 41 74 la
693 1422 322 86 Colonie.
1051 1411 71 61 les
1157 1393 213 75 troubles
1411 1393 81 61 qui
1537 1361 222 84 regnent
1810 1350 50 66 en
1886 1334 192 80 frande

409 1555 41 69 et
514 1532 308 85 l'abaindon
909 1513 94 67 que
1018 1497 44 73 le
1107 1479 246 76 ministre
1406 1488 3 43 a
1462 1453 189 86 semblle
1704 1444 162 84 faire
1925 1428 60 65 de
2017 1420 110 70 cette

402 1636 115 76 belle
573 1612 229 74 Colonie
888 1612 5 52 a
935 1574 115 85 fait
1105 1547 333 91 fermenter
1475 1537 68 88 les
1573 1534 210 88 eeprets
1836 1533 99 53 car
2000 1512 136 72 c'est

419 1724 116 62 une
582 1713 263 70 maladie
909 1671 360 86 exidemique
1367 1655 133 65 nous
1534 1647 192 58 avons
1773 1616 263 81 constetué

421 1814 85 59 des
537 1773 207 97 comités
812 1764 43 85 et
911 1753 94 84 J'ai
1026 1742 292 91 l'honner
1347 1735 34 65 de
1417 1720 56 73 tre
1528 1705 218 83 membre
1796 1716 61 52 de
1889 1706 130 61 celte

412 1889 54 81 de
501 1881 28 86 la
564 1859 194 104 partie
801 1852 58 87 de
890 1837 242 93 l'ouest.
1175 1826 140 76 dans
1348 1837 31 56 ce
1432 1800 218 86 moment
1710 1784 366 91 l'assemblee

423 1977 210 78 geniale
707 1979 77 51 des
813 1939 233 83 electeus
1090 1925 62 76 de
1181 1936 27 59 ce
1242 1933 50 54 de
1326 1883 345 100 partement
1736 1875 142 81 tient
1926 1879 109 62 sis

425 2070 242 66 Leances
701 2057 79 57 au
805 2033 149 79 port
998 2025 66 69 au
1083 2010 246 75 prinncel
1415 2001 163 60 pour
1675 1986 12 60 ÿ
1709 1977 271 72 delibereu

426 2147 82 79 sur
539 2142 42 77 ta
622 2137 156 72 tenue
826 2137 56 58 de
921 2107 325 82 l'assemblée
1316 2076 331 95 Coloniale
1735 2074 90 61 que
1847 2061 24 73 la
1904 2052 226 76 Colonie

413 2239 183 69 refuse
643 2208 347 74 d'admettre
1067 2200 93 67 sur
1181 2193 44 73 le
1286 2187 139 77 moei
1496 2184 63 64 de
1602 2168 371 64 convocation

1874 2345 8 74 /
