3043 2398
312 98 21 23 La
357 98 45 26 vour
433 98 7 27 à
458 98 14 28 la
496 98 115 30 Charmie
638 98 46 27 etoit
711 98 11 29 le
753 98 94 32 meilleur
882 98 55 37 parce
962 98 38 35 qu'il
1024 98 56 40 alloit
1103 98 46 38 plus
1169 98 68 43 avant
1263 100 44 37 dans
1322 102 12 36 le
1350 103 40 37 soin
1409 104 13 37 de
1437 105 13 38 la

299 132 74 43 terne,
397 131 49 47 qu'il
466 123 61 53 seroit
552 136 0 40 a
580 127 86 56 propos
690 127 94 46 d'ouvrir
817 127 28 43 s'il
866 127 48 52 étoit
935 127 82 54 possible
1048 133 2 51 a
1068 130 55 54 plus
1137 130 15 49 de
1170 130 43 51 deux
1243 140 59 50 pieds
1313 139 14 51 de
1345 146 141 45 prrfondeur,

305 179 19 39 ou
347 179 19 42 du
400 172 61 49 moins
488 181 0 35 a
522 175 53 50 vingt
606 185 80 41 pouces.
709 182 38 44 c'est
770 177 11 49 ce
804 180 30 49 que
865 183 34 41 m'a
922 180 19 49 dit
975 182 100 49 Monsieur
1100 182 104 48 bonstant
1229 185 105 46 habitant
1347 195 21 38 du
1381 189 29 46 Cul
1427 188 17 48 de
1457 192 29 46 sac

304 221 11 43 et
341 221 49 46 d'ont
413 222 149 55 l'hubitation
596 235 22 44 est
641 231 78 46 proche
742 227 22 46 des
783 228 86 53 nottres,
888 235 11 45 il
925 230 53 43 croit
1000 230 34 52 luy
1056 235 15 45 la
1093 231 125 54 Charrïe
1242 237 21 42 la
1302 234 111 56 meilleure
1433 246 47 41 pour

299 278 12 40 le
350 280 75 43 labour
461 283 39 43 c'est
520 284 12 43 ce
555 285 32 47 qui
603 286 35 49 luy
662 283 0 52 a
690 280 43 55 fait
757 282 94 55 prendre
875 283 8 53 le
907 287 63 46 party
996 286 121 56 d'enguger
1146 297 18 39 un
1190 292 124 52 Labonneur
1340 297 17 51 en
1375 294 77 55 france

302 318 45 53 qu'il
372 322 40 51 fait
437 318 65 56 passer
534 330 2 37 a
575 325 18 45 S^t
623 328 125 55 Domingue
787 333 26 42 sur
840 334 22 55 ces
880 331 149 61 habitutions
1060 341 51 53 pour
1137 348 2 49 y
1166 345 115 58 Labounes
1313 360 115 45 senternes

300 376 15 41 et
342 378 91 50 montrer
466 387 0 39 a
494 382 29 48 ses
543 386 80 45 negres
646 387 15 48 la
702 387 111 52 meilleure
844 390 77 47 Jaçon
956 397 14 41 de
993 393 11 50 le
1024 398 82 45 faire.
1125 397 84 50 Comme
1236 408 46 43 vous
1295 409 35 42 étes
1357 408 30 43 son
1406 405 50 46 voilin

300 435 42 37 vous
365 436 87 44 pourrés
479 437 77 45 suivre
586 434 16 52 la
627 438 77 46 reüssite
733 443 13 46 de
771 439 29 52 son
821 442 131 53 entreprise,
965 449 14 47 et
992 452 55 46 juger
1068 447 94 54 laquelle
1179 451 24 46 est
1220 452 18 46 la
1266 453 96 55 meilleurs
1388 460 17 51 du
1426 459 13 53 la
1453 461 36 49 bour

307 483 1 43 a
339 484 117 46 charrües
484 492 24 39 où
526 490 14 40 de
572 491 53 48 celuy
657 498 0 33 a
682 491 53 46 bras
762 494 140 53 d'hommes,
914 506 13 41 ce
949 506 28 41 qui
1007 506 43 46 vous
1077 506 91 49 mettroit
1191 509 1 47 a
1226 515 58 43 même
1311 514 15 46 de
1353 516 44 46 vous
1417 520 58 44 servie

297 528 73 52 d'hors
386 541 16 34 en
425 538 70 43 avant
525 540 13 40 de
556 536 13 47 la
611 540 104 48 meilieure
750 543 20 45 des
788 544 43 53 deux
861 549 119 47 Manieres
1009 559 13 36 si
1047 555 45 52 vous
1105 566 72 43 jugiés
1195 564 47 46 celle
1260 562 13 48 de
1295 562 17 49 la
1334 563 98 50 Charriie

298 585 15 41 la
342 580 49 47 plus
408 587 166 52 convenable,
591 599 15 40 je
624 601 52 38 crois
701 594 49 52 qu'il
770 594 17 50 ne
815 600 68 51 seroit
903 606 37 42 pas
958 602 90 53 difficilé
1072 606 16 52 de
1111 612 43 47 vous
1170 621 17 42 en
1210 622 25 39 ser
1255 621 21 40 vir
1295 615 21 53 en
1331 616 81 54 faisant

304 639 129 52 apprendre
461 645 2 44 a
487 645 107 52 quelques
618 656 32 46 vus
667 652 13 44 de
712 659 36 45 nos
764 657 73 50 negres
854 657 17 53 la
903 658 102 56 meilleure
1034 667 64 44 suçon
1135 666 13 46 de
1168 667 14 47 la
1198 668 73 51 bouner
1298 682 45 41 avec
1362 680 25 45 cel
1399 679 108 53 instrament

303 687 43 50 sous
362 688 43 55 cea
436 693 100 56 qu'aura
558 701 93 53 formés
668 708 10 46 le
704 705 76 54 Blune
805 723 34 42 que
865 719 34 44 M^r
921 715 100 58 bouctart
1054 735 2 36 a
1073 736 85 44 envoyé
1180 739 29 44 sur
1231 734 30 51 son
1282 734 126 55 hbitation
1431 744 70 55 d'ailleur

290 749 19 48 je
336 748 42 47 m'en
404 754 99 50 napoute
540 758 151 58 totalement
719 765 2 46 a
750 768 63 54 vottre
833 771 131 60 pradence,
985 789 51 43 pour
1061 790 89 40 prendre
1171 788 14 51 le
1202 799 70 46 party
1301 803 32 43 que
1358 803 44 44 vous
1411 801 71 47 jugenés

290 802 8 47 le
335 808 37 40 plus
392 805 147 48 convenable
570 809 112 54 d'apprés
704 819 35 50 vos
757 819 177 57 observations,
956 829 31 55 que
1005 835 14 47 je
1045 838 48 48 vous
1106 837 44 52 prie
1177 841 13 40 de
1216 848 19 37 me
1257 845 169 55 communiques
1440 861 39 43 dans

290 858 17 44 ce
324 853 62 55 tems.
416 854 17 48 La
455 859 151 58 connoissance
636 876 33 43 que
695 873 46 46 vous
758 868 58 55 devés
841 872 58 45 avoir
924 877 81 54 acquise
1031 883 14 43 de
1066 884 14 47 la
1101 882 82 54 nature
1212 888 22 44 du
1252 887 87 58 terrein
1373 903 14 43 de
1405 904 29 42 nos

289 909 159 48 habitations,
475 913 46 51 vous
541 917 46 49 sera
614 919 43 47 sans
673 924 64 47 doutte
765 927 94 46 prendre
886 936 16 38 la
937 937 97 43 meilleure
1059 948 30 35 des
1103 949 41 37 ieux
1180 945 103 47 manieres
1300 952 18 42 de
1337 949 21 47 la
1370 955 71 45 bonner

290 961 40 48 soit
356 965 0 47 a
385 963 60 49 bras,
465 968 35 51 soit
524 977 2 43 a
546 969 17 52 la
590 971 127 56 Charrüe.
737 978 31 49 Il
789 981 24 50 est
840 992 17 40 un
880 988 123 51 avantage
1035 995 38 43 nécl
1119 1003 1 39 a
1145 998 12 47 le
1178 996 60 51 faire
1263 1004 15 44 de
1296 1003 12 48 la
1332 1003 96 48 derniene

289 1015 71 52 Juçon
406 1025 34 51 qui
462 1033 22 46 et
518 1033 50 47 eluy
585 1033 19 52 du
633 1037 67 51 moins
717 1036 15 51 de
746 1036 66 56 tems,
830 1038 14 48 et
866 1040 19 53 du
914 1053 90 47 moindre
1030 1053 98 50 nombre
1146 1051 130 62 d'hommes
1302 1066 46 45 qu'il
1370 1065 46 51 saut
1438 1064 2 54 y

289 1074 128 55 employer,
443 1081 113 55 combinés
577 1083 46 52 donc
644 1086 46 51 bien
715 1088 14 48 le
743 1091 61 51 tout,
822 1100 14 48 et
854 1097 68 54 faites
945 1108 52 42 pour
1020 1110 12 44 le
1055 1109 84 46 mieux.

324 1125 52 54 s'icy
401 1137 21 43 vu
444 1135 40 46 par
506 1140 149 54 l'inrentaire
687 1154 34 42 que
733 1157 18 38 je
777 1159 44 42 vous
838 1161 25 40 uÿ
877 1161 2 40 d
900 1153 19 47 ja
944 1160 52 48 cetté
1017 1165 36 46 que
1072 1161 156 51 l'habitation
1258 1175 27 34 des
1312 1175 77 49 sources
1400 1175 47 48 etoit

288 1176 129 52 susceptible
451 1186 59 38 vorne
529 1188 179 52 augmentation
735 1196 14 51 de
769 1202 105 54 quelques
890 1214 63 46 pieces
970 1209 18 52 de
1001 1211 84 55 Cannes
1107 1218 14 45 si
1141 1217 36 48 l'on
1198 1218 97 51 pouvoit
1320 1223 77 46 obtenir
1419 1227 16 44 de
1457 1227 39 48 l'euu

284 1235 16 43 de
317 1234 17 50 la
369 1238 96 49 grande
493 1249 91 49 riviere
616 1250 50 44 pour
687 1250 36 45 les
743 1258 88 50 arroser
862 1258 108 57 puisqu'il
989 1275 3 43 y
1012 1278 2 41 a
1046 1279 46 43 dout
1127 1278 95 49 aquinze
1255 1282 98 55 carraux
1375 1293 16 38 de
1405 1291 50 44 terre

286 1292 29 47 qui
337 1293 41 49 sont
407 1295 37 49 non
476 1301 142 48 arrosables,
630 1314 13 36 il
671 1313 60 46 seroit
754 1315 40 47 bien
824 1324 3 41 a
846 1322 127 57 vantageux
1004 1329 101 48 d'obtenir
1140 1337 54 45 l'eau
1217 1346 112 54 necessaine
1350 1352 52 48 pour
1423 1357 34 49 leur

291 1358 146 47 arrolement
462 1366 41 47 cela
542 1374 72 48 agme
644 1374 72 43 teroit
744 1381 18 46 de
782 1393 89 46 quelque
890 1388 66 54 chôses
979 1402 33 43 nos
1034 1403 102 45 nevenus,
1158 1405 110 48 Monsieur
1298 1406 16 50 Le
1344 1412 118 51 Marechal

287 1404 1 48 a
310 1407 46 45 ecrit
387 1416 0 40 a
410 1419 12 40 ce
452 1410 56 54 sujet
530 1423 5 36 a
561 1422 95 44 Monsieur
680 1421 104 58 d'Estaing
803 1439 20 40 et
839 1440 2 44 a
862 1441 99 45 Monsieur
990 1447 75 45 Magan
1094 1449 53 41 pour
1168 1446 17 52 le
1203 1448 40 48 leur
1261 1450 118 57 demander,
1392 1460 22 49 au
1434 1464 52 48 moyen

280 1451 16 46 de
313 1452 50 47 quoy
394 1463 38 39 c'est
453 1461 2 42 a
478 1461 43 44 vous
552 1468 130 48 maintenant
716 1481 3 37 a
749 1485 77 41 suivne
852 1485 47 49 cette
926 1488 83 46 affaire
1036 1498 164 56 avecvigneur,
1215 1505 68 52 ayant
1305 1511 33 43 soin
1367 1517 15 44 de
1400 1520 41 44 nous

279 1512 108 36 instraine
420 1512 21 38 des
466 1512 104 47 difficultés
592 1523 36 46 que
646 1520 27 47 l'on
709 1523 43 50 vous
770 1527 70 53 sera,
853 1526 16 48 et
881 1531 28 45 des
930 1543 74 47 moyent
1025 1553 35 37 que
1084 1555 43 35 vous
1142 1552 105 49 croinenés
1265 1564 96 42 propres
1378 1568 0 39 a
1399 1564 16 41 les
1428 1559 58 49 levers

298 1549 28 48 Je
353 1550 38 47 vous
411 1555 94 51 remercie
534 1560 21 49 du
577 1565 75 48 compte
680 1570 34 51 que
743 1581 45 44 vous
812 1579 19 43 me
852 1578 64 55 rendés
936 1579 15 49 de
964 1580 18 53 la
1006 1587 107 55 concession
1142 1592 62 55 faille
1220 1609 18 40 en
1256 1610 76 43 propre
1355 1614 0 40 a
1382 1610 90 48 Madame

277 1599 15 50 de
324 1603 91 52 Bayers
436 1611 15 40 je
480 1610 41 39 m'en
543 1617 111 47 rapporte
673 1619 38 39 bien
734 1630 2 36 a
756 1631 12 38 ce
784 1631 31 42 que
839 1632 41 41 vous
907 1633 17 46 me
940 1634 45 46 dites
1001 1641 2 39 a
1023 1642 12 38 ce
1051 1639 64 52 sujet,
1130 1646 21 47 au
1173 1645 36 51 moy
1216 1647 14 50 en
1246 1652 70 49 dequoy
1333 1654 135 48 j'abandonné

277 1661 11 35 ce
307 1650 67 53 projet
404 1661 27 43 que
449 1656 75 50 j'avois
543 1654 72 47 formé
635 1655 13 48 de
665 1661 13 39 le
702 1663 62 43 mettre
785 1670 13 40 en
818 1663 77 48 cultune

317 1703 17 33 La
360 1696 74 41 Bepne
469 1699 104 52 Gomlesse
608 1701 110 52 d'Igngul
742 1702 19 44 et
781 1713 85 44 aprivée
894 1714 2 37 a
929 1710 112 54 Dudeura
1063 1718 21 50 en
1106 1713 111 59 quarante
1233 1728 49 46 jauor
1298 1731 10 43 de
1325 1727 109 51 traventée

281 1737 25 49 les
334 1738 70 47 sucres
424 1743 42 40 n'en
494 1741 39 48 sont
553 1742 60 49 point
634 1744 55 48 enor
717 1751 77 42 fendus.

296 1779 43 48 M^rs
361 1781 17 48 Le
399 1782 124 46 Manechal
549 1785 17 50 est
588 1786 133 54 totalement
741 1790 57 50 payé
822 1791 15 41 de
852 1792 11 47 ce
882 1793 32 51 qui
929 1794 36 52 luy
976 1795 49 47 étoit
1045 1797 19 52 du
1087 1798 37 48 par
1143 1799 15 49 la
1186 1800 95 53 succesion
1310 1803 10 52 de
1340 1803 31 54 feu
1396 1805 31 47 M^r
1443 1806 61 55 fongue

276 1826 21 39 au
331 1828 66 43 moyen
429 1823 25 44 des
476 1829 61 45 sucres
556 1827 47 51 qu'il
622 1833 2 41 a
646 1836 61 45 receus
733 1835 43 47 par
799 1839 26 42 les
837 1841 95 41 navines
951 1839 13 50 le
986 1846 74 43 Grand
1080 1845 74 49 Carlos
1166 1851 15 40 et
1201 1847 12 49 le
1236 1848 129 54 Gavillan,
1381 1854 1 48 i
1406 1856 1 46 a
1433 1859 47 43 même

273 1872 26 42 dé
333 1874 48 41 dans
400 1876 11 40 ce
441 1875 22 41 ces
490 1882 11 35 de
527 1883 45 40 nous
593 1879 88 50 bonifier
702 1881 13 48 de
731 1883 36 55 cent
790 1886 82 53 pistoles
891 1898 92 43 argeant
1000 1899 13 44 de
1030 1891 69 54 france
1120 1898 53 49 pour
1198 1898 54 46 solde
1277 1903 12 41 de
1310 1896 80 55 compte
1411 1896 57 57 sinat

274 1928 65 37 parce
366 1927 27 36 que
417 1926 20 38 les
454 1926 85 46 envoys
556 1927 14 41 de
586 1928 26 46 ces
624 1931 46 43 deux
692 1935 83 39 nariines
790 1935 101 47 exedoient
909 1939 16 46 ci
940 1943 29 42 que
991 1947 49 36 nous
1052 1944 35 43 luy
1103 1943 83 48 dervions
1209 1954 14 38 de
1239 1951 42 42 cette
1307 1951 90 47 somme,
1410 1958 41 41 nous

511 1961 67 35 turee
593 1962 25 35 luy

194 1973 46 42 voile
278 1973 75 46 entiene
381 1973 46 47 mont
455 1974 61 50 quiles
550 1981 118 45 pourquoy
688 1983 44 46 vous
751 1987 55 37 aurés
825 1988 17 37 la
864 1986 62 46 boncé
960 1987 48 46 d'ons
1030 1998 17 38 en
1069 1999 68 40 avant
1161 2000 12 41 de
1190 1994 57 49 faire
1271 2000 22 39 les
1320 1998 68 47 Envoy
1405 2004 44 43 pour
1462 2001 11 43 le

273 2023 84 46 compte
391 2023 127 51 commun,
539 2029 66 50 parce
630 2034 28 41 que
683 2031 108 50 Monsieur
820 2035 13 44 le
862 2036 108 54 Machal
995 2038 59 55 etant
1071 2048 77 47 paye,
1166 2054 46 43 nous
1230 2046 13 49 de
1265 2050 39 52 vous
1322 2052 103 52 partager

271 2074 37 46 par
332 2070 58 56 egale
414 2071 90 57 pontion
532 2076 21 44 les
577 2074 107 50 Revenüs
703 2084 14 36 de
739 2080 31 56 nos
792 2079 153 52 habitations
964 2085 18 47 de
1000 2086 23 51 S^t
1045 2092 128 52 Domingue
1204 2092 49 57 ainsi
1277 2104 33 47 que
1335 2105 20 47 les
1375 2097 62 49 frain

264 2127 186 62 d'exploitation
498 2129 52 53 vous
576 2129 43 56 vous
641 2130 152 58 conformerés
813 2136 46 44 donc
883 2137 28 43 s'il
931 2147 36 49 vous
982 2141 60 51 pluit
1060 2142 4 53 a
1077 2149 16 52 ce
1112 2155 33 48 que
1164 2156 16 46 je
1204 2156 40 42 vous
1264 2145 71 58 mnende
1355 2158 49 48 pour
1425 2159 18 42 les

267 2180 80 59 Envois
372 2188 29 50 que
430 2188 42 44 vous
501 2176 42 56 attés
568 2175 84 57 saine.

1821 103 18 50 Je
1861 108 51 47 serai
1934 106 41 55 tout
1997 107 11 54 ce
2022 115 30 47 qui
2074 108 95 54 dependra
2198 111 11 47 de
2239 111 44 54 moy,
2305 115 110 52 Monsieur,
2441 121 36 46 pour
2507 118 40 50 vous
2569 116 62 54 faine
2664 119 82 50 obtenir
2777 124 31 53 par
2828 127 10 51 le
2854 128 127 51 Gouverneur

1805 161 14 43 de
1847 150 17 50 S^t
1897 157 124 54 Domingue,
2038 167 16 48 ou
2079 166 34 46 par
2136 167 14 50 le
2179 170 91 48 Ministre
2298 170 13 50 la
2335 172 55 51 grace
2414 177 34 46 que
2476 181 38 41 vous
2526 170 68 55 d́clivés
2613 171 55 52 d'être
2679 174 111 60 cxemptés,
2803 176 110 61 Monsieur
2935 190 49 49 vottre

1805 207 59 48 frere
1892 207 11 46 et
1927 207 40 48 vous
1989 213 22 43 de
2044 221 77 45 moiler
2150 221 22 50 les
2197 219 73 55 gardes
2288 221 17 50 et
2324 222 88 59 rerües,
2426 231 13 51 ce
2458 232 32 52 qui
2513 236 17 49 me
2549 235 71 52 paroit
2647 235 29 51 une
2689 236 54 57 chose
2768 239 39 54 tres
2815 241 50 52 juste
2890 248 81 52 puisque

1804 267 47 37 vous
1879 261 50 55 n'etes
1947 265 59 53 point
2033 267 120 58 possesseurs
2176 272 18 52 de
2216 273 55 57 biens
2290 274 63 58 fonds
2375 277 51 57 dans
2445 279 14 53 la
2477 281 99 57 Colonie,
2588 294 13 48 et
2624 295 30 45 que
2677 296 46 39 vous
2742 297 46 53 n'eles
2808 299 29 45 que
2853 300 13 41 le
2881 300 17 53 re
2909 301 64 54 present

1801 315 17 41 de
1845 315 129 60 Merdames
1993 325 18 47 la
2045 322 138 60 Marechale
2201 333 14 43 de
2233 331 125 58 Conflans,
2370 338 18 52 et
2410 338 117 57 Marquise
2554 345 17 45 de
2594 343 105 59 Bayers,
2721 351 30 52 qui
2775 353 13 43 ne
2814 356 118 49 montroint

1798 369 58 55 point
1878 374 22 50 ces
1918 375 34 53 Gar
1970 378 22 43 des
2010 385 14 42 et
2046 381 70 46 revües
2146 388 10 39 si
2174 383 38 47 elles
2222 384 74 54 etoient
2326 392 29 46 sur
2378 389 50 47 leurs
2450 390 125 53 habitations
2602 405 33 46 non
2658 403 89 52 plusque
2770 407 49 51 moy.
2834 411 13 47 je
2862 405 49 54 serai

1802 419 46 48 sont
1867 420 34 51 aise
1928 434 14 42 si
1960 437 17 43 je
2001 438 50 39 puis
2078 431 70 53 neussir
2172 443 1 40 a
2200 443 38 43 vous
2257 432 50 58 faine
2334 435 75 48 obtenir
2432 448 9 42 ce
2465 441 34 52 que
2526 439 42 56 vous
2583 441 71 56 desivés
2672 452 2 45 a
2693 457 14 46 ce
2720 447 64 56 sujet,
2802 451 100 53 Monsieur
2920 454 15 50 le

1803 471 127 60 Marechal
1958 482 35 46 m'a
2013 480 24 53 dit
2064 491 16 42 en
2104 492 60 42 avoir
2185 494 42 47 deja
2251 491 49 52 ecrit
2321 493 1 49 a
2347 492 96 54 Monsieur
2472 500 12 49 le
2505 499 59 53 comte
2589 499 105 58 d'Estaing
2718 507 16 44 et
2758 504 2 49 a
2780 510 105 51 Monsieur
2904 511 68 56 Magon

1804 530 12 46 et
1844 538 39 44 moy
1904 544 13 37 je
1945 545 43 41 vous
2012 538 96 48 promets
2132 541 36 46 d'en
2199 544 73 50 parler
2304 555 1 36 a
2330 552 103 44 Monsieur
2461 551 88 55 Beudet
2577 560 46 47 pour
2652 563 46 46 qu'il
2719 567 20 43 me
2753 563 31 48 dise
2805 563 106 50 comment
2925 569 8 45 il

1797 584 50 50 saut
1875 594 34 45 que
1924 586 14 48 je
1981 591 26 50 m'y
2034 592 87 53 preine
2156 600 88 51 aupres
2254 603 18 43 de
2299 599 104 59 Monsieur
2429 609 15 42 le
2478 606 31 53 Duc
2531 607 15 57 de
2560 608 112 57 Choiseüil
2699 612 49 57 pour
2772 619 70 56 obtenir
2870 632 50 45 pour
2938 634 45 45 vous

1793 635 16 46 et
1832 635 63 55 vottre
1915 639 59 48 frere
1998 650 43 35 cette
2069 648 150 52 excmption.
2245 657 26 43 Je
2300 657 49 40 serai
2367 658 41 53 bien
2434 660 69 50 flatté
2529 670 12 43 de
2568 676 44 43 vous
2635 679 99 45 prouver
2760 682 37 42 par
2815 678 14 45 la
2847 681 84 48 comme

1796 690 16 46 en
1836 689 64 50 toutes
1920 688 75 54 chôses,
2012 695 97 53 combien
2137 700 17 49 je
2181 704 97 51 vondrois
2302 709 46 42 vous
2357 706 43 49 etre
2423 712 50 47 vtils
2493 711 13 46 et
2529 716 43 47 vous
2592 720 76 51 servir,
2687 720 66 49 quand
2768 723 95 56 l'ocusion
2889 731 33 49 s'en

1795 744 128 49 presentera
1966 748 93 51 comptés
2083 749 105 55 tousjours
2211 751 27 52 sur
2269 752 51 55 moy.

1813 793 49 42 vous
1897 797 21 38 me
1956 797 103 50 marqués
2085 796 38 51 par
2145 798 22 49 la
2193 806 65 41 vottre
2277 804 18 44 du
2321 804 31 52 1^er
2381 806 48 57 May
2441 809 51 51 1764
2529 824 35 41 que
2590 827 38 34 vous
2649 829 47 36 avés
2717 823 95 50 chargé
2834 837 42 41 cent
2902 829 82 55 Burrig

1792 843 71 48 trante
1892 847 76 52 quarts
1993 854 52 39 sucre
2066 853 60 51 blanc
2159 859 33 49 sur
2217 858 13 43 le
2248 860 74 47 navine
2352 864 14 46 la
2395 862 72 50 Beure
2492 868 95 53 comtesse
2611 873 110 52 d'Egmont
2746 876 64 54 Cap^ne
2835 880 95 52 senae–

1798 899 2 46 a
1821 893 91 54 l'adresse
1934 898 13 45 et
1968 905 145 48 consignution
2143 910 16 40 du
2182 904 21 45 S^r
2232 904 63 58 Jaune
2313 914 60 45 jeune
2406 911 115 57 negotiant
2546 919 2 49 a
2577 918 145 51 Bordeaux,
2736 922 48 51 d'ont
2810 925 33 51 8d^le
2860 931 125 53 Barrigues

1792 952 77 47 jronle
1902 948 70 55 quarts
1998 951 67 54 d'assés
2090 957 48 49 beau
2167 958 71 53 sucre,
2254 962 13 48 et
2287 964 17 44 20
2335 966 135 53 Barriques
2486 969 13 45 de
2526 970 120 56 Medione,
2666 975 13 48 ce
2699 982 82 47 Navire
2802 991 23 42 est
2850 993 82 41 arrivé
2953 996 8 41 à

1797 1001 15 43 sa
1835 1003 124 45 destination
1998 1014 51 37 dans
2067 1013 21 50 les
2105 1015 107 53 premiers
2225 1023 57 48 jours
2298 1021 15 51 de
2322 1023 14 50 ce
2364 1027 54 48 mois,
2431 1031 20 46 les
2474 1024 63 56 sucres
2551 1029 17 51 en
2586 1034 40 43 sont
2644 1036 133 51 dejavendus,
2788 1043 12 38 et
2819 1042 20 47 ils
2853 1041 40 48 l'ont
2912 1040 28 49 êté

1799 1061 1 44 a
1823 1059 37 49 51^lt
1877 1060 8 49 le
1901 1065 37 44 cent
1969 1063 36 48 l'un
2021 1067 47 48 dans
2081 1071 91 44 l'autre,
2184 1069 12 52 ce
2216 1073 33 49 qui
2262 1078 23 42 est
2311 1076 20 43 un
2346 1075 38 53 bon
2403 1087 44 41 pria
2477 1089 13 38 ce
2513 1090 68 43 sucres
2605 1089 110 48 mediveres
2739 1088 79 53 n'ayant
2838 1093 29 43 êté
2884 1092 72 45 estimés

1796 1118 0 35 a
1833 1112 125 45 Bondeaux
1993 1120 32 46 que
2049 1126 17 43 39
2094 1132 2 34 a
2124 1121 47 50 40^lt
2199 1128 20 43 au
2251 1136 62 48 moyen
2333 1129 17 56 de
2367 1136 50 51 quoy
2438 1144 65 45 ayant
2520 1139 31 48 été
2576 1142 65 43 vendus
2666 1141 38 54 l'aru
2729 1142 46 50 dans
2789 1144 76 53 l'autre
2879 1152 42 50 51^lt.

1793 1165 10 44 ce
1816 1165 17 47 la
1858 1166 44 51 fait
1923 1167 32 50 que
1972 1171 21 50 les
2010 1175 44 45 plus
2071 1173 55 53 baux
2155 1179 13 47 se
2185 1177 105 49 trouvont
2322 1188 71 46 rendus
2413 1192 32 49 sur
2467 1189 13 53 le
2501 1196 39 49 pied
2562 1193 88 52 d'envir
2668 1207 20 38 on
2714 1200 55 45 54^lt
2781 1205 2 48 a
2804 1211 48 44 44^lt
2865 1211 25 46 4^s
2907 1211 13 44 le
2934 1210 40 50 cent

1581 1200 48 63 lebre
1655 1213 34 53 que
1715 1214 57 54 vouss.
1811 1218 48 41 vous
1885 1213 144 65 m'annoucés
2050 1222 44 57 par
2115 1230 16 44 la
2161 1222 40 62 mêm
2382 1230 51 55 Vous
2450 1237 43 59 avés
2510 1237 75 58 arneté
2606 1239 25 61 du
2652 1242 44 62 fret
2721 1252 30 50 sur
2767 1246 108 55 leMavine
2891 1254 94 58 l'aimule

1795 1277 62 47 Julie
1882 1277 79 47 Cap^ne
1986 1277 96 61 d'Angles
2115 1278 274 61 pourt
2402 1294 14 47 de
2440 1290 57 59 sucré
2526 1296 80 57 Blane
2626 1298 71 58 d'ont2
2743 1308 127 51 Barriques
2887 1312 14 48 de
2921 1309 53 52 sutre

1790 1334 100 48 commun
1918 1338 12 46 et
1950 1333 13 57 19
1998 1335 137 57 Barriques
2153 1344 18 51 de
2193 1342 46 57 plus
2253 1343 34 58 bes
2361 1359 30 45 ous
2409 1361 74 38 avons
2505 1358 114 51 nouvalle
2656 1360 37 53 par
2717 1361 104 59 Monsieur
2845 1365 108 55 Charnet

1800 1397 30 37 que
1856 1398 11 35 ce
1897 1400 82 34 navine
2013 1389 19 47 est
2062 1397 83 47 arrivé
2173 1397 17 53 et
2210 1400 47 52 qu'il
2281 1399 2 52 a
2315 1400 88 58 morité
2420 1410 13 48 le
2450 1415 58 43 13^me
2532 1416 17 42 de
2566 1420 12 38 ce
2607 1414 43 48 mois
2670 1422 2 46 a
2704 1416 111 54 Penbouf
2846 1429 20 47 au
2887 1429 31 42 bas
2932 1428 16 46 de

1793 1441 15 44 la
1847 1443 93 47 Roviere
1975 1449 11 42 de
2006 1450 87 48 Nantes,
2104 1454 16 50 ce
2143 1456 62 53 huut
2225 1461 44 51 prix
2303 1465 17 46 ou
2342 1462 43 48 sont
2408 1471 20 45 les
2450 1466 63 49 sucres
2528 1471 16 51 en
2563 1471 74 55 france
2658 1477 53 49 ainsi
2732 1474 45 52 qu'a
2795 1479 20 47 S^t
2838 1478 125 58 Domingue

1789 1509 16 42 et
1837 1507 30 50 qui
1892 1506 15 43 se
1932 1505 93 44 soutient
2057 1512 44 49 nous
2122 1510 46 49 fout
2184 1515 83 50 espercr
2298 1516 35 52 que
2356 1519 39 44 nous
2411 1526 17 41 en
2444 1518 97 54 tirerons
2565 1530 20 43 un
2606 1523 37 48 bon
2664 1523 78 55 party.

1809 1559 39 44 Par
1872 1565 43 39 celle
1935 1562 19 43 du
1974 1565 17 41 25
2024 1572 46 47 May
2099 1568 57 48 même
2178 1570 77 52 Année
2284 1577 50 51 vous
2355 1588 22 41 me
2403 1582 103 50 marqués
2525 1591 60 43 avoir
2616 1581 83 56 arrêté
2726 1583 44 55 fret
2793 1586 32 50 sur
2848 1593 13 41 le
2876 1589 79 49 Mlavine

1786 1613 17 52 la
1836 1613 58 49 Julie
1931 1614 70 56 Cap^ne
2028 1615 21 59 La
2083 1617 89 57 Barne
2199 1634 2 41 a
2236 1633 2 42 1
2265 1631 89 52 deniers,
2373 1640 50 41 pour
2443 1636 9 47 le
2472 1629 84 60 restant
2576 1635 25 51 des
2621 1642 67 49 sucres
2708 1653 30 41 que
2762 1654 42 37 vous
2824 1655 46 43 aves
2890 1656 30 41 qui
2940 1656 1 40 –

1790 1673 121 49 consistent
1932 1677 16 46 en
1973 1681 23 44 94
2031 1678 141 51 Burriques
2191 1690 15 40 et
2225 1690 15 41 24
2269 1688 77 46 quants
2364 1685 16 49 de
2405 1686 57 51 sucre
2483 1689 73 50 blune,
2572 1696 14 44 la
2610 1693 75 49 beouté
2708 1695 48 49 d'ont
2786 1701 45 45 vous
2847 1698 42 50 dites
2905 1706 32 43 que
2953 1706 11 43 so

1789 1731 24 43 ces
1838 1730 63 44 suires
1935 1736 16 39 ne
1983 1735 20 49 me
2024 1737 83 46 permes
2132 1742 39 46 pas
2188 1744 13 43 de
2219 1737 71 53 doulter
2315 1746 58 43 qu'ils
2386 1746 16 43 ne
2420 1742 61 52 soient
2506 1751 76 42 vendus
2607 1750 16 41 un
2641 1747 53 47 boure
2712 1750 49 48 hant
2779 1751 38 50 prix
2850 1754 12 50 si
2880 1757 23 48 les
2917 1759 58 47 suires

1793 1791 14 42 se
1834 1789 143 49 soutiennent
2008 1798 0 34 a
2028 1791 54 48 celuy
2106 1798 21 39 ou
2144 1793 20 43 ils
2188 1796 37 44 sont
2259 1794 136 49 maintenant
2423 1799 88 45 jusqu'a
2542 1799 115 46 l'arrivée
2684 1802 14 43 de
2718 1808 14 40 ca
2749 1810 106 41 Mavine,
2868 1811 41 40 cent

1789 1842 22 53 les
1838 1847 69 50 blunes
1929 1850 12 39 de
1964 1848 15 43 la
2006 1847 114 50 promiere
2154 1845 91 53 qualité
2272 1845 12 49 se
2314 1845 84 54 vendent
2424 1848 149 49 acsuellement
2596 1851 45 50 tout
2664 1853 160 49 couramment
2855 1858 80 44 tant–

1791 1899 0 46 a
1816 1895 73 51 nantes
1913 1896 45 57 qu'a
2003 1898 122 54 Boudeaux
2150 1899 52 50 60^lt
2219 1904 13 47 le
2247 1902 46 56 cent,
2315 1908 80 49 comme
2413 1910 38 51 jag
2466 1907 35 51 lieu
2531 1906 14 48 de
2561 1911 65 52 croire
2657 1910 38 49 par
2714 1922 10 42 ce
2747 1922 34 43 que
2804 1917 46 44 vous
2873 1915 88 53 mandés

1785 1963 42 45 ceux
1858 1963 30 44 que
1911 1963 46 46 vous
1976 1956 46 55 nous
2041 1953 57 59 saites
2124 1954 69 57 passer
2216 1957 38 50 par
2280 1955 12 50 la
2315 1955 57 55 Julie
2398 1956 17 50 de
2437 1957 12 54 la
2475 1957 111 56 premiere
2619 1959 85 59 qualité
2726 1965 15 47 je
2767 1969 20 49 me
2805 1966 66 53 flatte
2904 1967 63 53 qu'ils

1782 2013 80 43 seront
1890 2010 72 49 vendus
1979 2009 12 54 ce
2015 2008 44 54 prie
2091 2017 52 43 pour
2163 2015 16 44 vu
2195 2012 64 52 toutes
2279 2011 40 53 fois
2339 2012 32 55 que
2392 2012 20 46 les
2436 2011 68 54 sucres
2528 2014 16 51 ne
2564 2012 92 56 baissant
2684 2025 40 43 pus
2748 2014 65 56 avant
2837 2015 28 45 son
2885 2020 88 43 arrivée

1785 2064 47 52 nous
1863 2064 130 50 l'attendous
2017 2070 51 52 avec
2092 2067 165 56 impatiance,
2277 2071 11 55 et
2312 2070 79 53 faisons
2410 2072 24 44 des
2458 2077 56 51 vieux
2543 2078 53 52 pour
2618 2077 49 50 qu'il
2689 2076 13 49 ne
2724 2075 37 55 luy
2783 2076 81 52 arrive
2885 2079 50 54 acu

1779 2119 92 55 accident
1895 2119 16 54 et
1939 2120 48 51 qu'il
2007 2121 81 54 arrive
2124 2124 0 44 a
2148 2122 36 52 bon
2212 2124 64 52 port,
2296 2123 28 48 cel
2344 2133 16 41 en
2380 2135 32 42 voy
2440 2125 40 55 sera
2504 2130 16 52 de
2536 2127 48 54 tous
2600 2131 44 52 ceux
2681 2131 32 49 que
2737 2134 48 42 vous
2805 2133 44 53 aves
2869 2128 52 49 faits

1777 2176 57 56 celuy
1867 2180 33 55 qui
1929 2176 49 59 nous
2002 2186 78 45 rendra
2105 2178 12 57 le
2137 2180 62 53 plus.

1797 2224 49 47 vous
1874 2232 17 35 me
1927 2219 106 56 marqués
2058 2219 32 60 par
2119 2223 73 56 vottre
2216 2222 57 42 lettre
2302 2220 16 52 du
2334 2220 20 59 23
2375 2220 49 59 May
2452 2220 45 58 aussi
2529 2227 57 39 même
2615 2220 81 49 Année
2728 2230 30 48 que
2790 2232 41 34 vous
2851 2233 50 46 avés
2919 2233 51 46 receu

1535 1257 39 49 140
1601 1260 123 60 Burriques
