1466 1633
532 212 73 52 Vous
646 205 178 59 soussignés
886 212 102 47 hubert
1021 199 77 57 Comte
1122 202 22 51 de
1168 196 136 60 Conflans

1357 247 0 39 a

499 274 164 45 Marechal
699 281 16 35 et
750 275 112 41 Premier
897 267 165 45 Dice-Amiral
1098 264 20 40 de
1141 268 75 41 France
1249 261 42 44 &^a
1311 260 36 47 ꝑ^

501 326 154 45 Madame,
674 324 88 43 Marie
784 322 81 51 Roze
890 321 17 49 de
936 319 81 53 fougeu
1054 320 40 41 mon
1123 316 108 53 épouze
1264 318 51 47 que

495 369 142 49 J'authrorise
672 380 1 33 a
693 367 74 54 l'effet
798 365 34 54 des
855 365 197 55 presentes.

506 422 81 50 Jean
622 413 121 57 francois
778 410 133 49 Charles
950 415 17 47 de
982 409 21 49 la
1026 403 205 57 Rochefoucauld
1254 407 133 47 Marquis

525 473 1 35 e
542 472 144 38 Bayers,
695 466 148 40 Brigadier
869 460 35 44 des
935 467 85 39 armées
1053 459 22 45 du
1097 454 70 50 Roi,
1176 452 93 51 Colonel
1302 457 38 43 des

494 513 154 44 Grenadiers
684 506 124 48 Royaux
841 506 17 42 du
888 502 110 49 Poiton,
1008 512 13 35 et
1041 504 144 45 Chevalier
1215 499 20 45 de
1255 498 100 48 l'ordre

497 557 114 51 Royal,
620 561 12 43 et
663 555 104 48 militaire
797 553 16 41 de
840 551 33 43 S^t
893 549 97 49 Loüis,
1006 562 19 36 et
1056 548 132 49 Madame
1219 553 114 37 Marie

502 607 108 50 Théreze
648 605 18 48 de
696 604 71 53 fougeu
797 612 37 32 mon
864 604 116 51 Epouze,
1003 603 37 50 que
1059 598 145 53 j'authorise
1253 601 52 36 aussi
1339 601 0 31 a

497 645 75 58 l'effet
608 646 36 52 des
668 648 186 53 presentes.

547 690 237 51 Reconnoissons
827 696 60 41 avoir
915 694 67 41 vendu
1011 700 12 33 et
1048 689 56 43 cedde
1139 697 1 31 a
1165 694 1 31 M
1239 674 122 51 Nicolas

500 743 171 49 Provenchere
699 748 55 43 notre
789 739 127 46 Procureur
947 739 16 44 et
980 735 156 50 Regisseur
1167 734 19 39 de
1208 741 28 35 nos
1253 730 149 50 habitations

500 795 94 48 Satuées
628 804 19 35 au
661 792 42 44 Cul
728 791 20 40 de
769 790 65 49 Sac,
848 788 53 51 Isle
923 796 15 34 et
963 788 46 43 Cole
1039 785 30 46 S^t
1091 784 154 53 Domingue,
1263 787 1 48 y
1285 783 136 51 demeurant

567 848 34 46 Un
639 846 84 50 Négre
751 850 131 45 domestique
922 842 47 52 agé
994 845 18 42 de
1052 842 68 44 vingt
1156 847 0 40 a
1185 847 68 42 vingt
1275 839 108 47 deuxans

506 910 92 34 nommé
618 899 140 46 Nicolas,
775 893 44 50 fils
846 897 17 35 de
882 893 15 39 la
924 905 99 33 nommée
1050 891 102 45 Agathe
1192 887 137 44 Servante

500 947 45 49 sur
560 952 34 42 les
620 947 49 43 dites
701 943 181 50 habitations.
900 939 72 51 Ledit
998 940 116 48 Nicolas
1152 951 0 38 y
1178 936 60 52 étant
1267 936 20 52 de
1302 947 105 40 présant

530 995 31 48 Et
588 995 38 47 une
649 993 127 49 Negresse
806 993 127 47 servante
964 994 48 45 sur
1042 1003 31 35 nos
1097 995 54 42 dites
1182 988 150 49 habitations

501 1056 55 42 agée
588 1046 112 48 d'environ
729 1053 116 44 quarante
870 1052 36 40 ans
942 1049 98 42 nommée
1072 1044 126 46 Marie,
1213 1051 58 36 avec
1289 1041 108 51 l'Enfant

499 1105 51 36 dont
574 1101 48 39 elle
653 1104 30 40 est
711 1099 102 43 enceinte
854 1101 34 46 qui
912 1098 61 48 peut
993 1096 45 44 être
1068 1096 55 47 desja
1164 1103 24 39 né
1218 1106 18 32 ou
1266 1106 34 37 qui
1331 1094 65 43 n'aitra

503 1158 73 39 avant
601 1153 32 47 que
651 1148 19 52 la
698 1150 120 50 présente
850 1153 76 45 cession
955 1163 152 36 parvienne
1139 1148 72 42 audit
1244 1147 21 40 S^.
1284 1147 142 47 Provenchore

533 1203 55 49 De
606 1200 20 62 la
642 1199 147 63 propriété
811 1200 128 61 desquels,
957 1199 114 63 Negre,
1094 1199 146 59 Negresse,
1258 1199 114 63 Negrillon

501 1268 21 35 ou
549 1264 120 44 Negrette
708 1270 48 37 né,
771 1271 18 37 ou
813 1268 0 34 a
849 1264 75 39 naitre
960 1266 51 40 nous
1044 1272 48 36 nous
1128 1270 174 37 dessaisissons

500 1324 19 38 en
553 1323 90 43 faveur
672 1320 27 40 du
725 1316 30 45 dit
789 1312 67 46 Sieur
897 1311 210 53 Provenchere,
1129 1323 75 39 pour
1237 1315 102 44 enjouir

497 1371 60 56 par
581 1368 40 54 lui
645 1374 24 46 est
689 1373 56 54 toute
769 1371 185 56 propriété,
970 1369 16 41 et
1018 1372 80 45 comme
1133 1367 25 53 de
1194 1367 84 52 chose
1317 1365 37 44 lui

339 380 30 48 SE
383 382 23 48 PRI

308 419 65 38 NEUTIE.

365 444 0 78 1

446 404 0 58 1
