2698 3624
42 411 30 72 ce
144 412 78 78 qui

127 508 48 80 du

62 602 55 85 les

52 703 115 87 spice

22 821 228 102 Sommage

88 936 86 60 qui

43 1007 99 82 pler
188 1012 40 72 du

61 1429 1 57 a
141 1421 65 73 eté

30 1542 16 48 à
95 1528 182 70 Marine

39 1610 231 81 Brumaire

4 1803 184 125 Bureau

55 1896 175 104 Sécition

32 2124 111 91 usion
211 2114 42 78 du

8 2234 21 72 le
117 2239 147 65 au.

23 2331 87 79 etre

46 2546 29 59 se

67 2626 115 85 quel

50 2868 196 82 etoutes

63 3001 75 61 mis

971 418 1 52 a
1071 411 81 57 une
1224 362 303 102 liquidation
1613 363 302 91 nouvelle.
1988 392 28 52 Le
2083 368 194 73 conseil

957 501 192 79 général
1229 484 34 89 de
1331 477 311 94 liquidation
1730 491 166 71 ayant
1964 473 204 82 termine
2256 465 52 78 ses

946 593 211 81 travaux
1243 589 117 82 sans
1429 592 141 75 avoir
1633 581 170 81 statue
1889 577 77 82 sur
2023 574 36 80 la
2134 573 204 77 pension

942 693 69 84 du
1070 686 48 99 S^r
1178 676 378 100 Daillebout,
1589 675 82 87 elle
1737 685 55 82 est
1865 680 224 87 demeurée
2155 667 278 94 supprimée

1049 803 57 78 on
1189 815 32 62 ne
1298 798 123 81 peut
1504 785 244 92 procurer
1814 792 19 69 à
1881 795 31 68 ce
1984 773 237 86 militaire
2330 778 73 68 une

934 895 199 86 pension
1225 887 285 83 nouvelle,
1538 895 71 73 car
1660 882 30 80 il
1794 891 65 66 n'a
1951 899 82 59 que
2107 881 1 73 8
2160 881 88 75 ans
2328 872 36 73 de

935 1001 242 81 services,
1211 999 25 82 et
1325 992 98 84 soit
1505 986 206 85 activité
1776 996 1 70 a
1848 978 325 88 d'ailleurs,
2202 978 97 75 cesse

935 1111 151 66 avant
1155 1099 162 83 1792.

1174 1186 42 79 La
1304 1173 280 90 difficulté
1654 1169 304 87 d'assigner
2023 1180 42 68 un
2141 1159 144 87 fonds
2355 1155 66 87 sur

920 1295 167 102 lequel
1174 1294 37 90 la
1271 1300 201 87 dépense
1546 1282 30 94 de
1650 1283 284 89 nourriture
2000 1282 30 73 et
2105 1265 290 93 d'entretien

920 1399 48 82 du
1037 1388 41 80 S^r
1128 1380 329 95 Daillebout
1521 1368 283 99 (considérée
1867 1384 159 71 comme
2083 1373 146 82 dépense
2273 1357 178 86 couvante

921 1502 170 82 pisse
1163 1497 83 85 être
1337 1487 312 94 iiputée,
1685 1483 150 85 existe
1921 1475 367 81 actuellement
2350 1476 119 71 aussi

929 1590 86 95 bien
1117 1607 137 70 qu'en
1330 1591 105 83 1802
1499 1608 33 58 et
1602 1580 27 90 de
1699 1597 286 70 nouveaux
2062 1568 228 82 obstacles
2360 1594 40 60 au

917 1711 290 82 payement
1287 1697 32 77 de
1375 1695 39 86 la
1494 1692 196 86 somme
1789 1685 296 90 réclamee,
2115 1691 39 72 en
2203 1703 26 62 ce
2303 1695 70 67 qui

937 1816 223 59 concerné
1230 1800 44 75 les
1349 1808 185 68 années
1614 1791 298 81 antérieures
1998 1809 50 55 au
2112 1784 60 72 1^er
2214 1779 191 77 Janvier.

933 1906 125 69 1816,
1107 1898 360 76 resulteraient
1567 1890 338 81 maintenant
1983 1886 57 78 des
2106 1888 203 72 diverses

929 2011 289 84 decheances
1308 2005 302 86 prononcées
1707 2001 99 76 par
1864 1985 47 88 les
1988 1981 99 89 Lois
2165 1989 27 86 de
2250 1977 184 96 finance

928 2124 76 68 qui
1059 2110 82 76 ont
1215 2103 185 88 attent
1481 2094 35 92 la
1583 2107 192 82 créance
1856 2099 28 86 de
1952 2083 260 99 l'hospice
2293 2094 49 72 de

1049 2291 62 96 Il
1206 2325 28 58 ne
1301 2285 117 98 peut
1498 2281 118 94 donc
1697 2314 1 51 y
1785 2297 138 74 avoir
1997 2271 83 91 lieu
2167 2295 15 66 à
2248 2273 213 86 s'occuser

944 2408 26 81 de
1043 2401 38 86 la
1161 2395 305 89 liquidation
1564 2391 32 83 de
1651 2391 106 81 cette
1831 2401 261 73 créance.

1073 2503 218 100 D'après
1367 2513 31 86 ce
1452 2525 78 74 qui
1606 2509 134 73 vient
1830 2488 155 89 d'être
2068 2488 163 99 expose

948 2596 381 82 relativement
1408 2611 46 60 au
1521 2587 46 82 S^r
1640 2581 347 86 Daillebout
2059 2594 47 66 cet
2179 2591 171 67 ancien

934 2702 193 108 officier
1199 2706 97 82 doit
1361 2703 82 82 être
1530 2689 332 113 aujourd'hui
1949 2700 178 92 rangé
2191 2688 170 87 parmit
2419 2681 53 75 les

934 2832 239 73 indigens
1259 2802 69 88 et,
1360 2812 191 79 comme
1631 2788 116 97 tel,
1772 2787 30 93 il
1900 2784 36 76 se
1995 2780 184 80 trouve
2239 2784 229 76 naturellent

935 2933 16 64 à
1023 2903 39 91 la
1133 2898 201 105 charge
1413 2907 53 83 du
1531 2882 428 113 Département
2031 2879 31 96 de
2134 2873 311 82 l'Interieur

392 916 122 116 l'arrite
545 939 25 89 du
600 944 17 82 15
655 912 82 113 floreal
768 951 25 70 an

381 1030 37 46 X1.
445 1030 41 46 qui
513 1015 118 62 s'exécute
659 1020 91 58 encore,
763 1022 50 57 porte

362 1075 51 56 art^e
427 1079 24 50 6.
473 1075 1 52 "
488 1074 74 53 toutes
584 1072 28 52 les
641 1067 116 55 demandés
775 1066 12 52 de

378 1128 100 67 pensions
504 1124 13 59 à
544 1121 80 68 raison
655 1121 18 59 de
699 1121 91 62 services

358 1179 62 59 "qui
451 1175 62 59 n'out
548 1169 42 60 pas
630 1170 123 57 continué
770 1172 61 58 depuis

382 1230 12 60 le
422 1226 28 70 1^er
468 1225 88 73 Janvier
580 1224 83 69 1792.
681 1223 22 53 ee
737 1222 72 52 seront

363 1293 2 59 "
382 1288 35 59 pas
444 1278 145 70 admises.
616 1285 2 52 "

43 1097 0 125 a
94 1097 177 123 pension

221 1304 0 80 .

101 3179 23 95 à

1050 3023 51 76 on
1176 3016 212 94 propose
1463 3024 16 66 à
1560 3000 94 87 son
1750 2987 317 101 Excellence
2151 3001 182 79 d'écrire
2396 2999 14 74 à

2162 3154 120 90 M^r

360 2225 2 71 2
430 2231 22 62 la
494 2199 169 85 réclamation
698 2194 30 97 en
753 2194 16 89 du
796 2200 50 94 14.
944 2186 155 101 Senlis
1154 2190 107 94 (2).

403 2277 50 54 avril
484 2276 68 54 1820.
579 2276 38 53 Elle
644 2276 23 53 est
690 2276 34 52 par
755 2275 122 53 contéquent

386 2330 56 59 hors
474 2330 18 57 du
525 2325 56 60 délai
613 2323 90 60 prescrit
740 2331 34 50 par
790 2319 22 60 la
837 2323 30 55 loi

394 2385 27 59 du
448 2377 22 71 25
502 2386 55 56 mars
590 2385 66 59 1817.
674 2384 16 56 et
713 2371 40 66 elle
781 2374 26 58 n'a
835 2377 35 51 pas

399 2426 30 52 été
450 2426 124 51 renouvellée
602 2427 66 46 avant
696 2427 16 45 le
736 2427 30 44 1^er
790 2428 59 42 avril

393 2476 53 62 1823
480 2478 78 61 comme
582 2468 12 72 le
622 2466 84 74 voulais
734 2464 23 66 la
785 2464 28 71 loi
841 2466 17 62 du

397 2532 26 83 17
460 2529 48 65 aous
546 2525 54 56 1822
