2528 3736
1054 217 539 158 Colonies.

655 371 446 136 Daillebout

862 539 150 95 Le
1075 554 268 99 superieur
1415 537 39 104 de
1501 538 32 110 la
1588 539 206 112 Charite패
1848 539 41 101 de
1927 535 159 103 Senlis
2148 560 159 74 accuse

800 647 48 79 la
910 658 227 91 rece패ption
1199 647 34 83 de
1274 647 145 93 l'ordre
1481 648 48 95 du
1591 647 117 98 Roi
1756 668 130 79 pour
1948 668 207 78 recevoir
2223 667 28 69 et

683 762 0 151 /

807 744 168 77 traiter
1043 746 123 74 dans
1234 768 44 52 sa
1340 750 264 70 Maison
1672 738 17 81 le
1728 738 56 81 S.
1829 736 309 82 Daillebout
2194 737 129 80 Lieut.

802 863 39 63 en
920 832 47 92 2^e
1022 834 63 94 des
1148 834 197 106 troupes
1408 823 39 95 de
1502 823 252 115 Cayenne
1817 821 110 90 dont
1975 821 63 111 les
2069 831 79 94 prit
2195 859 63 67 est

800 950 178 78 alie패ne,
1016 948 25 73 il
1117 950 209 88 marque
1377 963 45 58 en
1485 964 133 61 me팩me
1674 943 172 86 tems,
1878 965 82 67 que
2005 940 50 83 les
2112 944 203 81 pensions

804 1060 0 53 a
859 1029 34 87 la
940 1030 171 99 charge
1172 1029 55 94 du
1288 1029 89 90 Roi
1438 1041 109 64 sont
1615 1027 34 78 de
1711 1027 122 97 600^lt;
1888 1039 150 71 mais

804 1141 538 97 qu'ordinairement
1407 1137 52 95 les
1530 1136 220 94 parents
1835 1151 200 76 payent
2120 1136 45 65 un

797 1225 317 107 suple패ment
1164 1224 37 85 de
1266 1236 0 76 2
1331 1249 36 54 on
1432 1236 108 68 300^lt
1569 1255 28 58 et
1648 1255 29 51 se
1713 1226 245 98 chargent
2023 1216 144 87 aussi
2217 1223 66 80 des

799 1332 117 85 frais
989 1327 265 89 d'entrelien
1340 1347 191 67 comme
1586 1337 105 76 ceux
1758 1324 50 88 du
1844 1324 50 87 S.
1931 1324 326 87 Daillebout

801 1438 105 81 sont
958 1427 105 90 hort
1135 1427 151 90 d'etat
1345 1425 33 91 de
1424 1425 282 96 contribuer
1785 1457 19 52 a
1837 1455 59 56 ces
1949 1423 183 93 frais,
2152 1431 26 86 il
2211 1423 111 93 laisse

802 1544 22 93 a
854 1533 30 104 la
937 1529 157 108 justice
1154 1558 37 52 de
1244 1531 419 108 Monseigneur
1730 1533 262 88 d'accorder
2037 1534 45 88 la
2127 1543 179 78 somme

808 1645 121 94 qu'il
1005 1637 196 92 voudra
1269 1635 242 96 ordonner
1571 1635 75 79 lui
1714 1633 83 110 e팩tre
1850 1655 212 88 paye패e.

1034 1820 41 79 Le
1131 1820 256 101 Departement
1422 1828 28 73 de
1478 1818 20 76 la
1533 1818 118 78 Guerre
1693 1848 27 53 ne
1769 1841 97 72 paye
1915 1845 62 71 que
2005 1828 97 69 600^lt
2123 1826 28 91 de
2178 1837 139 80 pension

1042 1924 90 59 pour
1184 1921 49 50 les
1273 1899 156 88 Officiers
1475 1899 149 77 de패tenus
1678 1908 12 63 a
1708 1897 23 78 la
1773 1897 184 83 Charite패
2004 1907 30 68 de
2076 1897 118 72 Senlis
2242 1919 18 52 et
2289 1905 18 68 il

1040 2001 69 49 n'est
1147 1978 144 72 accorde패
1323 2000 118 50 aucun
1500 1975 219 75 suplement
1772 1989 86 61 pour
1906 1973 246 77 l'entretien.
2173 1991 22 59 si
2227 1978 21 72 le

1021 2056 142 77 Prieur
1219 2057 27 71 de
1277 2056 71 75 celle
1393 2060 179 77 Maison
1611 2071 32 62 ne
1688 2065 83 76 peut
1816 2068 70 73 pas
1931 2052 173 89 prendre패
2130 2050 32 76 le
2200 2052 38 74 S.

1046 2133 241 84 D'aillebout
1340 2146 88 64 pour
1469 2133 23 83 le
1533 2148 65 67 prix
1657 2154 29 50 de
1727 2131 94 67 600^lt
1844 2137 59 70 On
1950 2145 135 69 pourra
2138 2132 93 79 fare

1046 2206 202 95 transfe패rer
1301 2233 52 47 cet
1386 2206 157 97 Oficier
1595 2233 0 45 a
1641 2206 209 97 l'hopital
1890 2206 26 81 de
1949 2206 39 77 S.
2047 2206 150 89 Venant
2250 2233 32 55 ou

1047 2293 18 65 il
1111 2306 74 63 sera
1231 2293 115 76 traite패
1381 2297 23 67 et
1444 2293 178 83 entretenu
1668 2312 86 58 pour
1795 2293 74 65 cette
1915 2305 161 59 somme.
2099 2293 58 83 On
2197 2295 92 78 joint

1055 2384 32 64 en
1118 2385 246 76 conse패quence
1420 2387 51 65 une
1521 2382 151 81 reponse
1729 2393 63 69 que
1836 2374 358 88 Monseigneur
2245 2372 50 81 est

1044 2455 79 102 prie
1179 2449 32 82 de
1258 2449 119 110 signer
1441 2447 48 90 s'il
1520 2447 294 116 l'approuve.

1772 2606 74 123 7pp

225 212 89 102 Du
374 200 35 82 20
492 213 51 86 mai
587 190 81 112 1787

210 380 84 98 lettre
337 367 39 98 du
409 381 95 115 me팩me
536 383 48 101 jour

233 533 121 104 Renuis
380 544 92 80 entrat
