2208 2879
971 185 979 126 Bordeaux 10. Janvier 1769

419 291 440 108 Monsieur

172 631 1904 143 M^r. Provenchere arriva hier devant ce port dans le Senault

187 719 1883 144 du Roy de S^t Nicolas Cap^ne Lachapelle sur lequel jl a Eté

188 802 1876 148 Embarqué par ordre du genéral de S^t Domingue, et Etre

196 908 1874 128 constitué prisonnier au chateau Trompete de cette ville –

203 978 1853 151 des l'jinstant que j'en fus jnformé je ne puis pas moy meme

187 1074 1897 127 aller a bord le voir puisque malheureusement je suis actuellement

193 1169 1863 112 perclus de goutte dans mon lit, mais j'y Envoyay le sieur–

188 1252 1888 109 Massé mon Capitaine & Neveu qui le connoit personnellement

193 1343 1872 106 pour luy offrir sans Reserve tout ce qui dependra de moy d'un

182 1428 1864 101 autre cotté j'envoyay ma famille et mes amis solliciter M^r

179 1517 1888 103 De lagraulet commandant du Chateau Trompete de vouloir

192 1602 1859 95 bien le traiter favorablement et luy donner seulement le

188 1690 1880 91 Chateau pour prison, ce qu'il auroit fait s'il luy avoit Eté

179 1772 1886 97 possible, mais jl leur a fait voir les ordres de M. Le Prince

172 1861 1879 106 De Rohan portant Expressement de le mettre en prison et de

172 1950 1887 113 ne le laisser parler a personne, jusques a ce qu'il En Eut Reçü

172 2048 1877 85 Les ordres du ministre, jl y a Eté transféré, ce matin, cette

184 2136 1849 90 prison est une belle chambre ou jl n'y a que les quatre

179 2231 1905 86 murs dans laquelle jl m'a Eté permis de faire apporter

200 2317 1812 91 un bon lit, une table et du bois pour se chauffer, de

184 2399 1852 110 façon que je luy feray tenir tout ce qu'il souhaitera

195 2493 1838 118 Et je me flatte que malgré qu'il soit deffendu de luy

68 2613 1927 125 M^r Le M^is De la Rochefoucault Bayers

1795 2715 79 140 548
