4179 2781
162 619 1834 105 parler je pouray luy Ecrire surement tous les jours Et

168 713 1904 96 avoir sa Reponce, vous voyés Monsieur que vous avés

171 795 1884 108 a sollicier auprés du ministre sa liberté que je ne doute

180 888 1887 100 pas vous n'obteniés pas franchement jl est inconçevable

197 971 1873 91 qu'il soit traité sy cruellement pour un sy petit crime

180 1061 1838 97 Je ne vous En dis pas d'avantage, jl a Remis une lettre

153 1140 1902 105 au sieur Massé que je vous Envoy cy joint, En un mot

188 1236 1859 86 Monsieur je feray l'impossible pour M^r Provenchere, et

180 1319 1850 94 je vous prie de bien En assurer Madame La Marquise

176 1393 1884 147 a qui j'offre mon proffond Respect, J'ay l'honneur d'Etre

207 1515 408 57 de meme.

174 1668 424 82 Monsieur

1156 1656 887 109 Votre tres humble & tres

1197 1747 818 108 obeissant serviteur

1550 1837 126 72 Jaũne

1706 1857 122 108 gard
