4121 2757
300 295 1685 126 bonnes raisons dautres disoient mauvaises

310 389 1531 140 pour arborer cette enseigne de la vieillesse.

294 487 1694 145 Je me bornerai donc a vous adresser la facture

295 571 1650 138 de dix huit Bariques de sucre brut que jai

289 680 1586 121 chargées pour vôtre Compte sur le nav^e lad^te

307 738 1679 145 anne de nantes cap^e M^r le ch^r de Keruset

288 828 1691 140 et bientot aprés vous recevrés celui de seize

295 911 1693 171 Bsque de sucre brut et de vingt quatre a

297 1009 1665 141 vingt cinq de blanc sur le nav^e le prince de

297 1095 1668 144 condé cap^e Bordage de nantes le fret a 14

306 1197 1654 118 deniers. Je m'applaudis beaucoup d'avoir eu

318 1259 1696 148 la fret a ce prix. car depuis il a monté a 15 et 16

314 1347 1596 132 avec apparence d'augmentation. Je viens –

314 1425 1688 141 d'apprendre l'arrivée en france du nav^e L'Hercule

326 1505 1619 147 cap^e Boutet dans lequel je vous avois fais un

323 1588 1660 145 petit chargement et peu après vous avois recû

314 1667 1573 135 celui sur le modeste un peu plus considerable;

309 1746 1630 147 je ne vous dedomagerai quune encore cette année

283 1847 1687 124 du deficit des envois de l'année derniere mais

304 1923 1676 134 Je ferai cependant en sorte de n'en faire sur cette

358 2000 1664 135 fin d'année et plus de remises que je pourrai

312 2087 1572 130 et pour vous faire jouir dorenavant plus

341 2176 1687 127 amplement de vos revenûs. Je suspenderai pour

347 2242 1661 150 quelques tems mes achats en negres qui sont

2225 271 884 96 tous bien prets d'etre paiés.

2274 350 1529 103 il vient de m'arriver monsieur le marquis un

2251 419 1715 124 evenement bien facheux sur vôtre h^on des Vareux.

2261 510 1702 130 le gerant de cette h^on avoit permis a un negre sucrier

2268 595 1624 132 qui avoit un malingre aux jambes presque jugé.

2276 676 1699 140 incurable d'aller trouver la guerison dans du boiers

2276 752 1685 153 d'eau chaude que nous avons dans ce quartier avec

2302 830 1645 160 l'injonction de se representer de tems en tems

2299 923 1673 153 pour voir le progrés du remede ce negre s'est

2311 981 1664 167 dispense de revenirs à l'h^on et depuis plus de

2323 1056 1666 170 6 mois jouissoit a l'abri de cette permission dune

2311 1124 1624 194 plus grande liberté comme cette conduite de la

2302 1206 1676 183 part dun negre est irreguliere et peu conforme

2307 1289 1639 179 aux principes d'un bonne administration. Le

2255 1373 1737 166 gerant le faisoit epier etait instruit dailleurs

2253 1471 1766 141 qu'il venoit la nuit à l'h^on il avoit en consequence

2308 1560 1696 146 donné des ordres aux commandeurs de s'en saisirs

2314 1622 1647 154 Sils le trouvoient. un des commandeurs chargé

2322 1698 1656 155 de cet ordre est entré dans une case ou il etoit

2317 1759 1682 183 pour s'en sasir, mais ce malheureux faisant

2304 1851 1700 178 resistance a plongé son couteau dans le corps.

2327 1928 1694 176 de ce commandeurs qui la poursuivi malgré sa

2304 2015 1723 173 blessure et qui a l'aide d'un autre negre de cet

2290 2101 1743 164 même h^on la arreté. il a encore blessé a la main

2284 2191 1709 178 le second negre et lui même après s'est percé

2282 2280 1736 181 en plusieurs coups de couteau qui ne lui ont point

2284 2447 620 81 oté la vie.
