2203 2863
885 186 1069 114 Bordeaux 14^e Janvier 1769

384 459 600 83 Monsieur

1342 453 686 94 Repondûe le 20^eme Janvier 1769

232 745 1843 117 La lettre que j'ay eu l'honneur de vous Ecrire le 10^e courant,

219 839 1869 113 servira En partie de Reponce a celle dont vous m'avés honnoré

208 927 1894 102 Le 6^e que J'Envoyay communiquer sur le champ a Monsieur

200 1005 1899 119 Provenchere apres que M^r Lagraulet commandant du chateau

229 1097 1867 107 En Eut pris premiere lecture, circonstance qui Est cause que

216 1175 1880 106 M^r Provenchere ne vous Ecrit pas, qu'oique comblé de pollitesses

214 1248 1866 116 par M. Delagraulet, jl voudroit peut Etre Entrer dans des Details

208 1332 1894 123 qu'il fait bien de Taire a tout le monde, sur le tour, jl est content,

202 1407 1889 121 Joyeux Et En bonne santé, le sieur Massé mon neveu trouve Le –

216 1488 1878 113 secret de luy parler quelquefois par le canal duquel jl me fait

219 1579 1871 110 demander tout ce qu'il a besoin, soyés donc tranquille, ainsy que

208 1646 1883 117 Madame la marquise que j'assure de mes Respects sur son sort, Et

216 1724 1877 133 bien persuadés je vous prie l'un & l'autre que je suis a son service

225 1825 947 90 au dessus de toute Expression.

270 1854 1831 123 Toutes mes lettres de Saint Domingue ne luy attribuent d'autre

222 1938 1869 109 crime que celuy d'avoir Refusé une lieutenance dans les Dragons,

217 2010 1888 108 Notament celle que m'a Ecrit M^r Breton des chapelle qui Est chargé

227 2080 1872 116 aujourd'huy de vos affaires dans ce pays là et qui m'a adressé Les

222 2156 1872 116 deux pacquets cy Joints l'un pour vous & l'autre pour Madame

222 2222 1864 125 La marquise. J'ay l'honneur d'Etre avec le plus absollu Et

216 2322 949 111 Respectueux devouement.

230 2451 444 109 Monsieur

1177 2428 893 112 Votre tres humble & tres

1092 2506 969 113 obeissant serviteur

1544 2602 304 101 Jaũne

1854 2648 161 84 gand

122 2680 1465 170 M^r le M^is De la Rochefoucault Bayers ※

1930 2712 67 105 549
