4099 2780
386 313 1635 108 Je vais vous annoncer incessament un envoi

401 403 1583 98 de cinquante milliers de sucre brut. mais

393 491 1583 119 j'attends qu'ils soient tous fabriqués pour en

400 574 1606 119 arreter le fret. le sucre blanc se vendant tres mal

400 657 1646 115 a S^t domingue et sur les avis que j'ai eû que

403 736 1609 127 les sucres bruts faisoient de meilleures remises

407 832 1616 117 Je me suis decidé à Rouler en brut aux Varreux

407 908 1654 128 et si les choses continuent ainsi j'en feroit autant

418 1030 687 78 sur l'h^on des Sources.

488 1067 1566 129 Je vous ai parlé dans une de mes precedentes de la

418 1147 1595 124 retraite de Slamoniere de l'h^on de vareux cette

430 1234 1621 114 mutation ma fait faire une economie de 6 mille

429 1306 1493 124 livres par ans en congediant le rafineur

417 1365 1604 147 de cette h^on J'ai mis a sa place le gerant qui etoit

420 1456 1337 127 avec moi et dont depuis 4 ans je suis

429 1527 1521 137 parfaitement content. Jai appellé au pris de

407 1600 1634 139 moi un autre Robion qui est tres bon rafineur

407 1695 1475 108 et qui est chargé sous mes ordres des deux

423 1766 1597 112 parties. cest a dire de la Rafinerie et de

396 1851 1651 116 jardin. ce jeune homme a fait d'en apprentisage

398 1953 1569 88 sous un excellent gerant, il a beaucoup

390 2029 1583 113 de mutation et a supérieurement reüssi

370 2108 1664 136 dans la fabrique du sucre. Je vois que j'en

413 2214 1216 102 serai content a tous les égards ※

471 2285 1533 122 Je ne vous donnerai pas pour nouvelle

2227 228 1609 141 que m^r le Comte de la luzerne est appellé au

2241 298 1743 154 ministere de la marine; mais je vous apprendrés

2248 381 1739 164 qu'il est parti d'ici le 13 de ce mois sur la fregatte

2248 478 1738 159 la reünion. vous avois vû surement avec plaisirs

2270 563 1696 158 promû a cette place un ancien ami et qui

2267 667 1072 142 paroit vous etre attaché

2453 757 895 174 Je suis avec Respect

2384 912 924 132 monsieur le marquis

3014 1010 958 148 Votre trés humble & trés

3058 1108 861 132 obéissant Serviteur

2178 1204 706 160 Ce 20 novembre

3249 1230 517 133 Provenchere

2483 1336 218 151 1787.
