<?xml version="1.0" encoding="UTF-8"?>
<alto xmlns:xsi="http://www.w3.org/2001/XMLSchema-instance"
      xmlns="http://www.loc.gov/standards/alto/ns-v4#"
      xsi:schemaLocation="http://www.loc.gov/standards/alto/ns-v4# http://www.loc.gov/standards/alto/v4/alto-4-2.xsd">
  <Description>
    <MeasurementUnit>pixel</MeasurementUnit>
    <sourceImageInformation>
      <fileName>0007full.jpg</fileName>
      <fileIdentifier>zip//plantation_conflans_la_rochefouc_alto_20241122_Marion_1_50.zip/0007full.jpg</fileIdentifier>
    </sourceImageInformation>
  </Description>
  <Tags>
    <OtherTag ID="QZ7" LABEL="CustomZone" DESCRIPTION="block type CustomZone"/><OtherTag ID="QZ8" LABEL="DamageZone" DESCRIPTION="block type DamageZone"/><OtherTag ID="QZ9" LABEL="DigitizationArtefactZone" DESCRIPTION="block type DigitizationArtefactZone"/><OtherTag ID="QZ10" LABEL="DropCapitalZone" DESCRIPTION="block type DropCapitalZone"/><OtherTag ID="QZ11" LABEL="GraphicZone" DESCRIPTION="block type GraphicZone"/><OtherTag ID="QZ12" LABEL="MainZone" DESCRIPTION="block type MainZone"/><OtherTag ID="QZ13" LABEL="MarginTextZone" DESCRIPTION="block type MarginTextZone"/><OtherTag ID="QZ14" LABEL="MusicZone" DESCRIPTION="block type MusicZone"/><OtherTag ID="QZ15" LABEL="NumberingZone" DESCRIPTION="block type NumberingZone"/><OtherTag ID="QZ17" LABEL="QuireMarksZone" DESCRIPTION="block type QuireMarksZone"/><OtherTag ID="QZ18" LABEL="RunningTitleZone" DESCRIPTION="block type RunningTitleZone"/><OtherTag ID="QZ19" LABEL="SealZone" DESCRIPTION="block type SealZone"/><OtherTag ID="QZ20" LABEL="StampZone" DESCRIPTION="block type StampZone"/><OtherTag ID="QZ21" LABEL="TableZone" DESCRIPTION="block type TableZone"/><OtherTag ID="QZ22" LABEL="TitlePageZone" DESCRIPTION="block type TitlePageZone"/>
    <OtherTag ID="LT7" LABEL="CustomLine" DESCRIPTION="line type CustomLine"/><OtherTag ID="LT8" LABEL="DefaultLine" DESCRIPTION="line type DefaultLine"/><OtherTag ID="LT9" LABEL="DropCapitalLine" DESCRIPTION="line type DropCapitalLine"/><OtherTag ID="LT10" LABEL="HeadingLine" DESCRIPTION="line type HeadingLine"/><OtherTag ID="LT11" LABEL="InterlinearLine" DESCRIPTION="line type InterlinearLine"/><OtherTag ID="LT12" LABEL="MusicLine" DESCRIPTION="line type MusicLine"/>
  </Tags>
  <Layout>
    <Page WIDTH="4239"
          HEIGHT="2869"
          PHYSICAL_IMG_NR="13"
          ID="eSc_dummypage_">
      <PrintSpace HPOS="0"
                  VPOS="0"
                  WIDTH="4239"
                  HEIGHT="2869">
        <TextBlock HPOS="125.0"
                   VPOS="460.0"
                   WIDTH="1914.0"
                   HEIGHT="1965.0"
                   ID="eSc_textblock_1836c120"
                   TAGREFS="QZ12">
          <Shape><Polygon POINTS="125 460 125 2425 2039 2425 2039 460"/></Shape>
          <TextLine ID="eSc_line_59d3e9ce"
                    TAGREFS="LT8"
                    BASELINE="162 620 2003 655" 
                    HPOS="161"
                    VPOS="565"
                    WIDTH="1842"
                    HEIGHT="121">
            <Shape><Polygon POINTS="741 570 739 570 538 580 462 565 460 565 396 575 381 569 379 569 377 569 376 569 350 580 347 580 323 578 186 569 184 569 183 569 165 573 162 578 162 620 161 656 255 659 256 659 266 658 339 643 427 643 556 661 596 666 597 666 631 661 731 647 760 655 762 655 763 655 805 648 867 664 889 669 891 669 892 669 943 664 983 661 997 666 1025 674 1026 674 1028 674 1084 666 1128 659 1151 666 1168 672 1170 672 1171 672 1173 672 1189 667 1221 656 1249 666 1251 666 1253 666 1299 658 1385 666 1386 666 1388 666 1409 659 1437 669 1442 671 1444 671 1445 671 1463 669 1520 664 1546 671 1602 685 1603 685 1605 686 1740 686 1740 685 1742 685 1774 672 1787 667 2000 674 2003 655 2002 605 1849 592 1847 592 1801 602 1772 607 1758 600 1737 591 1736 591 1734 591 1732 591 1707 600 1691 605 1613 605 1597 599 1578 591 1576 591 1575 591 1573 591 1547 597 1541 599 1535 597 1501 584 1500 584 1498 584 1496 584 1458 596 1442 600 1345 600 1329 594 1289 581 1288 581 1286 581 1122 588 1098 578 1096 578 999 575 997 575 996 575 950 588 938 591 833 591 785 586 766 584 744 570 742 570"/></Shape>
            <String CONTENT="qui ont tenu ses discours, et sans doute que celuy qui a Ecrit"
                    HPOS="161"
                    VPOS="565"
                    WIDTH="1842"
                    HEIGHT="121"
                    ></String>
          </TextLine>
          <TextLine ID="eSc_line_547c480a"
                    TAGREFS="LT8"
                    BASELINE="159 717 760 717 1386 734 2031 741" 
                    HPOS="157"
                    VPOS="667"
                    WIDTH="1874"
                    HEIGHT="109">
            <Shape><Polygon POINTS="159 717 157 760 424 744 518 744 578 761 580 761 581 761 624 752 661 763 674 766 675 766 677 768 760 768 760 766 777 763 811 755 832 763 854 771 856 771 1042 774 1044 776 1155 776 1155 774 1157 774 1186 763 1206 755 1235 763 1259 769 1261 769 1262 769 1291 763 1307 760 1382 761 1383 763 1415 776 1417 776 1418 776 1503 763 1530 760 1541 763 1576 776 1578 776 1579 776 1672 765 2029 765 2031 741 2031 706 1691 701 1626 690 1624 690 1540 698 1538 698 1481 678 1479 678 1477 678 1476 678 1450 686 1412 677 1410 677 1409 677 1407 677 1378 685 1323 680 1321 680 1320 680 1281 693 1064 680 1063 680 956 686 919 671 918 671 672 667 556 667 554 667 553 667 510 678 486 672 484 672 483 672 481 672 446 683 443 683 435 683 344 674 342 674 307 682 304 682 301 682 261 667 259 667 258 667 159 680 159 717"/></Shape>
            <String CONTENT="a paris ayant Entendu ses propos par des tierses personnes aura"
                    HPOS="157"
                    VPOS="667"
                    WIDTH="1874"
                    HEIGHT="109"
                    ></String>
          </TextLine>
          <TextLine ID="eSc_line_2f69d0a6"
                    TAGREFS="LT8"
                    BASELINE="164 804 564 803 1396 820 2027 825" 
                    HPOS="164"
                    VPOS="758"
                    WIDTH="1863"
                    HEIGHT="88">
            <Shape><Polygon POINTS="164 804 164 825 368 814 395 822 396 822 398 822 645 819 667 828 669 828 671 828 731 819 770 830 782 833 784 833 785 833 808 830 854 822 921 830 970 836 972 836 997 832 1026 825 1230 833 1559 844 1560 846 1610 846 1610 844 1611 844 1634 835 1642 832 1667 835 1742 846 1744 846 1745 846 1774 836 1777 835 1796 836 1916 846 1917 846 2026 836 2027 825 2024 788 1839 788 1820 785 1790 777 1788 777 1740 784 1721 785 1715 784 1704 777 1702 777 1701 777 1567 781 1441 784 1428 779 1412 771 1410 771 1315 769 1313 769 1253 776 1206 781 1135 774 1080 769 1079 769 1010 773 923 776 891 771 851 763 849 763 781 768 762 769 730 768 612 760 610 760 561 765 521 769 495 765 468 758 467 758 465 758 446 763 424 769 374 763 344 758 342 758 164 758 164 804"/></Shape>
            <String CONTENT="jnconsiderement conclu qu&#x27;on me l&#x27;avoit Ecrit, mais je puis vous"
                    HPOS="164"
                    VPOS="758"
                    WIDTH="1863"
                    HEIGHT="88"
                    ></String>
          </TextLine>
          <TextLine ID="eSc_line_ffd0bb55"
                    TAGREFS="LT8"
                    BASELINE="164 884 2029 905" 
                    HPOS="162"
                    VPOS="832"
                    WIDTH="1867"
                    HEIGHT="95">
            <Shape><Polygon POINTS="164 884 162 897 312 898 312 900 336 911 337 911 339 911 498 902 516 902 521 902 551 911 553 911 554 911 556 911 585 903 593 902 607 903 679 914 680 914 734 906 750 916 752 916 754 916 755 916 757 916 792 906 797 905 801 906 836 916 838 916 840 916 913 908 934 918 935 918 937 918 996 908 1012 906 1034 910 1114 919 1115 919 1152 910 1165 908 1300 910 1308 913 1351 922 1353 922 1535 916 1573 914 1578 916 1600 926 1602 926 1603 926 1643 918 1742 927 1744 927 2027 921 2029 905 2027 863 1500 867 1434 852 1402 846 1401 846 1375 852 1318 865 1249 849 1225 844 1224 844 1198 849 1127 862 1045 847 1044 847 931 860 852 843 836 839 703 838 701 838 699 838 691 839 655 849 581 838 567 836 565 836 564 836 559 838 508 855 373 855 298 835 296 835 164 832 164 884"/></Shape>
            <String CONTENT="assurer que le fait Est vray, et j&#x27;ajoute que ses memes officiers ont"
                    HPOS="162"
                    VPOS="832"
                    WIDTH="1867"
                    HEIGHT="95"
                    ></String>
          </TextLine>
          <TextLine ID="eSc_line_8235b02c"
                    TAGREFS="LT8"
                    BASELINE="172 969 1602 988 2029 985" 
                    HPOS="170"
                    VPOS="906"
                    WIDTH="1859"
                    HEIGHT="114">
            <Shape><Polygon POINTS="172 969 170 1002 374 1004 376 1004 377 1004 379 1004 428 985 522 985 597 1000 599 1000 601 1000 639 986 706 999 707 999 760 988 907 1000 908 1000 1005 991 1130 992 1151 1004 1152 1004 1154 1004 1155 1004 1189 992 1213 1004 1214 1004 1216 1004 1356 996 1410 1005 1484 1018 1657 1020 1659 1020 1748 1005 1783 1000 1881 1000 1892 1005 1922 1018 1924 1018 1925 1018 1927 1018 1954 1007 2027 1007 2029 985 2027 953 1909 953 1898 949 1804 926 1744 924 1563 922 1562 922 1560 922 1506 940 1484 946 1245 943 1224 934 1206 926 1205 926 1203 926 1171 932 1128 941 982 941 954 927 927 914 926 914 924 914 824 924 801 926 793 924 766 913 765 913 763 913 717 921 703 924 693 921 664 911 663 911 661 911 660 911 628 919 570 935 522 918 519 916 518 916 516 916 506 916 393 934 307 919 306 919 269 927 232 910 224 906 223 906 221 906 172 908 172 969"/></Shape>
            <String CONTENT="dit que M^r Le ch^er De Rohan avoit Envoyé a Bord du Navire."
                    HPOS="170"
                    VPOS="906"
                    WIDTH="1859"
                    HEIGHT="114"
                    ></String>
          </TextLine>
          <TextLine ID="eSc_line_a246b726"
                    TAGREFS="LT8"
                    BASELINE="178 1053 1473 1077 2023 1074" 
                    HPOS="178"
                    VPOS="1005"
                    WIDTH="1845"
                    HEIGHT="105">
            <Shape><Polygon POINTS="178 1053 178 1079 227 1069 326 1080 331 1080 333 1080 339 1080 457 1071 545 1082 620 1091 621 1093 691 1093 691 1091 693 1091 712 1083 725 1077 736 1083 741 1085 742 1085 744 1085 746 1085 750 1083 773 1075 859 1083 875 1085 876 1085 884 1085 923 1077 1155 1079 1182 1087 1238 1099 1240 1099 1286 1090 1331 1098 1332 1098 1334 1098 1364 1088 1367 1087 1371 1088 1399 1102 1401 1102 1402 1102 1724 1093 1807 1109 1809 1110 1871 1110 1871 1109 1873 1109 1924 1093 2021 1093 2023 1074 2021 1043 1922 1042 1921 1040 1858 1026 1857 1026 1793 1036 1771 1024 1769 1024 1699 1023 1697 1023 1696 1023 1662 1036 1656 1039 1594 1039 1568 1034 1481 1020 1479 1020 1402 1031 1374 1034 1310 1029 1157 1015 1155 1015 1079 1024 1071 1024 1064 1024 1025 1015 1023 1015 986 1023 961 1028 948 1021 929 1012 927 1012 926 1012 809 1018 736 1023 695 1016 647 1008 645 1008 644 1008 620 1015 596 1021 554 1013 508 1005 506 1005 467 1012 420 1020 178 1007 178 1053"/></Shape>
            <String CONTENT="au moment du Depart dire a M^r Provenchere, qu&#x27;il avoit une"
                    HPOS="178"
                    VPOS="1005"
                    WIDTH="1845"
                    HEIGHT="105"
                    ></String>
          </TextLine>
          <TextLine ID="eSc_line_886cbfc9"
                    TAGREFS="LT8"
                    BASELINE="176 1141 1036 1155 1487 1169 1987 1169" 
                    HPOS="175"
                    VPOS="1091"
                    WIDTH="1812"
                    HEIGHT="125">
            <Shape><Polygon POINTS="175 1158 432 1161 433 1163 530 1193 532 1193 534 1193 535 1193 628 1166 629 1166 870 1168 924 1169 924 1171 990 1203 991 1203 993 1203 1120 1192 1152 1204 1154 1204 1310 1208 1312 1208 1366 1195 1402 1209 1404 1209 1482 1211 1484 1211 1535 1203 1557 1211 1559 1211 1560 1211 1769 1204 1870 1216 1871 1216 1873 1216 1921 1192 1986 1185 1987 1169 1987 1128 1948 1112 1946 1112 1887 1110 1885 1110 1739 1122 1680 1107 1678 1107 1677 1107 1610 1120 1583 1125 1469 1123 1458 1117 1447 1112 1445 1112 1444 1112 1442 1112 1433 1117 1420 1122 1367 1122 1339 1115 1280 1102 1278 1102 1235 1110 1178 1099 1125 1099 1123 1099 1122 1099 1096 1109 1079 1117 1025 1109 951 1096 950 1096 856 1104 774 1112 677 1110 661 1101 647 1091 645 1091 644 1091 642 1091 640 1091 610 1099 575 1109 542 1101 540 1101 538 1101 473 1107 427 1096 417 1095 416 1095 414 1095 411 1096 384 1106 205 1102 178 1091 176 1141 175 1158"/></Shape>
            <String CONTENT="moyen pour obtenir sa liberté En declarant qu&#x27;il Etoit le –"
                    HPOS="175"
                    VPOS="1091"
                    WIDTH="1812"
                    HEIGHT="125"
                    ></String>
          </TextLine>
          <TextLine ID="eSc_line_69aa3b23"
                    TAGREFS="LT8"
                    BASELINE="168 1232 870 1238 1347 1254 2023 1260" 
                    HPOS="168"
                    VPOS="1181"
                    WIDTH="1855"
                    HEIGHT="111">
            <Shape><Polygon POINTS="168 1232 168 1270 200 1263 291 1271 322 1273 323 1273 334 1271 419 1254 578 1255 656 1271 658 1271 712 1265 742 1273 763 1279 765 1279 1055 1283 1056 1283 1058 1283 1079 1275 1106 1265 1151 1265 1187 1276 1221 1286 1222 1286 1224 1286 1225 1286 1248 1276 1264 1268 1334 1268 1447 1278 1500 1281 1501 1281 1503 1281 1514 1278 1536 1270 1584 1270 1616 1278 1680 1292 1681 1292 1785 1279 1823 1275 1866 1279 1951 1289 1952 1289 2021 1279 2023 1260 2021 1220 1870 1217 1809 1203 1807 1203 1745 1216 1742 1216 1650 1216 1648 1214 1608 1200 1606 1200 1605 1200 1461 1209 1430 1197 1428 1197 1426 1197 1251 1208 1229 1209 1217 1208 1155 1197 1077 1197 1076 1197 1074 1197 1048 1206 1045 1206 1029 1204 856 1189 718 1187 717 1187 715 1187 675 1200 671 1201 534 1200 532 1198 494 1184 492 1184 422 1182 420 1182 360 1195 358 1195 357 1195 229 1181 227 1181 168 1192 168 1232"/></Shape>
            <String CONTENT="particulier qui avoit fait une certaine Requette presentée au"
                    HPOS="168"
                    VPOS="1181"
                    WIDTH="1855"
                    HEIGHT="111"
                    ></String>
          </TextLine>
          <TextLine ID="eSc_line_193e4d7e"
                    TAGREFS="LT8"
                    BASELINE="165 1313 1200 1338 2027 1342" 
                    HPOS="164"
                    VPOS="1262"
                    WIDTH="1863"
                    HEIGHT="105">
            <Shape><Polygon POINTS="165 1313 164 1340 401 1345 403 1345 417 1343 473 1335 524 1345 529 1345 530 1345 572 1345 868 1342 883 1348 892 1353 894 1353 895 1353 918 1348 945 1343 1085 1350 1257 1359 1259 1359 1361 1353 1401 1351 1447 1354 1563 1362 1565 1362 1613 1356 1626 1354 1630 1356 1650 1364 1651 1364 1653 1364 1693 1356 1699 1356 1726 1357 1909 1367 1911 1367 2026 1359 2027 1342 2024 1289 1951 1299 1919 1287 1917 1287 1708 1284 1707 1284 1705 1284 1704 1284 1646 1303 1552 1303 1452 1292 1450 1292 1308 1295 1288 1287 1286 1287 1284 1287 1122 1294 1088 1283 1087 1283 1085 1283 1084 1283 1045 1292 982 1281 980 1281 978 1281 954 1291 828 1283 827 1283 779 1289 620 1271 601 1270 599 1270 586 1271 506 1283 433 1270 392 1262 390 1262 165 1265 165 1313"/></Shape>
            <String CONTENT="conseil du port au prince, et ce que contenoit l&#x27;arreté du  Conseil"
                    HPOS="164"
                    VPOS="1262"
                    WIDTH="1863"
                    HEIGHT="105"
                    ></String>
          </TextLine>
          <TextLine ID="eSc_line_e9fe04a1"
                    TAGREFS="LT8"
                    BASELINE="173 1408 2045 1423" 
                    HPOS="172"
                    VPOS="1353"
                    WIDTH="1873"
                    HEIGHT="91">
            <Shape><Polygon POINTS="173 1408 172 1421 189 1431 191 1431 192 1431 267 1424 382 1432 384 1432 793 1428 884 1436 886 1436 1618 1434 1648 1442 1650 1442 1858 1444 1860 1444 2043 1436 2045 1423 2043 1375 1919 1367 1917 1367 1916 1367 1895 1372 1868 1380 1838 1372 1814 1365 1812 1365 1811 1365 1785 1372 1748 1381 1630 1383 1544 1383 1514 1369 1508 1365 1506 1365 1504 1365 1503 1365 1496 1367 1465 1381 1310 1381 1198 1364 1170 1361 1168 1361 1166 1361 1158 1364 1125 1380 1013 1380 927 1361 915 1359 913 1359 899 1361 852 1367 648 1357 631 1357 629 1357 628 1357 601 1372 440 1373 384 1354 382 1354 381 1354 309 1354 307 1354 306 1354 259 1372 223 1354 221 1354 173 1353 173 1408"/></Shape>
            <String CONTENT="au Bas de la Requette surqu&#x27;oy M^r Provenchere avoit Repondu"
                    HPOS="172"
                    VPOS="1353"
                    WIDTH="1873"
                    HEIGHT="91"
                    ></String>
          </TextLine>
          <TextLine ID="eSc_line_a4b8bb54"
                    TAGREFS="LT8"
                    BASELINE="173 1491 1018 1501 1504 1517 2035 1514" 
                    HPOS="172"
                    VPOS="1436"
                    WIDTH="1863"
                    HEIGHT="118">
            <Shape><Polygon POINTS="173 1491 172 1507 231 1522 232 1522 306 1509 312 1509 315 1509 344 1522 345 1522 347 1522 381 1515 447 1533 449 1533 451 1533 502 1522 521 1530 522 1530 524 1530 526 1530 577 1512 585 1511 620 1514 758 1525 760 1525 808 1515 816 1514 821 1515 838 1522 840 1522 841 1522 843 1522 864 1515 873 1514 1036 1514 1047 1518 1080 1526 1082 1526 1084 1526 1123 1518 1136 1517 1166 1518 1253 1526 1254 1526 1302 1520 1312 1520 1321 1520 1495 1549 1895 1554 1897 1554 1935 1552 1936 1552 1981 1530 2034 1528 2035 1514 2034 1455 1978 1455 1976 1455 1895 1474 1482 1471 1404 1460 1402 1460 1351 1467 1283 1448 1275 1447 1273 1447 1272 1447 1257 1448 1165 1464 1120 1453 1119 1453 1117 1453 1064 1464 886 1447 840 1442 666 1440 664 1440 623 1444 538 1453 506 1444 487 1437 486 1437 484 1437 459 1444 428 1450 388 1442 349 1436 347 1436 173 1440 173 1491"/></Shape>
            <String CONTENT="qu&#x27;il ne savoit Rien de toutes ses choses demandées, et que quand"
                    HPOS="172"
                    VPOS="1436"
                    WIDTH="1863"
                    HEIGHT="118"
                    ></String>
          </TextLine>
          <TextLine ID="eSc_line_0155b668"
                    TAGREFS="LT8"
                    BASELINE="164 1574 1356 1590" 
                    HPOS="164"
                    VPOS="1514"
                    WIDTH="1192"
                    HEIGHT="110">
            <Shape><Polygon POINTS="164 1574 164 1613 243 1597 258 1608 259 1608 261 1608 302 1613 357 1616 358 1616 360 1616 368 1611 404 1592 460 1592 502 1609 521 1619 522 1619 524 1619 599 1611 610 1619 612 1619 613 1619 760 1622 762 1624 797 1624 797 1622 798 1622 800 1622 821 1608 838 1597 961 1606 994 1608 996 1608 997 1608 999 1608 1002 1606 1012 1600 1021 1605 1028 1608 1029 1608 1031 1608 1069 1605 1111 1601 1127 1605 1158 1611 1160 1611 1194 1603 1206 1601 1353 1601 1356 1590 1356 1554 1264 1544 1237 1526 1235 1526 1233 1526 1168 1526 1166 1526 1165 1526 1136 1541 1115 1525 1114 1525 1112 1525 1048 1525 1047 1525 1045 1525 997 1547 886 1547 865 1536 864 1536 862 1536 860 1536 840 1544 785 1530 784 1530 738 1530 736 1530 734 1530 709 1542 661 1520 660 1520 658 1520 656 1520 621 1536 569 1538 554 1528 553 1528 551 1528 550 1528 548 1528 546 1528 530 1539 503 1528 502 1528 500 1528 444 1539 400 1518 398 1518 282 1514 261 1514 259 1514 258 1514 256 1514 232 1534 164 1536 164 1574"/></Shape>
            <String CONTENT="jl le sauroit, il ne seroit point Delateur."
                    HPOS="164"
                    VPOS="1514"
                    WIDTH="1192"
                    HEIGHT="110"
                    ></String>
          </TextLine>
          <TextLine ID="eSc_line_55082e1b"
                    TAGREFS="LT8"
                    BASELINE="181 1659 892 1659 1547 1676 2003 1673" 
                    HPOS="180"
                    VPOS="1606"
                    WIDTH="1823"
                    HEIGHT="94">
            <Shape><Polygon POINTS="181 1659 180 1684 220 1686 221 1686 223 1686 226 1684 266 1671 302 1684 306 1686 307 1686 374 1687 376 1689 462 1689 462 1687 463 1687 471 1684 502 1675 892 1675 946 1683 948 1683 1095 1676 1144 1684 1158 1686 1160 1686 1205 1684 1245 1683 1251 1684 1284 1695 1286 1695 1288 1695 1348 1687 1642 1699 1643 1699 1769 1691 1855 1700 1857 1700 2002 1683 2003 1673 2002 1622 1901 1622 1900 1622 1898 1622 1857 1643 1822 1643 1428 1638 1393 1628 1391 1628 1390 1628 1133 1635 899 1619 897 1619 784 1628 653 1611 565 1611 564 1611 562 1611 538 1622 510 1609 508 1609 432 1609 430 1609 428 1609 393 1624 353 1614 352 1614 350 1614 283 1624 181 1606 181 1659"/></Shape>
            <String CONTENT="je vous Reytere que je voudrois faire l&#x27;impossible, pour M^r"
                    HPOS="180"
                    VPOS="1606"
                    WIDTH="1823"
                    HEIGHT="94"
                    ></String>
          </TextLine>
          <TextLine ID="eSc_line_8b830fbd"
                    TAGREFS="LT8"
                    BASELINE="153 1743 770 1742 2018 1770" 
                    HPOS="151"
                    VPOS="1691"
                    WIDTH="1867"
                    HEIGHT="102">
            <Shape><Polygon POINTS="153 1743 151 1761 497 1767 498 1767 514 1766 577 1754 685 1754 715 1766 717 1766 718 1766 840 1759 908 1769 924 1770 926 1770 967 1769 1104 1764 1214 1772 1396 1785 1398 1785 1441 1777 1500 1783 1501 1783 1503 1783 1528 1775 1533 1773 1538 1775 1586 1788 1587 1788 1589 1788 1591 1788 1618 1778 1822 1778 1850 1793 1852 1793 1854 1793 2016 1778 2018 1770 2016 1724 1913 1726 1911 1726 1889 1735 1681 1721 1680 1721 1678 1721 1648 1730 1394 1729 1302 1716 1297 1716 1296 1716 1289 1716 1198 1722 1151 1715 1120 1710 712 1710 594 1697 593 1697 591 1697 561 1708 551 1711 502 1708 382 1699 381 1699 347 1707 336 1708 322 1707 235 1691 234 1691 153 1703 153 1743"/></Shape>
            <String CONTENT="Provenchere, et pour votre service dans toutes occasions, cest"
                    HPOS="151"
                    VPOS="1691"
                    WIDTH="1867"
                    HEIGHT="102"
                    ></String>
          </TextLine>
          <TextLine ID="eSc_line_c2ffc7c9"
                    TAGREFS="LT8"
                    BASELINE="176 1818 718 1821 1420 1847 2000 1852" 
                    HPOS="175"
                    VPOS="1761"
                    WIDTH="1825"
                    HEIGHT="142">
            <Shape><Polygon POINTS="176 1818 175 1848 283 1844 302 1853 322 1861 323 1861 401 1874 403 1874 404 1874 443 1861 508 1874 510 1874 511 1874 561 1858 604 1874 605 1874 607 1876 725 1876 755 1887 757 1887 758 1887 824 1874 961 1890 1359 1903 1361 1903 1398 1901 1399 1901 1479 1869 1484 1868 1997 1876 2000 1852 2000 1813 1838 1783 1723 1781 1721 1781 1720 1781 1664 1805 1659 1809 1603 1809 1546 1802 1479 1796 1477 1796 1476 1796 1460 1799 1441 1804 1111 1796 1098 1789 1044 1767 1042 1767 777 1762 776 1762 774 1762 736 1780 715 1780 628 1780 601 1777 530 1766 529 1766 527 1766 505 1773 492 1778 467 1772 412 1761 411 1761 409 1761 379 1770 344 1781 286 1781 251 1767 243 1764 242 1764 240 1764 176 1764 176 1818"/></Shape>
            <String CONTENT="avec ses sentiments Respectueux que j&#x27;ay l&#x27;honneur d&#x27;Etre."
                    HPOS="175"
                    VPOS="1761"
                    WIDTH="1825"
                    HEIGHT="142"
                    ></String>
          </TextLine>
          <TextLine ID="eSc_line_bdb0dea0"
                    TAGREFS="LT8"
                    BASELINE="156 1968 522 1958" 
                    HPOS="154"
                    VPOS="1885"
                    WIDTH="368"
                    HEIGHT="102">
            <Shape><Polygon POINTS="156 1968 156 1976 243 1976 247 1978 259 1987 261 1987 263 1987 264 1987 314 1978 342 1973 358 1979 368 1982 369 1982 371 1982 373 1982 385 1979 404 1973 411 1979 414 1982 416 1982 417 1982 419 1982 522 1979 522 1958 521 1923 503 1915 502 1915 500 1915 424 1925 412 1925 411 1925 369 1901 368 1901 366 1901 365 1901 347 1911 314 1885 312 1885 310 1885 267 1885 266 1885 234 1887 232 1887 231 1887 186 1927 180 1931 154 1928 156 1968"/></Shape>
            <String CONTENT="Monsieur"
                    HPOS="154"
                    VPOS="1885"
                    WIDTH="368"
                    HEIGHT="102"
                    ></String>
          </TextLine>
          <TextLine ID="eSc_line_df7f5b0a"
                    TAGREFS="LT8"
                    BASELINE="1203 1995 2018 2000" 
                    HPOS="1202"
                    VPOS="1928"
                    WIDTH="816"
                    HEIGHT="101">
            <Shape><Polygon POINTS="2016 1947 1951 1947 1951 1946 1935 1933 1935 1931 1933 1931 1932 1931 1930 1931 1839 1944 1826 1947 1777 1947 1774 1944 1764 1936 1764 1934 1763 1934 1761 1934 1760 1934 1662 1942 1638 1944 1634 1942 1618 1930 1616 1930 1614 1930 1613 1930 1546 1941 1536 1942 1524 1941 1450 1928 1449 1928 1385 1939 1383 1939 1380 1939 1327 1928 1326 1928 1280 1938 1273 1939 1267 1938 1229 1928 1227 1928 1225 1928 1224 1928 1203 1936 1203 1995 1202 2024 1224 2025 1225 2025 1227 2025 1230 2024 1261 2008 1426 2008 1468 2019 1473 2021 1474 2021 1476 2021 1477 2021 1482 2019 1516 2011 1554 2017 1579 2022 1581 2022 1622 2017 1645 2014 1648 2016 1661 2025 1662 2025 1664 2025 1665 2025 1713 2016 1767 2027 1911 2029 1913 2029 1914 2029 1967 2011 1989 2021 1991 2021 1992 2021 1994 2021 2016 2009 2018 2000 2018 1995 2016 1947"/></Shape>
            <String CONTENT="Votre tres humble &amp; tres"
                    HPOS="1202"
                    VPOS="1928"
                    WIDTH="816"
                    HEIGHT="101"
                    ></String>
          </TextLine>
          <TextLine ID="eSc_line_c1c46d0f"
                    TAGREFS="LT8"
                    BASELINE="1138 2072 1716 2084 1991 2080" 
                    HPOS="1136"
                    VPOS="2005"
                    WIDTH="855"
                    HEIGHT="102">
            <Shape><Polygon POINTS="1138 2072 1136 2087 1174 2094 1176 2094 1200 2089 1225 2083 1256 2089 1305 2099 1307 2099 1383 2089 1404 2087 1423 2089 1490 2100 1492 2100 1538 2091 1552 2087 1557 2091 1570 2102 1571 2102 1573 2102 1575 2102 1576 2102 1597 2095 1761 2103 1763 2103 1764 2103 1766 2103 1766 2102 1772 2097 1782 2105 1782 2107 1783 2107 1785 2107 1787 2107 1989 2092 1991 2080 1987 2029 1885 2033 1873 2025 1870 2024 1868 2024 1866 2024 1865 2024 1863 2024 1858 2025 1847 2032 1823 2025 1795 2017 1793 2017 1791 2017 1748 2024 1712 2030 1702 2024 1686 2013 1685 2013 1683 2013 1681 2013 1629 2021 1589 2011 1587 2011 1586 2011 1584 2011 1583 2011 1568 2022 1559 2029 1544 2021 1520 2009 1519 2009 1517 2009 1516 2009 1492 2021 1479 2025 1447 2019 1423 2016 1422 2016 1420 2016 1412 2019 1399 2025 1380 2019 1345 2006 1343 2006 1342 2006 1273 2017 1241 2022 1232 2016 1214 2005 1213 2005 1211 2005 1210 2005 1138 2014 1138 2072"/></Shape>
            <String CONTENT="obeissant serviteur"
                    HPOS="1136"
                    VPOS="2005"
                    WIDTH="855"
                    HEIGHT="102"
                    ></String>
          </TextLine>
          <TextLine ID="eSc_line_26c129c2"
                    TAGREFS="LT8"
                    BASELINE="240 2169 1353 2183 1371 2181" 
                    HPOS="236"
                    VPOS="2091"
                    WIDTH="1133"
                    HEIGHT="130">
            <Shape><Polygon POINTS="1362 2103 1207 2103 1173 2130 1140 2115 1130 2115 1116 2132 999 2132 843 2130 810 2103 800 2103 745 2127 681 2127 571 2096 561 2096 547 2108 511 2094 375 2103 327 2091 317 2091 284 2120 241 2101 236 2187 301 2190 327 2209 456 2194 583 2209 607 2194 662 2213 753 2204 812 2216 965 2199 999 2221 1085 2221 1085 2218 1090 2218 1118 2201 1295 2201 1307 2216 1317 2216 1367 2201 1369 2180 1362 2103"/></Shape>
            <String CONTENT="Je suplie Madame La marechalle Et –"
                    HPOS="236"
                    VPOS="2091"
                    WIDTH="1133"
                    HEIGHT="130"
                    ></String>
          </TextLine>
          <TextLine ID="eSc_line_e14b6ab4"
                    TAGREFS="LT8"
                    BASELINE="1372 2181 1520 2169 1855 2166" 
                    HPOS="1369"
                    VPOS="2084"
                    WIDTH="483"
                    HEIGHT="127">
            <Shape><Polygon POINTS="1369 2163 1369 2180 1369 2185 1542 2180 1556 2187 1594 2211 1597 2211 1599 2211 1601 2211 1852 2187 1852 2163 1848 2108 1733 2108 1709 2087 1709 2084 1707 2084 1704 2084 1702 2084 1699 2084 1666 2101 1558 2087 1556 2087 1379 2118 1369 2163"/></Shape>
            <String CONTENT="Jaũnegand"
                    HPOS="1369"
                    VPOS="2084"
                    WIDTH="483"
                    HEIGHT="127"
                    ></String>
          </TextLine>
          <TextLine ID="eSc_line_f115373e"
                    TAGREFS="LT8"
                    BASELINE="207 2237 465 2250 958 2250 1401 2264 1983 2253" 
                    HPOS="205"
                    VPOS="2193"
                    WIDTH="1778"
                    HEIGHT="102">
            <Shape><Polygon POINTS="207 2237 205 2264 707 2290 709 2292 1012 2292 1012 2290 1013 2290 1055 2269 1109 2269 1130 2269 1154 2277 1155 2277 1157 2277 1158 2277 1176 2271 1208 2287 1210 2287 1211 2287 1288 2274 1434 2285 1436 2285 1469 2279 1535 2290 1536 2290 1720 2274 1763 2293 1764 2293 1766 2295 1839 2295 1839 2293 1841 2293 1881 2277 1908 2284 1909 2284 1911 2284 1981 2271 1983 2253 1981 2199 1913 2199 1911 2199 1909 2199 1849 2226 1555 2228 1394 2228 1270 2197 1182 2197 1181 2197 1179 2197 1123 2221 1010 2205 1009 2205 876 2221 762 2207 760 2207 758 2207 711 2223 691 2215 690 2215 688 2215 687 2215 655 2223 556 2196 554 2196 553 2196 551 2196 491 2218 444 2217 387 2194 385 2194 207 2193 207 2237"/></Shape>
            <String CONTENT="Madame la marquise Bayre L&#x27;assurance De mon Profond"
                    HPOS="205"
                    VPOS="2193"
                    WIDTH="1778"
                    HEIGHT="102"
                    ></String>
          </TextLine>
          <TextLine ID="eSc_line_0b8fa2de"
                    TAGREFS="LT8"
                    BASELINE="232 2322 459 2325" 
                    HPOS="231"
                    VPOS="2261"
                    WIDTH="228"
                    HEIGHT="99">
            <Shape><Polygon POINTS="232 2322 231 2352 285 2358 286 2358 288 2358 290 2358 294 2355 306 2349 352 2357 374 2360 376 2360 377 2360 379 2360 379 2358 381 2358 390 2349 430 2349 454 2360 459 2325 457 2269 345 2287 328 2287 307 2268 301 2263 301 2261 299 2261 298 2261 296 2261 232 2266 232 2322"/></Shape>
            <String CONTENT="Respect"
                    HPOS="231"
                    VPOS="2261"
                    WIDTH="228"
                    HEIGHT="99"
                    ></String>
          </TextLine>
        </TextBlock>
        <TextBlock HPOS="3911"
                   VPOS="619"
                   WIDTH="238"
                   HEIGHT="1927"
                   ID="eSc_textblock_84b7ec16"
                   TAGREFS="QZ9">
          <Shape><Polygon POINTS="3911 619 3911 2546 4149 2546 4149 619"/></Shape>
        </TextBlock>
      </PrintSpace>
    </Page>
  </Layout>
</alto>
