2208 2865
998 179 920 155 Bordeaux 2^e 7^bre. 1769.

552 434 358 75 Monsieur

197 800 1886 105 J'apprends avec le plus sensible plaisir par la lettre que m'a

319 913 1801 92 Ecrit M. Provenchere le 25^e Courant que Madame la marquise

316 1020 1791 98 est accouchée fort heureusement d'une Demoiselle qui se porte.

319 1138 1779 87 bien ainsy que Madame sa mere, Je m'en Rejouis je vous

318 1249 1783 76 assure Monsieur de tout mon cœur et vous en faix de même

318 1351 1802 87 mon compliment ainsy qu'a Madame, et a Madame la –

315 1446 1794 129 Marechale que je suplie d'agréer mes tres humbles Respects

316 1583 1793 102 sy mes vœux sont Exaucés la providence vous conservera ce

329 1683 1780 110 Cher Enfant et vôtre satisfaction sera Entiere, c'est avec ses –

310 1793 1753 132 Sentiments et un Respectueux Devouément que j'ay –

312 1917 563 104 L'honneur d'Etre.

318 2155 519 97 Monsieur

1300 2182 809 100 Votre tres humble & tres

1365 2295 725 98 obeissant serviteur

1622 2375 418 158 Jaũnegeund

1734 2580 113 89 553

120 2632 1607 159 M. Le M^is De la Rochefoucault Bayers ※
