4060 2753
411 344 1602 90 ce dont je vous instruirai dans mes lettres

411 443 529 87 subsequentes.

431 503 1591 108 le Batardeau que nous avons fais construire

443 585 1585 107 sur la Riviere pour nous procurer de l'eau

431 665 1586 121 et plus abondament ^# est totalement achevé et

422 766 1600 98 nous jouissons maintenant du benefice que

419 848 1606 98 nous devions en attendre. mais il a causé un,

411 928 1585 110 grand prejudice aux quatre h^ons intersessées

397 1009 1577 119 dans cet ouvrage par la privation d'eau

411 1099 1626 116 qu'elles ont eprouvées pendant la d^e construction,

420 1197 1596 113 qui a eté beaucoup retardée par la negligence

405 1272 1589 106 de l'entrepreneur Javiers appuisés bien

385 1365 1611 89 dans le produit des cannes des h^on des Vareux

402 1428 1612 115 qui a été fort mince et les cannes que je roule

387 1530 1618 98 maintenant s'en ressentent encore par ce que

382 1625 1646 95 dans leur bas age elles n'ont pas eû les arrosages

391 1702 1628 113 qu'elles auroient dû avoir. il faut esperer que

383 1806 1542 75 nous enseront dedomagés les années qui vont

391 1885 1634 104 suivre par la plus grande abondance d'eau

406 1977 1562 95 que cet ouvrage doit necessairement nous

397 2073 1611 89 procurer. nous eprouvons un grand sec dans

383 2151 1587 85 ce moment et sil continüe encore un mois

379 2248 1582 96 les plantations s'en ressentiront car elles

111 665 285 63 # et plus

105 706 296 101 solidement

2198 278 991 139 commencent deja a souffrir.

2208 336 1564 182 Jai encore a paier monsieur le marquis cette

2218 412 1594 196 année une partie des derniers negres que jai

2219 498 1700 217 achetés ce qui ecornera encore un peu les envois que

2233 610 1675 202 j'aurai a vous faire encore de la patience pour

2247 706 1491 194 cette année et j'espere vous en dedomager le

2274 914 366 86 suivantes

2311 911 1643 182 Permettés que vos dames trouvent ici les assurances

2337 986 1632 191 de mon Respect et que vous renouvelle celle

2342 1055 1621 209 de mon sincere et inviolable attachement

2374 1196 791 162 Je suis avec Respect

2389 1235 1568 240 monsieur le marquis Votre tres humble tres

3279 1322 667 146 obeissant serviteur

3419 1423 480 143 Provenchere

2179 1527 943 164 au Cul de Salc 15 fevrier 1788※
