1723 1984
772 153 668 121 EXTRAIT

724 310 800 113 DES REGISTRES

674 459 883 72 De l'Assemblée-générale de la Partie Fran¬

845 530 546 61 ¬çaise de Saint-Domingue.

842 705 711 59 SEANCE DU 28 MAI 1790

666 778 890 67 L'ASSEMBLÉE GÉNÉRALE considérant que les

662 842 895 56 droits de la Partie Française de Saint-Domin¬

673 899 884 56 ¬gue, pour avoir été long-tems méconnus et

660 954 897 67 oubliés, n'en sont pas moins demeurés dans

660 1007 410 55 toute leur integrité ;

696 1061 862 61 Considérant que l'époque d'une régénéra¬

658 1117 894 60 ¬tion générale dans l'Empire Français, est la

659 1170 896 60 seule où l'on puisse déterminer, d'une ma¬

659 1225 885 63 ¬nière juste et inviolable, tous ses droits,

658 1280 894 62 dont les uns sont particuliers, et les autres

660 1340 176 56 relatifs;

693 1391 855 62 Considérant que le droit de statuer sur

653 1452 893 61 son régime intérieur, appartient essentiel¬

650 1504 894 63 ¬lement et nécessairement à la partie Fran¬

650 1564 894 61 ¬çaise de Saint-Domingue, trop peu con¬

648 1613 897 68 ¬nue de la France, dont elle est séparée

652 1673 550 65 par un intervalle immense;

1322 1716 146 114 413
