2557 1985
180 174 888 66 le régime de Saint-Domingue, ré¬

182 231 885 63 ¬side dans l'Assemblée de ses Représentans,

179 286 894 59 constituée en Assemblée générale de la Partie

180 344 619 62 Française de Saint-Domingue;

220 400 852 62 ART. II. Aucun acte législatif, en ce qui

180 463 895 53 concerne le régime intérieur, ne pourra être

179 511 897 59 considéré comme loi définitive, s'il n'est fait

184 567 890 61 par les Représentans de la Partie Française

179 623 897 62 de Saint-Domingue, librement et légalement

183 681 805 61 élus, et s'il n'est sanctionné par le Roi;

222 736 849 62 ART. III. Tout acte législatif fait par l'As¬

179 791 896 62 semblée générale, dans les cas de nécessité

182 857 894 53 urgente, en ce qui concerne le régime inté¬

182 914 892 58 rieur; sera considéré comme loi provisoire.

183 962 892 61 Dans ces cas, le Décret sera notifié au Gou¬

184 1017 902 64 verneu- général, qui dans les ⟦d⟧ix jour de la

183 1075 899 63 notification, le fera promulguer, et tiendra

183 1130 893 58 la main à son exécution, ou remettra à l'As¬

184 1184 894 63 ¬semblée générale, ses observations sur le con¬

185 1239 387 58 –tenu audit Décret;

228 1295 853 65 ART. IV. L'urgence qui déterminera l'effet

186 1349 893 70 de l'exécution provisoire, sera décidée par un

185 1408 893 69 Décret séparé, qui ne pourra être rendu qu'à

184 1464 894 69 la majorité des deux tiers des voix, prises par

191 1520 309 60 appel nominal;

228 1578 853 65 ART. V. Si le Gouverneur - général remet

187 1632 890 71 des observations, elles seront aussi-tôt ins¬

592 113 79 57 4

1491 187 887 53 ¬crites sur le registre de l'Assemblée générale.

1490 241 889 60 Il sera alors procédé à la révision du Décret:

1492 298 890 61 d'aprés ces observations, le Décret et les ob¬

1492 355 889 54 servations seront livrés à la discussion dans

1495 415 887 53 trois séances différentes; les voix seront don¬

1494 470 889 59 nées par oui ou par non, pour maintenir ou

1493 523 894 60 annuller le Décret. Le procès-verbal de la

1494 581 886 64 délibération sera signé par tous les Membres

1499 637 884 64 présens, et désignera la quantité de voix qui

1496 698 887 58 auront été pour l'une et pour l'autre opinion:

1496 750 890 59 si les deux tiers de voix maintiennent le Dé¬

1496 810 883 58 ¬cret, il sera promulgué par le Gouverneur–

1500 865 683 59 général, et exécuté sur le champ.

1538 915 846 58 ART. VI. La loi devant être le résultats du

1499 970 885 59 ¬onsentement de tous ceux pour qui elle est

1500 1026 883 62 faite, la Partie Française de Saint-Domingue

1502 1086 884 59 proposera ses plans concernant les rapports

1500 1146 887 53 commerciaux et autres rapports communs, et

1500 1196 884 62 les Décrets qui seront rendus à cet égard par

1499 1252 887 60 l'Assemblée nationale, ne seront exécutés

1501 1305 880 65 dans la Partie Française de Saint-Domingue,

1502 1367 881 58 que lorsqu'ils auront été consentis par l'As¬

1501 1418 749 64 ¬semblée général de ses Représentans.

1542 1478 849 62 ART. VII. Ne seront point compris dans la

1501 1537 885 58 classe des rapports commun de Saint-Do¬

1503 1591 881 62 ¬mingue avec la France, les objets de subsis¬

1503 1649 879 64 ¬tance que la nécessité forcera d'introduire;

1911 102 83 70 5
