2551 1980
176 171 887 63 mais les Décrets qui seront rendus à cet égard

180 228 884 64 par l'Assemblée générale, seront aussi soumis

174 281 890 64 à la révision, si le Gouverneur présente des

177 341 888 60 observations sur le contenu auxdits Décrets

176 390 892 65 dans le délai fixé par l'Article III, et seront

177 452 890 61 au surplus observées les formalités prescrites

180 510 307 63 par l'Article V.

215 552 853 71 ART. VIII. Tout acte législatif fait par l'As¬

181 616 891 60 ¬semblée générale, et exécuté provisoirement

180 675 894 59 dans le cas de nécessité urgente, n'en sera

185 728 887 64 pas moins envoyé sur le champ à la Sanction

182 781 892 63 royale; et si le Roi refuse son consentement

180 837 892 66 audit acte, l'exécution en sera suspendue

179 894 892 64 aussi-tôt que ce refus sera légalement mani¬

184 952 567 65 ¬festé à l'Assemblée générale.

185 1001 890 71 ART. IX. Chaque Législature de l'Assemblée

187 1059 887 68 générale sera de deux ans: le renouvellement

184 1114 892 63 des Membres de chaque Législature sera fait

187 1179 233 56 en totalité.

226 1225 849 65 Art. X. L'Assemblée générale décrète que

187 1281 891 63 les articles ci-dessus, comme fesant partie de

185 1339 891 63 la Constitution de la Partie française de Saint-

188 1398 891 61 Domingue, seront incessamment envoyés en

190 1454 891 66 France, pour être présentés à l'acceptation

190 1509 892 60 de l'Assemblée nationale et du Roi, seront

190 1566 890 60 en outre envoyés à toutes les Paroisses et

191 1619 887 68 Districs dela Partie Française de Saint-Do¬

585 102 76 64 6

1476 213 884 58 ¬mingue: seront au surplus lesdits articles

1476 268 637 58 notifiés au Gouverneur-général.

1479 413 879 61 le vingt-huit Mai mil sept cent quatre-vingt-

1521 354 837 61 FAIT en l'Assemblée-générale, à Saint-Marc,

1479 470 90 59 dix.

1588 563 709 65 DES ROUANDIERES, Président.

1480 654 891 63 LE MARQUIS DE CADUSCH, Vice-président.

1481 749 880 58 LE GRAND, MILLET, BRULLEY, LAMBERT,

1529 814 239 63 Secrétaires.

1894 141 72 71 7
