2546 2790
1069 99 174 73 2^e

451 230 386 123 Monsieur

452 429 2010 153 J'ai Lhonneur de vous annoncer le mariage de ma chere

517 508 1928 138 fille ainée avec M^e De Saqui Destourés Cap^ne

427 578 2019 150 de vaisseau, il commande La Station en Cette Colonie.

413 672 2055 161 il Est agé de 42 ans Et tout chez lui m'assure le bonheur

417 757 2040 174 de poucette, leur union est fixée au 31 Du Courant,

417 858 2048 168 ma fille ⟦...⟧ en fait part A madame De Bayers, lui

412 956 1999 166 sait Combien vous l'aimais l'un & l'autre Et que vous

412 1067 2030 159 prendrés un vif interet à son Etablissement, qui me

396 1159 2002 169 fait Et A ma femme le plus grand plaisir. les Deux

415 1278 2053 158 futurs s'aiment infiniment, se connvenant Et se procureront

417 1373 2034 161 des jours heureux, Donnés leur & madame de Bayers,

429 1481 2019 158 qui j'offre mon respect, votre agrément Et vous

404 1571 2030 158 mettras le Comble à notre satisfaction. nous par vous

418 1674 1999 156 poucette aprés La mission de M^r De Saqui, nous

401 1759 2028 158 aurons du regret de la voir nous quiter Et nous en faisons

390 1852 2024 152 Le sacrifice En sa faveur, et en son Bonheur, nous

409 1962 2036 135 l'aimons trop pour ne pas nous y resigner Entierement.

413 2063 2066 144 m^r De Saqui ira à paris à la fin de sa Campagne avec

421 2146 1979 163 sa femme, il aura L'honneur d'aller faire sa Cour

427 2258 1963 149 à madame de Bayers, De se faire Connoitre de vous

476 2343 1992 161 je vous Demande à tous les deux pour lui votre amitié,

500 2521 1869 157 monsieur le M^is De la Rochefoucauld de Bayers.

2228 2602 124 110 416
