2454 2700
630 633 363 91 Monsieur,

652 1189 1641 102 D'aprés l'avis que vous me donnés par l'honneur de votre lettre

522 1293 1759 108 du 18 de Ce Mois Je vais faire assurer que Votre Compte & Celui

532 1399 1734 98 de Madame la Maréchale une somme de quinze Mille livres –

544 1519 1742 89 Tournois la Prime sera à 3 1/2 ⟦%⟧ vous ne sommes pas quittes

555 1629 1794 82 de l'equinoxe de mars qui est à peu prés l'époque où le N^re Le –

565 1720 1719 89 S^t honoré dans lequel M. Provenchere a fait un Chargement

555 1821 1420 84 de 40 Bsq^s  sucre brut sera dans le Cas d'arriver.

792 1933 1479 83 Par une Corvette Nouvellement entrée à Brest et partie

571 2041 1671 101 Du Port au prince le 18. de Janvier on fait que les noirs

586 2149 1659 93 étoient parfaitement Tranquils dans la Colonie. il y avoit

592 2251 1767 104 encore de la Chaleur parmi les Blancs qui naissoit des opinions

1807 2412 113 84 423
