2427 2571
703 874 338 137 Monsieur,

708 1379 1577 83 Il est Bien vrai ainsi qu'on vous l'a Rapporté qu'il y a en des –

595 1478 1747 113 Troubles à la Martinique occasionnés par le général M. de Viosmesnil

588 1588 1711 101 qui a voulu s'affectionner les noirs au dépens des Blancs qu'il a

592 1688 1695 90 offensé, il y a eu du sang repandu Mais je n'ai pas oui dire qu'il y

595 1791 1702 87 ait eu au delà de 120 noirs tués: le Calme étoit Retabli dans cette

592 1873 1632 89 isle par la vigilance, le Concert & l'union qui Regnent parmi

602 1972 1639 96 les Blancs qui sont tous intéressés au maintien de la Tranquilité.

772 2083 1482 75 il ne Paroit pas qu'à S. Domingue Rien ait Bougé; –

622 2173 1700 79 Les negres n'y sont point insolents & factieux Comme à la martinique,

1755 2286 94 112 426
