4305 2683
383 293 1592 85 que je trouve à remplacer ce vuide, ce que j'ai

380 436 724 79 déjà fait en partie.

369 624 1737 104 lettres et ignore parfaitement si vous avez –

636 544 1447 68 Depuis longtemps je suis privé de vos

365 740 1763 100 souffert vous et les vôtres des troubles affreux

372 870 1710 77 de la France, nous n'en sommes pas exempts

374 964 1548 98 ici, cette manie passé au delà des mers.

375 1071 1756 99 Nôtre Intendant vient de s'embarquer furtivement

372 1208 1752 82 pour éviter les suites de la colere d'un quartier

362 1301 1677 100 de la Colonie aigri contre lui, et qui avoit le

377 1441 1754 98 projet de l'enlever Depuis cette époque ce quartier

348 1547 1729 86 qui est celui du Nord, s'est constitué en Comité

342 1648 1718 107 provincial, et s'est emparé de l'administration

439 1776 1594 96 J'ai l'honneur d'être membre de celui établi

371 1894 1762 89 dans la partie de l'Ouest: mais jusqu'à présent

368 2009 1650 95 ce qui en est sorti a respiré la sagesse et la

371 2122 1683 107 modération, et nous nous sommes préservés

362 2238 1647 100 ainsi que la partie du Sud de la contagion;

2471 295 1658 79 en laissant aux Chefs toute leur autorité et

2465 418 1737 81 bornant mes fonctions à faire des mémoires

2465 526 1756 76 et des Cahiers pour solliciter de l'Assemblée

2456 634 1731 96 Nationale de meilleures loix pour la Colonie:

2470 766 1729 70 mais je crains que les têtes ne fermentent et

2468 888 1644 71 que cette indépendance ne devienne générale

2456 971 1761 103 Il y a eu dans quelques quartiers de la Colonie

2462 1110 1690 88 des proscrits et des têtes coupées. Nous

2461 1223 1745 82 sommes menacés d'un plus grand malheur,

2464 1350 1759 73 la société des Philantropes nous déclare une

2467 1469 1753 76 guerre ouverte, on prétend qu'ils envoyent des

2462 1574 1716 96 agens et des armes pour faire soulever les

3526 1656 312 62 martiriser

2471 1702 1711 83 Négres. On se propose de ⎀⟦........⟧ ceux qui

2472 1827 1657 83 viendront ici avec de pareils projets, et les

2474 1925 1689 102 mesures sont prises pour les décourvrir; cette

2477 2051 1692 96 motion a été agitée à l'assemblée nationale

2475 2186 1730 85 et fait le plus grand mal, puisqu'il y a –
