2259 2701
993 94 1171 117 au Cul de sac le 20 janvier 1790.

334 403 1717 119 Jai a repondre, monsieur le marquis, a deux de vos

346 460 1720 161 lettres l'une du 23 septembre et l'autre du 16 8^re

355 540 1755 184 l'une renfermant mes comptes de gestion de 1787 et

370 663 1788 165 1788 et signés et approuvés de vous et a moÿ remise

358 750 1813 165 par m^r de S^t germain, l'autre m'est parvenûe par

348 817 1777 191 une autre voie et accompagnoit vôtre procuration

355 898 1795 207 pour vous representer à l'assemblée élementaire

382 1011 1566 175 qui doit avoir lieu a la paroisse pour ÿ –

372 1081 1784 183 nommer des electeurs et ensuite des deputés pour

370 1168 1785 185 l'assemblée Coloniale. il est bon de vous dire avant

378 1269 1690 167 de passer a dautres choses dans quelle position se

384 1332 1757 200 trouve la Colonie; les troubles qui regnent en france

378 1428 1771 194 et l'abandon que le ministre a semblé faire de cette

384 1503 1774 215 belle Colonie a fait fermenter les esprits car c'est

393 1613 1708 175 une maladie epidemique nous avons constitué

391 1700 1719 180 des comités et Jai l'honneur detre membre de celle

379 1788 1713 179 de la partie de l'ouest. dans ce moment l'assemblée

384 1871 1676 193 generale des electeurs de ced parlement tient ses

384 1974 1742 164 seances au port au prince pour ÿ deliberer

394 2055 1774 173 sur la tenue de l'assemblée Coloniale que la Colonie

387 2171 1738 138 refuse d'admettre seulement de convocation

1783 2338 106 117 477
