4353 2720
400 262 1620 168 paroit par le ministre qui a gauchement obmis

367 373 1492 142 de presenter l'ordre du Roy qui la convoqué

377 445 1584 163 ainsi il est a presumer que la Colonie s'assemblera

376 548 1696 153 non en consequence des ordres du ministre; mais par

380 640 1657 180 sa propre volonté et qu'elle ÿ décretent les loyx qui

399 731 1485 156 conviennent a sa constitution. c'est dans ces –

396 799 1585 183 circonstances qu'eut arrivé m^r de s^t germain se

397 894 1614 169 disant charge d'une mission importante pour la

405 1001 1603 147 Colonie; quoique avoué par plusieurs colons –

420 1086 1547 136 dont il étoit porteurs de lettres il est devenû –

417 1149 1640 161 suspect a tout le monde et régardé comme l'agent

424 1254 1708 142 du ministre; en conséquence on a saisi ses papiers

430 1322 1686 148 il a été mandé devant l'assemblée des électeurs

415 1405 1696 149 et la on a entendû son rapport; il a été decidé

421 1468 1542 177 qu'il seroit detenû abord d'une fregate du Roÿ

409 1570 1704 157 jusqu'a ce que 14 commissaires nommés eussent fais

421 1656 1687 148 l'examen de ses papiers; ce qui aiant été fais

411 1731 1659 153 et n'aiant trouvé contre lui aucune charge il a

412 1817 1595 155 eté rendû a lui même. mais non dechargé de la

423 1887 1644 165 suspicion qu'on à de lui comme aiant assité

418 1968 1675 161 sans avoir aucun titre pour cela aux differentés

430 2079 1711 131 assemblés tenües a l'hotel de massiat et que l'on

430 2171 1373 139 croit, ici etre dirigées par le ministre

2466 234 1590 122 le Comité de la partie de l'ouest et du sud n'ont

2528 309 1565 144 quoiqu'a present fais que des actes de sagesse et

2499 401 1607 144 de moderation: mais celui du Cap a été plus loin

2507 495 1610 139 il a reconnû l'autorité des chefs de la justice

2514 546 1623 211 a créé un Conseil X^e P^e &^ce et je crains bien

2512 681 1304 150 que bientot le sisteme ne soit general.

2499 734 1748 180 ce qui a porté la Colonie a ce parti a ete la crainte de

2504 812 1740 183 voir passer la motion sur les noirs: on a été vivement

2510 920 1679 175 detourné ici de la doctrine des philantropes qui a

2515 980 1733 195 été sur le point d'occasionner les plus grands malheurs

2515 1062 1632 205 mais nous sommes fort tranquilles a ce sujet et

2513 1145 1631 205 nous croions ÿ avoir aboié par les precautions

2522 1237 1574 201 prises de visiter tous les papiers, malles et

2512 1316 1674 195 caisses de tous les arrivans de france; et sil nous

2509 1402 1714 208 tombe sous la main un des apotres de cette doctrine

2524 1491 1564 196 nous lui feront un mauvais parti. c'est la

2531 1567 1586 188 decision generale. ce que l'aurons a debité de

2533 1660 1644 189 revolte commencée de la part des noirs est faux

2534 1757 1631 178 on a bien arreté quelques uns accusés d'avoir

2533 1823 1653 200 tenû quelques propos seditieux et incendiaires.

2528 1925 1713 195 mais cette precaution en â imposé, et il nÿ a eû

2413 2091 677 118 aucun soulevement.

2549 2117 1483 166 vous avez cÿ joint, monsieur le marquis

2540 2195 1619 198 facture de quarante Bariques de Sucre brut
