3057 2400
1534 362 246 62 + dans le courant

1536 413 237 44 de Jüillet de cette

1537 442 210 52 Années.

1903 60 360 54 a Paris le 1764.

1996 136 623 61 Projet d'une lettre a M^r Provenchere.

1807 262 1121 91 J'ay reçeu, Monsieur les differentes lettres que vous m'avés ecrites, sous les dattes cy

1795 325 717 76 aprés, une du 1^er May, une du 25 May

1796 376 1176 108 J'ay reçeu⎀ Monsieur toutes les differentes lettres que vous m'avés ecrites sous les dattes cy aprés,

1780 442 1207 83 une du 28 Avril 1764. trois du mois de may, aussi de cette Année d'ont l'une du premier

1785 494 1182 83 l'autre du 23 et l'autre du 25.⟦enfin une d...⟧ vous m'accusés par celle du 28^me Avril

1787 545 1189 81 en reception de celle que je vous ecrivis l'année derniere d'Angoulême en datte du 28. 8^bre.

1784 594 1200 88 vous my prometés de me mettre au fait selon mes desirs des biens de S^t Domingue que

1783 650 1172 82 vous gerés au nom des heritiers de feu M^r fougeu, et de m'en donner une connoissance

1780 708 1204 72 parfaicte, les details que vous me faites pour me la faire acquerir, sont tres bien rendus –

1784 765 1190 84 et tres propres a remplir mes vües, quand vous y aurés joint le Plan figuratif que je

1777 824 1193 85 vous ny demandé et que vous me promettés par vottre lettre, de me faire passer ainsi

1777 869 1214 99 tot qu'ils ser⟦ont⟧ tirés. permettés que je vous fasse une observation au sujet de l'habitation

1777 932 1213 86 ditte des Varreux, il y avoit selon l'inventaire fait a la mort de Monsieur fougeu,

1783 990 1208 83 treize pieces de cannes sur la ditte habitation qui y sont toutes denomées, d'ont une ditte

1783 1041 1197 88 la piece de la grande Raque de la grande Riviere, qui etoit plantée en Patates, –

1781 1100 1218 89 vous me dites avoir depuis fait trois pieces de deux qui etoient trop grandes, et cependant

1781 1157 1207 83 vous ne me parlés que de treize pieces tandis que vottre opperation, en auroit du porter

1791 1216 1175 76 le nombre a quatorze, a moins que la piece de la grande Raque de la grande –

1785 1258 1181 95 riviere, ne soit restée plantée en Patates, et n'ait pas êté remise en cannes –

1785 1316 1195 93 Je vous prie de m'eclaircir cet Article de vottre lettre, et cas que la piece susditte

1785 1377 930 80 n'ait pas êté remise en cannes de me mander les raisons pourquoy.

1805 1425 1189 91 vous avés raison d'estimer tousjours le revenû annuel des habitations a moins que plus

1781 1478 1213 99 parce qu'il vaut tousjours mieux avoir plus qu'on ne compte ou monte sa deppence

1781 1537 1211 91 sur le moins, un moyen de quoy on ne se trouve point arrieré, et a voir mangé son –

1781 1589 310 47 revenû a l'avance.

1820 1628 1188 73 J'avois deja appris par Madame La Marechale et par ma femme que l'habitation

1779 1681 1216 79 des sources etoit la moindre des deux, tant par sa petitesse que parce que la terre –

1781 1736 1221 82 on est fort usée, y ayant longtems qu'elle est en valeur et qu'elle ne produit qu'a force

1780 1793 1208 77 de culture, mais elles m'ont aussi dit qu'elle faisoit de plus beau sucre que l'autre –

1777 1850 1127 62 vous devés donc porter tous vos soins a bien faire travailler cette derniere, sans

1784 1909 1214 56 cependant negliger la premiere, et nous en faire tirer le plus de revenu possible, ayant

1784 1965 1210 49 attention de ne pas finir d'user la terre, en l'a forçant sans son rapport. Il faut –

1781 2009 1215 57 fumer le plus que vous pourrés, en bourer, enfin faire tout ce que vous jugerés necessaire

1781 2066 1210 58 pour l'ameliorer, sans la detruire. vous me marqués que vous ne vous serrés point

1777 2124 1205 54 de la carrüe dans vos labours, si c'est la meilleure façon de ne s'en point servir

1773 2177 1214 65 vous faites bien, cependant j'ay vû des habitants de S^t Domingue qui m'ont dit que

2902 2226 74 42 les –
