1590 2387
270 83 1246 88 et des negrillons et negretes ⟦que⟧ ce qui l'age aura permis de passer au travail ainsi que

273 141 1249 73 la classe ou ils seront entrés, vous me mettrés a même de tousjours connoitre la force

269 193 920 58 des habitations, et d'etre au fait de leur composition en Negres.

290 240 1213 76 Je vous prie de vouloir bien m'envoyer ces differantes nottes au plustôt possible

274 283 1227 89 et de vous conformer pour ce aux exemples que je vous en donne, ainsi qu'au detail

272 339 560 52 Annuel que je vous demande ensuite.

297 387 1242 71 Je vous serai en outre bien obligé de m'envoyer un double de tous les differens details

281 440 1258 74 que vous donnerés a Monsieur le Marechal au sujet de ce qui concerne nos habitations

278 489 1231 78 communes, ainsi que le double de toutes les factures des envoys que vous ferés, et celuy

274 531 1266 90 de toutes les demandes que vous ferés a Monsieur Charret pour l'exploitation des habitations

276 592 1260 79 ou pour autres chôses. ce n'est point en vüe Monsieur d'augmenter vottre travail que je vous

274 644 1257 82 fais cette demande, mais parce qu'elle m'est absolument necessaire, par les raisons que je vais

269 697 1208 81 vous deduire. Monsieur le Marechal me fait bien à la verité. part de tout ce que vous luy

270 751 1258 73 mandés au sujet des interets communs, mais la lecture une fois faitte de vottre lettre

276 804 1230 85 il l'a ferne dans son Burreau et elle ne voit plus le jour au moyen de quoy si je n'ay –

270 869 1266 80 pas bien saisi ce que vous mandés, ce qu'on ne fait pas tousjours a la premiere lecture

270 926 1273 76 d'une lettre, je suis privé des eclaircissements d'ont j'aurois besoin, ce qui me fait flotter

273 982 1265 81 dans une incertitude cruelle, que vous m'éviterés en m'envoyant des doubles de tout ce qui

274 1039 1225 80 a rapport aux Interets communs. Parce qu'il ne seroit pas du respect que je sois

273 1094 1250 79 a Monsieur le Marechal de luy de mander a tout moment communication des lettres

273 1151 1250 73 que vous luy ecrivés d'autant que cela luy donneroit de la peinne. Monsieur vottre frere

273 1198 1237 80 peut beaucoup vous aider dans cette opperation en tirant coppie de ce que vous ecrivés

273 1265 1246 73 a Monsieur le Marechal et me l'adresser, dites luy que je l'en prier, et faites luy bien mes

269 1318 1248 85 complimens. D'ailleurs pour vous rendre cette peinne plus legere a l'une et a l'autre

270 1375 1240 91 songés pour un moment que je ne demeure point avec mon beau frere, et que même

266 1440 1243 78 j'en suis fort eloigné, mais que malgré cela les Interêts etans communs entre luy

274 1495 1144 71 et moy, il est necessaire que je sois instruit comme luy de tout ce que les concerne.

288 1550 1227 66 Je ne fais point entrer dans les doubles que je vous demande celuy de vottre compte

274 1605 1248 61 de regie parce que je me charge d'hors en avant d'en faire tirer copie moy même

278 1661 652 52 lorsque vous l'aurés fait passer en france.

299 1698 1228 81 vous aurés la bonté lorsque vous aurés de gros pacquets a me faire passer de les –

277 1749 1245 78 adresser sous une double envelope comme je vous l'ay cy devant mandé par la voye

274 1796 1262 87 de Monsieur Beudet en les luy adressant sous l'adresse que voicy, a Monsieur Beudet

276 1849 512 49 secretaire de la Marine en Cour.

306 1896 1192 60 Je veus bien esperer, Monsieur, que vous voudrés bien que vous conformer a tout ce

277 1944 1247 70 que je vous prescris par la presente. ainsi que me croire avec la plus cincere estime

280 1995 1221 73 et le plus parfait attachement Monsieur vottre tres humble et tres obeissant

273 2046 812 54 serviteur Le M^is de la Rochefoucauld Bayers.
