1466 1633
491 196 866 71 Nous soussignés Hubert Comte de Conflans

485 260 874 61 Marechal et Premier Vice-amiral de france &^e &^e

485 310 884 64 Madame, Marie Roze de Fougeu mon Epouze que

485 364 577 58 J'authorise a l'effet des présentes.

498 403 918 69 Jean François Charles de la Rochefoucauld Marquis

467 452 918 61 de Bayers, Brigadier des armées du Roi, colonel des

488 495 919 65 Grenadiers Royaux du Poitou, et Chevalier de l'ordre

486 542 905 67 Royal, et militaire de S^t Loüis, et Madame Marie

491 594 910 63 Thereze de Fougeu mon Epouse, que j'authorise aussi à

489 645 371 58 l'effet des présentes.

528 675 888 64 Reconnoissons avoir vendu et ceddé à M. Nicolas

486 731 942 61 Provenchere notre Procureur et Regisseur de nos habitations

485 782 941 60 scituées au Cul de Sac, Isle et cote S^t Domingue y demeurant

542 839 880 60 Un Négre domestique agé de vingt a vingt deux ans

488 887 889 58 nommé Nicolas, fils de la nommée Agathe Servante

485 936 930 61 sur ledites habitations. Ledit Nicolas y étant de présent

517 990 862 54 Et une Negresse Servante sur nos dites habitations

486 1041 938 57 agée d'environ quarante ans nommée Marie, avec l'Enfant

488 1094 933 53 dont elle est enceinte qui peut être desja né ou qui n'aitra

488 1148 938 52 avant que la présente cession parvienne audit S. Provenchere

519 1199 878 63 De la propriété desquels, Negre, Negresse, Negrillon

488 1263 881 44 ou Negrette né, ou a n'aître nous nous dessaisissons

489 1310 891 57 en faveur du dit Sieur Provenchere, pour en joüir

488 1366 901 61 par lui en toute propriété, et comme de chose lui
