3036 2379
272 79 1232 71 celle que je vous ecrivois par M^r d'Argoult le 11^me Janvier, je vous suis obligé des details que

266 129 1240 66 vous me faites par cette lettre des sucres qui se sont faits sur nos habitations pendant les Années

261 194 1253 49 1762 et 1763, nous avons receu tous les sucres que vous avés fait passer jusqu'a present

259 243 1262 67 puisque l'aimable Julie est arrivée, il n'y a donc plus que la Julie a arriver apprés quoy

261 306 1253 64 nous aurons receu tous les sucres qui se sont trouvés a la mort de M^r fougeu, et tous ceux

265 355 1248 75 qui se sont faits jusqu'a la presente Année 1764. Madame de Bayer ne m'a point

264 417 1244 77 laissé ignoré que la succession de feu Monsieur son Pere etoit fort chargée de debtes

263 482 1223 73 vous avés fait a merveille de l'es acquiter, sur tout dans le moment ou vous aviés –

270 533 1161 82 beaucoup de denrées devant vous, ce qui nous a empêché de nous appercevoir de –

264 594 1248 77 l'extinction de ces debtes autant que s'il avoit fallu les payer sur les revenus Annuels –

268 652 1254 80 Je vois avec plaisir que vous esperés tout payer cette Année avec les seuls sucres bruts

272 713 1228 70 de l'habitation des Varreux, je vous exorte tres fort a le faire l'occasion est des plus –

263 773 1197 80 favorables, les sucres sont a un haut prix, auquel quand ils auront baissé ils ne –

268 831 1204 79 reviendront de longtems, et les differands envoys que vous nous avés faits nous ont

266 885 1256 89 aussi mis dans le cas de payer ce que nous devions en france, au moyen de quoy j'espere

265 955 1223 74 qu'apprés la vente faitte des derniers sucres que nous attendons par la Julie Cap^ne –

261 1015 1229 75 La Barre je me trouverai liquidé en france avec quelque chôse de reste, l'étant de

260 1078 1233 79 même a S^t Domingue au moyen des sucres bruts des Varreux, je me trouverai d'onc

261 1135 1252 86 l'année qui vient, sur mon courant ayant devant moy tous les sucres blancs faits cette

261 1196 1266 83 année sur l'habitation des Sources, c'est a dire ma motié⎀ que vous me promettés les faire

260 1242 1270 96 passer la motié a la fin de cette Année, l'autre motié au commencement de la prochaine.

276 1309 1255 95 J'espere que lorsque vous songés a payer a tous ceux a qui devoit la succession, vous songés

260 1369 1237 87 de même a faire rentrer tous les fonds qui y etoient deus, l'un est aussi necessaire que

257 1431 1276 80 l'autre, je vous prie d'onc d'y faire la plus grande attention, et de prendre tous les moyens

261 1482 1272 88 pour faire rentrer nos fonds, dabord par la politesse, mais si elle ne vous reussit pas par

260 1541 575 59 toutes les voyes que vous offre la justice.

276 1587 1230 79 Je suis on ne peut plus satisfait de vottre gestion, ⟦.⟧ je vous sollicite a continuer

265 1641 1194 75 tousjours de la même maniere, et vous pouvés etre certain de ma reconnoissance.

276 1691 1243 87 vous vairés par la lettre que Monsieur Le Marechal, ces dames, et moy, vous avons –

260 1741 1256 94 ecrit en commun, que nous ne le sommes pas autant du compte de regie que vous –

257 1801 1251 78 nous avés envoyé pour l'année 1763. nous avons trouvé les fraix d'exploitation –

259 1849 1268 89 excessifs, le compte trop bref, et trop peu detaillé dans bien des Articles, j'espere que vous

257 1903 1273 98 voudrés bien d'hors en avant vous conformer en tout point aux observations que nous –

257 1965 1281 94 vous avons faites a ce sujet, la lettre par laquelle nous vous l'es faisons etant signée

263 2028 1270 74 de nous quatre vous est une preuve que nos desirs la dessus sont uniformes, et que vous –

261 2086 1278 80 ne pourriés y manquer en un seul point, sans nous mecontenter tous, et qu'au contraire

261 2138 1221 83 en vous y conformant vous nous satisferés ces dames, Monsieur le Marechal et moy.

1587 52 95 53 suitte

1763 70 1155 76 voila Monsieur quelques petits Articles que je vous demande en mon particulier. –

1759 114 1206 89 P^e je vous prie de m'envoyer une notte particuliere de toutes les debtes que vous avés

1748 182 1225 82 payées à l'acquit de la succession de feu M^r Fougeu, avec le nom des personnes a qui vous

1752 240 1219 90 avés payé, et la raison pourquoy il leur etoit deu suivant cet exemple payé tant

1751 303 1205 82 a M^r cet ⟦&^e⟧ pour Raisons cettes et celles. Le tout a l'acquit de la succession de feu–

1747 356 1209 97 M^r fougeu, vous comprendrés dans cette notte la debte de M^r Le M^al de Conflans –

1751 418 1167 96 et tous ces arrenages de gages, appointemes &^as qui etoient deus a la mort de

1747 475 1196 88 Monsieur fougeu. Ce petit relevé sur vos livres de regie ne doit pas vous etre d'un

1749 533 1227 100 grand travail, je ne demande point les differens payemens que vous aurés fait à chacqu'un

1747 592 1232 108 mais la totalité des payemens faits a chaque creancier, vous mettrés a la fin de l'article

1747 655 1228 99 de chacqu'un le quantieme de la quitance finale que vous aures tiré, en cette maniere

1748 716 1199 98 d'ont j'ay quittance finale en datte dun tel jour, tel mois, tel un passée devant

1751 781 261 52 nottaire ou nous.

1771 820 1163 89 La notte des Negres que vous avés achepté depuis que vous regissés vos habitations

1752 877 1190 85 c'est a dire le nombre d'yceux, et la somme que vous avés payée pour cette acquisition.

1757 922 1202 99 sans specifier le nom d'un chacqu'un, suivant cet exemple achepté tant tetes de

1755 989 787 72 negres que j'ay payés tous ensemble la somme de tant.

1769 1038 1203 97 La notte du nombre de negres que nous aurons au moment que vous la ferés sur

2446 1102 122 35 et la hâte

1753 1093 1025 88 nos deux habitations des sources, et des Varreux suivant cet exemple.

1796 1143 181 59 Le sources.

1761 1185 366 54 Negres sucriers tant

1761 1233 365 52 negres tonneliers tant

1764 1271 375 55 negres charpentiers tant

1763 1328 347 49 negres charrons, tant

1768 1370 354 54 negres massons, tant

1764 1418 371 59 negres Machoquet tant

1763 1465 363 54 negres serruriers tant

1761 1508 373 50 negres domestiques tant

1851 1550 172 36 + et negresses.

1765 1560 729 56 Negres ⎀ de jardins travaillants actuellement tant

1760 1612 981 61 negres et negresser hors de travail par leur age ou Infirmités tant

1764 1666 875 57 Negrillons et Negrettes non travaillant aux Jardins tant

1772 1714 744 62 total des negres de l'habitation des sources tant

1752 1765 1207 65 vous ferés la même opperation pour l'habitation de Varreux et pour la hâtte,

1751 1810 1218 76 sans nommer chaque negre par son nom je ne demande que la totalité de chacqu'un

1748 1858 791 53 des Articles cy dessus avec la totalité generale du tout.

1760 1899 1199 86 vous aurés ensuite la bonté de m'envoyer a la fin de chaque Année à moy en particulier

1784 1940 100 38 notte de

1716 1952 1236 82 ⎀la mortalité qu'il y aura eue dans le cours de laditte Année, ainsi que les naissances,

1745 2006 1223 70 en me marquant la classe d'ont etoient les negres morts. vous me marquerés de même

1742 2055 1201 66 les negrillons et negrettes que vous aurés fait passer au travail, et dans quelle classe –

1739 2108 1207 67 ils seront entrés pendant le cours de l'année. m'ayant une fois envoyé la notte que

1738 2159 1212 68 je vous demande, et m'instruisant exactement d'années en années, des mortalités naissances
