<?xml version="1.0" encoding="UTF-8"?>
<alto xmlns:xsi="http://www.w3.org/2001/XMLSchema-instance"
      xmlns="http://www.loc.gov/standards/alto/ns-v4#"
      xsi:schemaLocation="http://www.loc.gov/standards/alto/ns-v4# http://www.loc.gov/standards/alto/v4/alto-4-2.xsd">
  <Description>
    <MeasurementUnit>pixel</MeasurementUnit>
    <sourceImageInformation>
      <fileName>T_1113_8__état_dépenses_12_01_1770_1.jpg</fileName>
      <fileIdentifier>zip//plantation_conflans_la_rochefouc_alto_20241122_Marion_51-66.zip/T_1113_8__état_dépenses_12_01_1770_1.jpg</fileIdentifier>
    </sourceImageInformation>
  </Description>
  <Tags>
    <OtherTag ID="QZ7" LABEL="CustomZone" DESCRIPTION="block type CustomZone"/><OtherTag ID="QZ8" LABEL="DamageZone" DESCRIPTION="block type DamageZone"/><OtherTag ID="QZ9" LABEL="DigitizationArtefactZone" DESCRIPTION="block type DigitizationArtefactZone"/><OtherTag ID="QZ10" LABEL="DropCapitalZone" DESCRIPTION="block type DropCapitalZone"/><OtherTag ID="QZ11" LABEL="GraphicZone" DESCRIPTION="block type GraphicZone"/><OtherTag ID="QZ12" LABEL="MainZone" DESCRIPTION="block type MainZone"/><OtherTag ID="QZ13" LABEL="MarginTextZone" DESCRIPTION="block type MarginTextZone"/><OtherTag ID="QZ14" LABEL="MusicZone" DESCRIPTION="block type MusicZone"/><OtherTag ID="QZ15" LABEL="NumberingZone" DESCRIPTION="block type NumberingZone"/><OtherTag ID="QZ17" LABEL="QuireMarksZone" DESCRIPTION="block type QuireMarksZone"/><OtherTag ID="QZ18" LABEL="RunningTitleZone" DESCRIPTION="block type RunningTitleZone"/><OtherTag ID="QZ19" LABEL="SealZone" DESCRIPTION="block type SealZone"/><OtherTag ID="QZ20" LABEL="StampZone" DESCRIPTION="block type StampZone"/><OtherTag ID="QZ21" LABEL="TableZone" DESCRIPTION="block type TableZone"/><OtherTag ID="QZ22" LABEL="TitlePageZone" DESCRIPTION="block type TitlePageZone"/>
    <OtherTag ID="LT7" LABEL="CustomLine" DESCRIPTION="line type CustomLine"/><OtherTag ID="LT8" LABEL="DefaultLine" DESCRIPTION="line type DefaultLine"/><OtherTag ID="LT9" LABEL="DropCapitalLine" DESCRIPTION="line type DropCapitalLine"/><OtherTag ID="LT10" LABEL="HeadingLine" DESCRIPTION="line type HeadingLine"/><OtherTag ID="LT11" LABEL="InterlinearLine" DESCRIPTION="line type InterlinearLine"/><OtherTag ID="LT12" LABEL="MusicLine" DESCRIPTION="line type MusicLine"/>
  </Tags>
  <Layout>
    <Page WIDTH="1285"
          HEIGHT="1628"
          PHYSICAL_IMG_NR="50"
          ID="eSc_dummypage_">
      <PrintSpace HPOS="0"
                  VPOS="0"
                  WIDTH="1285"
                  HEIGHT="1628">
        <TextBlock HPOS="43.0"
                   VPOS="35.0"
                   WIDTH="283.0"
                   HEIGHT="83.0"
                   ID="eSc_textblock_90f37723"
                   TAGREFS="QZ13">
          <Shape><Polygon POINTS="43 35 43 118 326 118 326 35"/></Shape>
          <TextLine ID="eSc_line_8902ae5a"
                    TAGREFS="LT8"
                    BASELINE="39 86 317 75" 
                    HPOS="38"
                    VPOS="35"
                    WIDTH="279"
                    HEIGHT="86">
            <Shape><Polygon POINTS="39 86 42 104 51 96 74 98 75 98 76 98 85 94 96 94 106 100 112 104 113 104 114 104 114 104 115 104 116 104 124 99 135 93 146 95 147 95 148 95 149 95 150 95 154 92 161 97 188 121 189 121 190 121 190 121 247 119 248 119 249 119 249 118 278 91 283 86 316 88 317 75 315 54 265 45 264 45 263 45 262 45 253 50 236 47 235 47 234 47 233 47 222 56 221 57 190 57 188 57 152 35 151 35 150 35 131 35 130 35 88 37 87 37 38 60 39 86"/></Shape>
            <String CONTENT="1⟦.⟧^er Janv^er 1770."
                    HPOS="38"
                    VPOS="35"
                    WIDTH="279"
                    HEIGHT="86"
                    ></String>
          </TextLine>
        </TextBlock>
        <TextBlock HPOS="222.0"
                   VPOS="82.0"
                   WIDTH="1056.0"
                   HEIGHT="1448.0"
                   ID="eSc_textblock_1bb1006c"
                   TAGREFS="QZ12">
          <Shape><Polygon POINTS="252 96 222 1530 1278 1528 1251 82"/></Shape>
          <TextLine ID="eSc_line_80a137b7"
                    TAGREFS="LT8"
                    BASELINE="300 143 1011 135 1200 128" 
                    HPOS="299"
                    VPOS="97"
                    WIDTH="901"
                    HEIGHT="60">
            <Shape><Polygon POINTS="300 151 437 146 448 150 452 151 453 151 454 151 455 151 462 150 469 148 474 150 490 156 491 156 492 156 493 156 514 150 529 156 530 156 531 157 572 157 572 156 631 154 632 154 650 148 687 151 688 151 689 151 704 145 711 143 721 145 759 151 760 151 761 151 772 147 825 152 826 152 875 141 878 141 882 141 918 147 919 147 920 147 932 141 935 140 958 141 977 141 1003 150 1004 150 1005 150 1006 150 1041 140 1054 145 1055 145 1056 146 1106 146 1106 145 1107 145 1140 137 1141 136 1199 135 1200 128 1198 113 1151 113 1150 113 1126 103 1125 103 1124 103 1123 103 1113 109 1102 104 1101 104 1100 104 1050 112 1024 99 1023 99 982 97 981 97 904 99 859 114 855 116 820 117 782 114 762 113 761 113 750 114 725 118 705 115 682 112 681 112 680 112 668 115 656 119 585 116 584 116 583 116 582 116 525 121 507 116 461 104 460 104 459 104 418 109 373 105 372 105 371 105 343 116 299 117 300 143"/></Shape>
            <String CONTENT="Letat des depenses ou reparations que"
                    HPOS="299"
                    VPOS="97"
                    WIDTH="901"
                    HEIGHT="60"
                    ></String>
          </TextLine>
          <TextLine ID="eSc_line_251b3629"
                    TAGREFS="LT8"
                    BASELINE="312 210 911 194 1227 190" 
                    HPOS="310"
                    VPOS="143"
                    WIDTH="917"
                    HEIGHT="84">
            <Shape><Polygon POINTS="312 210 312 227 379 227 380 227 380 227 393 217 446 212 483 212 496 218 497 218 498 218 499 218 519 212 544 217 545 217 546 217 561 211 602 214 603 214 604 214 617 208 636 217 638 218 639 218 640 218 641 218 642 218 644 217 659 208 713 206 760 212 761 212 818 204 835 210 841 213 842 213 843 213 844 213 845 213 849 210 861 203 887 208 888 208 889 208 890 208 932 200 944 207 952 211 953 211 997 212 998 212 1047 203 1084 197 1106 201 1131 206 1132 206 1177 199 1208 205 1209 205 1210 205 1227 197 1227 190 1226 147 1215 143 1214 143 1213 143 1212 143 1202 147 1180 157 1146 157 1127 149 1117 145 1116 145 1115 145 1114 145 1104 150 1084 159 1069 151 1068 151 1067 151 1018 160 996 151 994 151 993 151 992 151 991 151 989 152 972 160 954 152 942 148 941 148 940 148 939 148 922 153 903 160 889 154 879 151 878 151 877 151 876 151 860 155 842 160 829 156 814 151 813 151 812 151 695 153 694 153 683 159 652 175 424 179 394 165 386 161 385 161 384 161 310 167 312 210"/></Shape>
            <String CONTENT="Je prevois de vous etre faites sur les habitations"
                    HPOS="310"
                    VPOS="143"
                    WIDTH="917"
                    HEIGHT="84"
                    ></String>
          </TextLine>
          <TextLine ID="eSc_line_75cbfe8f"
                    TAGREFS="LT8"
                    BASELINE="291 278 1248 260" 
                    HPOS="290"
                    VPOS="227"
                    WIDTH="958"
                    HEIGHT="67">
            <Shape><Polygon POINTS="291 278 291 287 310 292 311 292 332 287 358 293 359 293 360 293 361 293 384 287 431 291 432 291 529 283 573 290 574 290 617 281 620 280 630 280 690 283 691 283 723 278 729 277 731 278 768 294 769 294 770 294 912 293 913 293 943 277 971 273 984 271 988 273 998 277 999 277 999 277 1039 271 1043 271 1046 271 1085 279 1086 279 1153 272 1227 273 1228 273 1229 273 1248 266 1248 260 1246 235 1134 238 1131 236 1106 227 1105 227 1104 227 1023 227 1022 227 989 240 983 242 978 240 941 229 940 229 910 229 909 229 845 232 844 232 809 244 801 247 766 247 763 246 741 235 740 235 739 235 738 235 716 245 685 238 685 238 563 249 534 236 533 236 533 236 532 236 493 251 491 253 436 253 435 253 404 241 403 241 402 241 401 241 360 255 358 255 355 255 322 250 321 250 290 255 291 278"/></Shape>
            <String CONTENT="de mesdames la marechalle de Conflans &amp; marquise"
                    HPOS="290"
                    VPOS="227"
                    WIDTH="958"
                    HEIGHT="67"
                    ></String>
          </TextLine>
          <TextLine ID="eSc_line_3748519f"
                    TAGREFS="LT8"
                    BASELINE="283 347 321 342 586 335 810 335 1225 323" 
                    HPOS="280"
                    VPOS="276"
                    WIDTH="943"
                    HEIGHT="86">
            <Shape><Polygon POINTS="282 345 283 360 302 354 335 362 363 352 464 360 516 348 568 360 591 351 649 358 852 348 865 354 892 352 907 340 1001 344 1027 337 1070 347 1101 335 1157 343 1222 335 1223 322 1219 298 1089 301 981 276 934 279 896 303 845 307 799 307 785 301 758 282 685 310 662 297 655 297 641 309 616 309 583 286 579 286 544 287 531 297 522 288 440 290 416 312 365 291 297 293 280 301 282 345"/></Shape>
            <String CONTENT="De la Rochefoucauld Baÿers situées aü"
                    HPOS="280"
                    VPOS="276"
                    WIDTH="943"
                    HEIGHT="86"
                    ></String>
          </TextLine>
          <TextLine ID="eSc_line_6255caef"
                    TAGREFS="LT8"
                    BASELINE="296 415 681 398 1005 393 1209 381" 
                    HPOS="295"
                    VPOS="349"
                    WIDTH="914"
                    HEIGHT="81">
            <Shape><Polygon POINTS="296 415 296 430 355 420 398 422 399 422 425 416 455 423 456 423 456 423 469 417 531 420 532 420 533 420 533 420 553 413 576 416 577 416 604 410 659 414 660 414 718 407 758 410 807 413 808 413 923 408 923 408 938 401 939 401 942 401 963 406 964 406 1058 398 1080 402 1081 402 1124 393 1129 392 1132 392 1151 397 1152 397 1153 397 1154 397 1170 391 1171 389 1209 388 1209 381 1205 350 1180 364 1163 364 1143 354 1142 354 1142 354 1141 354 1140 354 1131 361 1037 368 1018 359 997 349 996 349 995 349 961 350 960 350 920 364 894 374 823 376 810 369 793 360 792 360 791 360 790 360 790 360 773 371 768 375 730 378 713 374 666 361 666 361 665 361 576 363 562 364 561 364 526 384 520 388 475 388 466 387 399 369 399 369 398 369 295 395 296 415"/></Shape>
            <String CONTENT="quartier du Cul de Sac isle S^t Domingue"
                    HPOS="295"
                    VPOS="349"
                    WIDTH="914"
                    HEIGHT="81"
                    ></String>
          </TextLine>
          <TextLine ID="eSc_line_f0b21f88"
                    TAGREFS="LT8"
                    BASELINE="485 487 814 481 1060 470" 
                    HPOS="485"
                    VPOS="427"
                    WIDTH="575"
                    HEIGHT="67">
            <Shape><Polygon POINTS="485 487 485 494 742 492 779 486 788 485 802 485 865 489 866 489 866 489 879 483 881 482 883 483 896 488 897 488 898 488 934 487 1060 477 1060 470 1058 447 1036 447 1028 441 1028 441 1027 441 1026 441 1025 441 1009 448 937 450 898 451 897 451 866 430 865 430 864 430 837 427 836 427 724 431 723 431 690 448 667 436 666 436 666 436 665 436 664 436 646 450 629 438 628 438 628 438 627 438 626 438 625 438 610 448 598 439 597 439 596 439 595 439 594 439 593 439 566 458 528 451 527 451 526 451 525 451 513 462 512 463 485 463 485 487"/></Shape>
            <String CONTENT="habitation d^te des Sources."
                    HPOS="485"
                    VPOS="427"
                    WIDTH="575"
                    HEIGHT="67"
                    ></String>
          </TextLine>
          <TextLine ID="eSc_line_1ba15537"
                    TAGREFS="LT8"
                    BASELINE="260 596 435 600 844 587 1153 588" 
                    HPOS="259"
                    VPOS="547"
                    WIDTH="894"
                    HEIGHT="73">
            <Shape><Polygon POINTS="260 596 262 619 282 606 311 612 312 612 313 612 330 605 341 610 342 610 342 610 406 605 424 615 430 619 431 619 432 620 446 620 446 619 538 617 539 617 552 613 571 606 592 612 595 613 596 613 597 613 598 613 599 612 626 600 666 611 684 615 685 615 685 615 753 615 754 615 767 608 788 598 806 601 807 601 808 601 819 596 835 604 836 604 837 604 883 596 925 602 926 602 970 595 1027 602 1028 602 1028 602 1055 594 1072 600 1073 600 1074 601 1152 601 1153 588 1151 562 1083 564 1078 561 1058 551 1057 551 1018 547 1018 547 970 558 946 550 945 550 944 550 943 550 913 561 912 561 885 559 885 559 884 559 883 559 880 561 869 567 850 567 837 561 809 548 809 548 808 548 661 554 639 550 638 550 637 550 637 550 619 561 601 572 569 573 457 573 435 561 434 561 433 561 432 561 421 567 398 561 397 561 396 561 395 561 359 573 333 561 333 561 332 561 304 567 292 561 291 560 290 560 289 560 259 560 260 596"/></Shape>
            <String CONTENT="1°. il est indispensable de faire sur cette h^on un"
                    HPOS="259"
                    VPOS="547"
                    WIDTH="894"
                    HEIGHT="73"
                    ></String>
          </TextLine>
          <TextLine ID="eSc_line_81cc313e"
                    TAGREFS="LT8"
                    BASELINE="300 662 734 648 1220 643" 
                    HPOS="298"
                    VPOS="602"
                    WIDTH="922"
                    HEIGHT="76">
            <Shape><Polygon POINTS="300 662 301 678 368 678 368 677 369 677 373 675 388 667 402 674 408 676 409 676 409 676 478 675 479 675 494 671 513 665 552 669 567 670 568 670 569 670 572 668 582 662 636 658 666 665 669 665 670 665 675 664 714 655 768 662 774 662 775 662 790 661 875 653 905 656 906 656 931 652 942 655 948 657 949 657 950 657 967 654 996 650 1023 653 1075 658 1075 658 1076 658 1091 652 1130 656 1131 656 1219 645 1220 643 1217 602 1178 614 1121 605 1115 604 1114 604 1113 604 1113 604 1112 605 1104 610 1085 605 1083 605 1082 605 1081 605 1075 605 1043 611 1026 606 1021 605 1020 605 1019 605 987 606 986 606 983 608 973 613 951 608 942 607 941 607 940 607 936 609 915 621 835 622 804 613 795 610 794 610 793 610 771 614 702 625 624 625 602 618 598 616 597 616 596 616 595 616 590 618 567 628 500 628 473 621 456 617 456 617 455 617 454 617 437 622 431 624 420 623 395 620 394 620 393 620 384 624 370 629 354 624 340 620 339 620 338 620 298 625 300 662"/></Shape>
            <String CONTENT="hopital pour les negres l&#x27;ancien etant totalement"
                    HPOS="298"
                    VPOS="602"
                    WIDTH="922"
                    HEIGHT="76"
                    ></String>
          </TextLine>
          <TextLine ID="eSc_line_2ef08ff9"
                    TAGREFS="LT8"
                    BASELINE="307 720 893 704 1225 701" 
                    HPOS="306"
                    VPOS="666"
                    WIDTH="919"
                    HEIGHT="63">
            <Shape><Polygon POINTS="307 720 307 729 440 722 509 725 530 726 531 726 560 724 637 718 675 720 698 722 699 722 700 722 708 719 722 716 736 719 745 720 746 720 788 718 859 712 928 714 995 715 996 715 997 715 1009 711 1020 709 1046 710 1084 713 1085 713 1224 705 1225 701 1222 679 1035 682 1034 682 976 666 975 666 974 666 882 669 881 669 866 676 853 672 852 672 851 672 821 677 820 677 799 688 797 688 742 684 742 684 721 689 686 673 685 673 661 673 660 673 659 673 634 683 606 677 605 677 604 677 570 687 533 678 533 678 532 678 447 695 396 688 395 688 394 688 376 695 332 691 331 691 330 691 306 699 307 720"/></Shape>
            <String CONTENT="mauvais, et tombant en ruine et situé dans un"
                    HPOS="306"
                    VPOS="666"
                    WIDTH="919"
                    HEIGHT="63"
                    ></String>
          </TextLine>
          <TextLine ID="eSc_line_88075f96"
                    TAGREFS="LT8"
                    BASELINE="300 778 676 766 1233 759" 
                    HPOS="299"
                    VPOS="714"
                    WIDTH="934"
                    HEIGHT="80">
            <Shape><Polygon POINTS="300 778 300 781 317 789 318 789 393 794 394 794 456 792 456 792 504 779 510 778 514 779 562 790 563 791 595 791 595 790 623 789 624 789 647 778 650 776 685 776 690 777 713 787 714 787 715 788 742 788 742 787 819 776 850 772 865 776 892 784 893 784 894 785 934 785 934 784 935 784 936 784 951 775 955 772 990 769 1118 769 1131 773 1138 776 1139 776 1140 776 1155 773 1197 766 1232 772 1233 759 1231 718 1175 714 1174 714 1173 714 1155 719 1113 732 1084 721 1068 716 1067 716 1047 716 1046 716 1045 716 1031 723 1030 723 1027 723 994 719 993 719 955 725 888 737 862 728 842 720 841 720 816 720 815 720 814 720 803 725 693 722 692 722 691 722 668 733 653 740 630 734 594 724 593 724 592 724 538 737 510 744 381 746 360 742 333 737 332 737 299 743 300 778"/></Shape>
            <String CONTENT="terrain aquatique et par consequent malsain"
                    HPOS="299"
                    VPOS="714"
                    WIDTH="934"
                    HEIGHT="80"
                    ></String>
          </TextLine>
          <TextLine ID="eSc_line_1c69d0c4"
                    TAGREFS="LT8"
                    BASELINE="250 845 839 826 1132 826" 
                    HPOS="248"
                    VPOS="785"
                    WIDTH="884"
                    HEIGHT="73">
            <Shape><Polygon POINTS="250 845 251 858 280 851 323 853 324 853 354 848 386 854 387 854 388 854 389 854 395 850 587 850 600 850 600 849 603 849 672 839 1132 834 1132 826 1131 800 1019 803 1016 801 983 787 982 787 951 785 951 785 881 786 880 786 861 795 816 788 815 788 814 788 813 788 795 800 736 798 735 798 734 798 721 804 701 802 700 802 699 802 698 802 691 806 684 810 662 810 656 807 631 794 630 794 614 794 613 794 612 794 596 800 580 795 579 795 578 795 577 795 576 795 555 808 552 811 530 815 425 815 417 811 394 799 393 799 392 799 323 808 283 803 282 803 281 803 248 813 250 845"/></Shape>
            <String CONTENT="2°. Le mur de la sucrerie etant hors de son"
                    HPOS="248"
                    VPOS="785"
                    WIDTH="884"
                    HEIGHT="73"
                    ></String>
          </TextLine>
          <TextLine ID="eSc_line_6b39c898"
                    TAGREFS="LT8"
                    BASELINE="303 899 926 880 1182 880" 
                    HPOS="302"
                    VPOS="842"
                    WIDTH="880"
                    HEIGHT="76">
            <Shape><Polygon POINTS="303 899 303 918 357 918 358 918 359 918 374 908 410 912 411 912 412 912 449 902 551 907 552 907 552 907 580 896 666 904 666 904 667 904 686 894 696 899 697 899 698 899 699 899 708 895 757 905 765 907 766 907 791 906 792 906 798 904 826 893 837 896 838 896 839 896 903 887 944 893 945 893 946 893 961 888 1049 890 1050 890 1130 884 1181 891 1182 880 1180 851 1147 851 1144 851 1110 842 1109 842 1076 842 1075 842 1075 842 1074 842 1066 848 1031 843 1030 843 1029 843 1001 854 970 851 970 851 889 859 878 860 876 860 848 849 847 849 847 849 846 849 817 861 815 862 736 863 721 857 720 857 719 857 718 857 717 857 706 864 705 865 666 866 663 866 629 855 628 855 628 855 582 856 581 856 568 862 539 857 538 857 537 857 536 857 526 864 506 858 505 858 504 858 472 859 471 859 452 869 402 861 401 861 400 861 362 874 362 875 302 876 303 899"/></Shape>
            <String CONTENT="aplomb et tisardé en plusieurs endroits a"
                    HPOS="302"
                    VPOS="842"
                    WIDTH="880"
                    HEIGHT="76"
                    ></String>
          </TextLine>
          <TextLine ID="eSc_line_391e30cd"
                    TAGREFS="LT8"
                    BASELINE="311 960 866 937 1215 932" 
                    HPOS="309"
                    VPOS="892"
                    WIDTH="906"
                    HEIGHT="83">
            <Shape><Polygon POINTS="311 960 311 975 378 964 464 970 465 970 468 970 543 966 544 966 545 966 556 959 584 965 605 970 606 970 677 967 678 967 694 961 720 951 761 958 764 958 765 958 766 958 768 958 801 948 820 952 821 952 914 945 927 951 928 951 929 951 930 951 942 946 988 946 997 948 1037 955 1037 955 1038 955 1064 946 1075 941 1215 939 1215 932 1212 908 1035 914 1031 914 905 892 904 892 904 892 875 906 830 897 829 897 828 897 776 918 721 899 720 899 719 899 568 904 567 904 566 904 547 917 518 911 517 911 516 911 475 931 471 934 429 934 427 933 397 919 396 919 351 916 350 916 349 916 309 935 311 960"/></Shape>
            <String CONTENT="besoin d&#x27;etre réédifié et les Sablieres qui"
                    HPOS="309"
                    VPOS="892"
                    WIDTH="906"
                    HEIGHT="83"
                    ></String>
          </TextLine>
          <TextLine ID="eSc_line_b32f7035"
                    TAGREFS="LT8"
                    BASELINE="309 1021 782 994 1165 987" 
                    HPOS="307"
                    VPOS="946"
                    WIDTH="858"
                    HEIGHT="85">
            <Shape><Polygon POINTS="309 1021 309 1025 326 1031 327 1031 328 1031 362 1025 418 1028 419 1028 448 1022 485 1025 485 1025 618 1020 618 1020 637 1013 641 1012 646 1012 660 1016 661 1016 662 1016 663 1016 679 1012 686 1009 883 1002 896 1003 926 1007 927 1007 928 1007 947 1002 950 1001 951 1001 968 1005 969 1005 970 1005 1165 993 1165 987 1160 946 1120 961 966 966 935 958 913 952 913 952 912 952 839 955 838 955 821 964 707 960 706 960 705 960 684 972 673 978 635 980 615 975 570 965 569 965 539 972 538 972 537 972 523 981 518 984 467 984 465 984 420 973 419 973 418 973 418 973 407 977 372 974 371 974 371 974 345 988 307 993 309 1021"/></Shape>
            <String CONTENT="soutiennent le comble, etant pourris ont"
                    HPOS="307"
                    VPOS="946"
                    WIDTH="858"
                    HEIGHT="85"
                    ></String>
          </TextLine>
          <TextLine ID="eSc_line_ee5d7b9d"
                    TAGREFS="LT8"
                    BASELINE="305 1068 807 1051" 
                    HPOS="304"
                    VPOS="1019"
                    WIDTH="503"
                    HEIGHT="62">
            <Shape><Polygon POINTS="305 1068 305 1074 327 1081 328 1081 329 1081 330 1081 362 1072 363 1072 365 1072 383 1078 384 1078 385 1078 500 1076 501 1076 502 1076 515 1068 531 1073 532 1073 533 1073 574 1066 610 1072 611 1072 664 1063 694 1069 694 1069 695 1069 696 1069 707 1061 712 1065 713 1065 713 1065 714 1065 737 1060 749 1066 750 1066 751 1066 751 1066 752 1066 763 1059 807 1057 807 1051 804 1030 790 1030 789 1030 781 1023 780 1023 780 1023 779 1023 778 1023 762 1030 747 1023 746 1023 745 1023 744 1023 743 1023 743 1024 737 1031 723 1023 722 1023 721 1023 666 1031 656 1033 653 1031 636 1019 635 1019 634 1019 633 1019 632 1019 631 1019 608 1032 601 1037 568 1037 561 1033 543 1022 542 1022 542 1022 526 1022 525 1022 524 1022 523 1022 510 1034 505 1039 494 1040 487 1035 473 1024 472 1024 471 1024 470 1024 432 1026 431 1026 430 1026 418 1036 409 1042 390 1042 384 1037 374 1029 374 1028 373 1028 372 1028 371 1028 331 1031 330 1031 329 1031 323 1036 313 1031 312 1031 311 1031 310 1031 309 1031 304 1035 305 1068"/></Shape>
            <String CONTENT="besoin d&#x27;etre changées."
                    HPOS="304"
                    VPOS="1019"
                    WIDTH="503"
                    HEIGHT="62"
                    ></String>
          </TextLine>
          <TextLine ID="eSc_line_a3b32693"
                    TAGREFS="LT8"
                    BASELINE="247 1139 596 1119 1183 1111" 
                    HPOS="245"
                    VPOS="1069"
                    WIDTH="938"
                    HEIGHT="75">
            <Shape><Polygon POINTS="247 1139 247 1144 306 1138 321 1143 322 1143 323 1143 323 1143 335 1142 407 1135 438 1138 454 1140 455 1140 456 1140 461 1138 473 1133 488 1137 496 1139 497 1139 498 1139 526 1135 571 1130 611 1133 626 1134 627 1134 628 1134 628 1134 630 1133 636 1129 652 1132 661 1133 662 1133 729 1129 822 1124 829 1126 842 1130 843 1130 844 1130 890 1124 900 1123 913 1123 1000 1126 1001 1126 1036 1119 1039 1118 1041 1119 1054 1125 1055 1125 1056 1125 1142 1123 1182 1114 1183 1111 1179 1069 1147 1077 1114 1070 1107 1069 1106 1069 1105 1069 1102 1071 1093 1075 1066 1072 1045 1070 1044 1070 1043 1070 1033 1073 996 1086 952 1077 932 1072 932 1072 788 1076 787 1076 766 1083 746 1089 731 1084 729 1084 728 1084 727 1084 715 1085 685 1088 677 1086 647 1079 646 1079 645 1079 617 1088 592 1096 563 1090 543 1087 542 1087 542 1087 532 1091 518 1097 505 1094 504 1094 504 1094 332 1102 315 1099 294 1095 293 1095 245 1101 247 1139"/></Shape>
            <String CONTENT="3°. un des moulins de cette habitation etant"
                    HPOS="245"
                    VPOS="1069"
                    WIDTH="938"
                    HEIGHT="75"
                    ></String>
          </TextLine>
          <TextLine ID="eSc_line_e1e4917f"
                    TAGREFS="LT8"
                    BASELINE="301 1188 404 1186 714 1169 1239 1162" 
                    HPOS="299"
                    VPOS="1120"
                    WIDTH="940"
                    HEIGHT="76">
            <Shape><Polygon POINTS="301 1188 301 1196 478 1192 479 1192 480 1192 481 1192 488 1187 535 1190 551 1191 552 1191 561 1189 598 1182 622 1187 627 1188 628 1188 628 1188 631 1187 645 1180 831 1180 832 1180 900 1174 913 1178 921 1180 922 1180 923 1180 923 1180 932 1177 949 1173 958 1176 963 1179 964 1179 965 1179 979 1176 992 1173 1002 1175 1016 1179 1017 1179 1018 1179 1018 1179 1031 1174 1044 1170 1058 1173 1076 1178 1077 1178 1078 1178 1115 1172 1132 1169 1149 1171 1181 1173 1182 1173 1239 1167 1239 1162 1237 1132 1187 1133 1185 1133 1161 1121 1160 1121 1159 1121 1158 1121 1132 1131 1104 1120 1104 1120 1082 1120 1081 1120 1056 1121 1055 1121 1040 1128 1007 1126 1006 1126 1005 1126 1004 1126 997 1132 960 1124 959 1124 893 1125 892 1125 861 1138 855 1142 833 1142 828 1139 806 1127 805 1127 784 1127 783 1127 782 1127 753 1140 750 1142 740 1141 727 1139 726 1139 725 1139 718 1141 705 1145 690 1142 639 1131 638 1131 637 1131 610 1142 582 1133 581 1133 580 1133 552 1134 551 1134 520 1145 507 1150 392 1152 373 1147 338 1138 337 1138 336 1138 335 1138 299 1148 301 1188"/></Shape>
            <String CONTENT="d&#x27;ancienne structure et mal endenté. Je serai"
                    HPOS="299"
                    VPOS="1120"
                    WIDTH="940"
                    HEIGHT="76"
                    ></String>
          </TextLine>
          <TextLine ID="eSc_line_62b9ee57"
                    TAGREFS="LT8"
                    BASELINE="314 1245 859 1220 1176 1214" 
                    HPOS="312"
                    VPOS="1185"
                    WIDTH="864"
                    HEIGHT="72">
            <Shape><Polygon POINTS="314 1245 314 1249 353 1257 354 1257 355 1257 366 1251 409 1256 409 1256 410 1256 430 1247 468 1251 469 1251 470 1251 471 1251 478 1247 496 1249 497 1249 498 1249 512 1243 516 1240 576 1239 584 1240 604 1245 605 1245 606 1245 619 1239 620 1239 639 1247 640 1247 641 1247 677 1239 705 1247 706 1247 707 1247 783 1243 784 1243 785 1243 800 1232 806 1230 831 1231 868 1234 869 1234 920 1229 962 1223 980 1226 1004 1230 1005 1230 1048 1223 1059 1222 1069 1223 1108 1226 1109 1226 1110 1226 1119 1221 1122 1220 1130 1221 1152 1224 1153 1224 1176 1219 1176 1214 1172 1192 1075 1195 1075 1195 1053 1187 1052 1187 1051 1187 1050 1187 1022 1197 1003 1188 1002 1188 1001 1188 1000 1188 989 1193 938 1185 937 1185 920 1186 919 1186 896 1199 845 1189 844 1189 843 1189 814 1202 775 1202 735 1193 734 1193 681 1195 680 1195 630 1209 593 1201 592 1201 563 1202 562 1202 536 1214 499 1204 498 1204 497 1204 496 1204 495 1204 482 1212 436 1205 435 1205 434 1205 433 1205 410 1221 378 1218 377 1218 312 1225 314 1245"/></Shape>
            <String CONTENT="dans le cas de mettre en place un nouveau"
                    HPOS="312"
                    VPOS="1185"
                    WIDTH="864"
                    HEIGHT="72"
                    ></String>
          </TextLine>
          <TextLine ID="eSc_line_4056f78f"
                    TAGREFS="LT8"
                    BASELINE="304 1304 542 1286 869 1274 1236 1272" 
                    HPOS="303"
                    VPOS="1227"
                    WIDTH="933"
                    HEIGHT="80">
            <Shape><Polygon POINTS="304 1304 304 1307 469 1303 514 1293 557 1293 576 1299 577 1299 578 1299 642 1288 697 1296 700 1296 701 1296 704 1296 748 1287 759 1290 760 1290 761 1290 761 1290 762 1290 770 1285 792 1289 793 1289 794 1289 809 1283 896 1281 924 1287 925 1287 926 1287 947 1279 986 1279 1001 1286 1002 1286 1003 1286 1004 1286 1005 1286 1017 1277 1042 1283 1043 1283 1044 1283 1069 1276 1108 1284 1111 1284 1112 1284 1235 1279 1236 1272 1234 1239 1204 1227 1203 1227 1202 1227 1135 1229 1134 1229 1133 1229 1112 1242 1104 1243 1076 1247 1064 1244 1047 1241 1047 1241 1046 1241 1033 1246 1021 1249 1008 1247 985 1240 984 1240 983 1240 943 1249 912 1236 911 1236 885 1236 884 1236 883 1236 851 1248 814 1241 813 1241 780 1246 780 1246 755 1256 748 1258 742 1256 713 1244 712 1244 669 1242 668 1242 618 1248 617 1248 579 1262 571 1265 430 1268 428 1268 406 1257 405 1257 404 1257 403 1257 380 1268 379 1270 303 1271 304 1304"/></Shape>
            <String CONTENT="moulin qui m&#x27;a été cÿ devant envoÿé de france"
                    HPOS="303"
                    VPOS="1227"
                    WIDTH="933"
                    HEIGHT="80"
                    ></String>
          </TextLine>
          <TextLine ID="eSc_line_b3ce3c41"
                    TAGREFS="LT8"
                    BASELINE="292 1355 325 1358 648 1334 833 1327 1235 1327" 
                    HPOS="291"
                    VPOS="1287"
                    WIDTH="944"
                    HEIGHT="77">
            <Shape><Polygon POINTS="292 1355 292 1364 431 1361 469 1354 529 1358 536 1358 537 1358 538 1358 540 1358 570 1345 595 1349 596 1349 663 1344 699 1349 700 1349 785 1338 974 1337 999 1333 1082 1340 1097 1341 1098 1341 1234 1334 1235 1327 1232 1302 1039 1305 1009 1298 1008 1298 1008 1298 999 1301 969 1287 968 1287 967 1287 875 1293 845 1289 844 1289 795 1291 794 1291 733 1316 711 1316 665 1295 664 1295 663 1295 599 1296 580 1297 579 1297 528 1322 471 1315 470 1315 469 1315 443 1324 423 1315 422 1315 421 1315 399 1316 377 1309 376 1309 375 1309 374 1309 336 1328 291 1329 292 1355"/></Shape>
            <String CONTENT="et pour ce il faudra acheter les bois necessaires."
                    HPOS="291"
                    VPOS="1287"
                    WIDTH="944"
                    HEIGHT="77"
                    ></String>
          </TextLine>
          <TextLine ID="eSc_line_d952fdda"
                    TAGREFS="LT8"
                    BASELINE="237 1430 460 1413 735 1403 1249 1398" 
                    HPOS="236"
                    VPOS="1359"
                    WIDTH="1013"
                    HEIGHT="80">
            <Shape><Polygon POINTS="237 1430 237 1439 275 1439 275 1438 276 1438 278 1438 308 1428 334 1436 337 1437 338 1437 339 1437 340 1437 344 1436 361 1431 387 1433 388 1433 389 1433 390 1433 400 1426 466 1421 488 1431 494 1433 494 1433 495 1433 575 1431 576 1431 585 1428 605 1420 689 1414 913 1415 913 1415 953 1408 970 1415 970 1415 971 1415 972 1415 987 1411 1002 1415 1027 1420 1028 1420 1056 1419 1056 1419 1080 1412 1105 1405 1125 1411 1126 1411 1127 1411 1128 1411 1132 1411 1157 1406 1185 1410 1217 1413 1218 1413 1249 1407 1249 1398 1245 1362 1210 1373 1186 1364 1173 1359 1172 1359 1152 1359 1151 1359 1151 1359 1150 1359 1139 1365 1131 1371 1081 1379 989 1373 980 1370 956 1363 955 1363 954 1363 917 1372 905 1375 852 1375 850 1374 836 1367 835 1367 834 1367 731 1369 730 1369 706 1378 706 1379 571 1391 528 1389 527 1389 502 1393 487 1387 486 1387 485 1387 485 1387 464 1393 430 1390 429 1390 314 1398 299 1391 277 1380 276 1380 276 1380 275 1380 236 1391 237 1430"/></Shape>
            <String CONTENT="4°. J&#x27;aurai a refaire a neuf les goutieres qui servent"
                    HPOS="236"
                    VPOS="1359"
                    WIDTH="1013"
                    HEIGHT="80"
                    ></String>
          </TextLine>
          <TextLine ID="eSc_line_a00600a5"
                    TAGREFS="LT8"
                    BASELINE="298 1485 577 1466 818 1456 1252 1451" 
                    HPOS="297"
                    VPOS="1419"
                    WIDTH="955"
                    HEIGHT="73">
            <Shape><Polygon POINTS="298 1485 298 1492 693 1473 775 1479 780 1479 781 1479 782 1479 784 1479 815 1469 866 1472 867 1472 868 1472 869 1472 875 1467 931 1475 934 1475 935 1475 936 1475 938 1475 976 1465 1054 1469 1055 1469 1056 1469 1086 1461 1110 1467 1111 1467 1112 1467 1150 1460 1251 1465 1252 1451 1248 1429 1188 1430 1185 1430 1156 1422 1155 1422 1154 1422 1153 1422 1125 1432 1122 1433 1119 1432 1074 1419 1073 1419 1072 1419 1071 1419 1039 1435 1037 1436 1023 1436 1007 1435 978 1421 977 1421 976 1421 975 1421 974 1421 956 1432 943 1429 942 1429 942 1429 941 1429 940 1429 933 1433 900 1424 899 1424 898 1424 816 1426 736 1441 691 1433 690 1433 656 1437 655 1437 628 1448 627 1448 626 1448 608 1439 607 1439 606 1439 567 1447 549 1442 548 1442 547 1442 546 1442 535 1448 517 1438 516 1438 515 1438 438 1453 418 1447 418 1447 417 1447 416 1447 399 1456 297 1458 298 1485"/></Shape>
            <String CONTENT="a conduire le vin de canne des moulins a la Sucrerie"
                    HPOS="297"
                    VPOS="1419"
                    WIDTH="955"
                    HEIGHT="73"
                    ></String>
          </TextLine>
        </TextBlock>
        <TextBlock HPOS="124.0"
                   VPOS="146.0"
                   WIDTH="173.0"
                   HEIGHT="133.0"
                   ID="eSc_textblock_a1ae94e1"
                   TAGREFS="QZ20">
          <Shape><Polygon POINTS="124 146 124 279 297 279 297 146"/></Shape>
        </TextBlock>
      </PrintSpace>
    </Page>
  </Layout>
</alto>
