2080 3020
681 65 539 89 Liste des negres de la hatte

664 119 519 97 située au mirbalais※

245 273 372 82 negres. age

246 365 319 62 gittot ......... 29

235 397 310 69 michel ...... 35

240 439 315 84 Le Temaque Boidi  " 35

241 494 324 84 Baptiste ardicord" 30

243 555 322 74 baptiste margua 25

245 609 305 67 Jacques ......... 26

245 662 312 47 alexis .......... 20

248 699 300 67 Jacquot ....... 18

238 746 310 52 cotia .......... 30

241 786 306 67 la Rose ........ 70

240 833 308 69 coredou ....... 70

241 884 314 70 Laurent ........ 60

240 932 313 62 colas ......... 60

243 979 304 64 andré ........ 60

243 1026 304 69 vieux henri .. 90

243 1068 371 82 pierre armatiq " 45 "

246 1177 282 49 negresses ..... "

236 1263 368 57 Louisa ...... 45 "

236 1298 338 59 vieille babet ..... 80

231 1352 381 53 marguerite ...... 70 "

246 1432 370 69 negres obmis " ........

236 1481 365 70 Senegal .... 40 ... "

229 1538 368 54 martin ...... 40 .... "

235 1640 1683 79 Total des negres de la hatte à ............................................... 25

246 1696 1665 103 Total des negres de l'habitation Des Varreux .......................... 179

248 1775 1672 92 Total des negres de l'habitation des Sources ....................................... 449

1052 1890 861 90 Total general .......... 449

601 1989 1351 99 a que je certifie sincere, et veritable sauf erreur, ou obmission. au Cul de Sac

599 2060 636 90 le 10 avril 1768. Provenchere
