3043 2398
291 74 1170 69 Labour à la Charrüe etoit le meilleur parce qu'il alloit plus avant dans le sein de la

286 122 1208 71 terne, qu'il seroit a propos d'ouvrir s'il etoit possible a plus de deux pieds de profondeur.

290 169 1212 68 ou du moins a vingt pouces. c'est ce que m'a dit Monsieur Constant habitant du Cul de Sac

289 221 1207 69 et dont l'habitation est proche des nottres, il croit luy, la charrüe la meilleure pour

286 274 1175 75 le labour, c'est ce qui luy a fait prendre le party d'engager un laboureur en france

285 315 1153 91 qu'il fait passer a S^t Domingue sur ces habitations pour y labourer ses terres

285 374 1195 77 et montrer a ses negres la meilleure façon de le faire. comme vous etes son voisin

279 428 1225 84 vous pourrés suivre la reüssite de son entreprise, et juger laquelle est la meilleure du labour

289 479 1204 87 a charrües ou de celuy a bras d'hommes, ce qui vous mettroit a meme de vous servir

283 528 1177 86 d'hors en avant de la meilleure des deux manieres si vous jugiés celle de la charrüe –

293 582 1200 90 la plus convenable, je crois qu'il ne seroit pas difficile de vous en servir en faisant –

289 638 1217 94 apprendre ce quelques vus de nos negres la meilleure façon de labourer avec cet instrument

282 690 1219 109 sous ceux qu'aura formés le Blanc que M^r Constant a envoyé sur son habitation d'ailleurs

275 746 1215 106 je m'en raporte totalement a vottre prudence, pour prendre le party que vous jugerés

278 798 1210 102 le plus convenable d'appués vos observations, que je vous prie de me communiquer dans

277 855 1171 92 ce tems. La connoissance que vous devés avoir acquise de la nature du terrein de nos

274 908 1180 93 habitations, vous fera sans doutte prendre la meilleure des deux manieres de labourer.

274 961 1175 90 soit a bras, soit a la charrüe. Il est un avantage réel a le faire de la derniere

274 1013 1175 104 façon qui est celuy du moins de tems, et du moindre nombre d'hommes qu'il faut ty

277 1073 871 84 employer, cominés donc bien le tout, et faites pour le mieux.

307 1125 1153 100 J'ay vu par l'inventaire que je vous aÿ deja citté que l'habitation des sources etoit

271 1176 1237 100 susceptible d'une augmentation de quelques pieces de cannes si l'on pouvoit obtenir de l'eau

267 1233 1207 104 de la grande riviere pour les arroser, puisqu'il y a douze a quinze carraux de terre

270 1292 1211 118 qui sont non arrosales et seroit bien avantageux d'obtenir l'eau necessaire pour leur

271 1356 1207 108 arrosement cela augmenteroit de quelques chôses nos revenus, Monsieur Le Marechal

270 1404 1230 108 a ecrit a ce sujet a Monsieur d'Estaing et a Monsieur Magan pour le leur demander, au moyen

267 1453 1187 111 de quoy c'est a vous maintenant a suivre cette affaire avec vigueur, ayant soin de nous

266 1510 1230 104 instruire des difficultés que l'on vous fera, et des moyens que vous croirerés propres a les liver

278 1549 1211 109 Je vous remercie du compte que vous me rendés de la concession faitte en propre a Madame

262 1597 1218 105 de Bayers je m'en rapporte bien et ce que vous me dites a ce sujet, au moyen de quoy j'abandonne

265 1653 659 58 ce projet que j'avois formé de le mettre en culture.

294 1694 1160 85 ⟦La Jeune Comtesse d'Egmont est arrivée a Bordeaux en quarante jours de traversée

270 1737 536 56 les sucres n'en sont point encor vendus.⟧

274 1774 1232 87 M^r Le Marechal est totalement payé de ce qui luy etoit du par la succession de feu M^r Fougeu

261 1823 1225 78 au moyen des sucres qu'il a receus par les Navires le Grand Carlos, et le Gavillan, il a même

257 1867 1227 84 êté dans le cas de nous bonifier de cent pistoles argeant de france pour solde de compte final

257 1919 1204 79 parce que les envoys de ces deux navires exedoient ce que nous luy devions de cette somme, nous

506 1962 120 35 + avec luy

183 1967 1306 83 voila entierement quites ⎀ pourquoy vous aurés la bonté d'ors en avant de faire les Envoy pour le

261 2023 1189 81 compte commun, parce que Monsieur le Marechal etant payé, nous devons partager

254 2071 1206 80 par egale portion les Revenüs de nos habitations de S^t Domingue ainsi que les frais

250 2123 1204 84 d'exploitation. vous vous conformerés donc s'il vous plait a ce que vous mande pour les

255 2175 403 65 Envois que vous allés faire.

1806 107 1179 72 Je ferai tout ce qui dependra de moy, Monsieur, pour vous faire obtenir par le Gouverneur

1791 151 1192 90 de S^t Domingue, ou par le ministre la grace que vous détérés d'être exemptés, Monsieur vottre

1793 206 1183 95 frere et vous de meriter les gardes et revües, ce qui me paroit une chose tres juste puisque

1783 261 1189 92 vous n'etes point possesseurs de biens fonds dans la Colonie, et que vous n'etes que le representant

1787 310 1161 94 de Mesdames la Marechale de Conflans, et Marquise de Bayers, qui ne montroient

1786 369 1146 90 point ces gardes et revües si elles etoient sur leurs habitations non plus que moy. je serai

1786 422 1166 82 fort aise si je puis reussir a vous faire obtenir ce que vous desirés a ce sujet, Monsieur le

1785 472 1196 95 Marechal m'a dit en avoir deja ecrit a Monsieur le comte d'Estaing et a Monsieur Magon

1787 527 1161 87 et moy je vous promets d'en parler a Monsieur Beudet pour qu'il me dise comment il

1786 584 1198 96 faut que je m'y prenne auprés de Monsieur le Duc de Choiseüil pour obtenir pour vous

1781 635 1170 97 et vottre frere cette exemption. Je serai bien flatté de vous prouver par la, comme

1783 688 1174 92 en toutes chôses, combien je voudrois vous etre utile et vous servir, quand l'occasion s'en –

1782 744 544 61 presentera comptés tousjours sur moy.

1787 786 1196 101 vous me marqués pour la vottre du 1^er May 1764. que vous avés chargé cent Barriques

1782 841 1197 92 trante quarts sucre blanc sur le navire la Jeune comtesse d'Egmont cap^ne Senac –

1782 893 1205 91 a l'adresse et consignation du S^rJaune jeune Negotiant a Bordeaux, d'ont vos Barriques

1779 947 1204 90 trente quarts d'assés beau sucre, et 20 Barriques de Mediocre, le Navire est arrivé a –

1779 999 1180 93 sa destination dans les premiers jours de ce mois, les sucres en sont deja vendus, et ils l'ont êté

1783 1057 1184 86 a 51^lt le cent l'un dans l'autre, ce qui est un pria le sucres mediocres n'ayant êté estimés

1779 1111 1154 91 a Bordeaux que 39 a 40^lt au moyen de quoy ayant êté vendus l'un dans l'autre 51^lt

1782 1165 1199 96 cela fait que les plus baux se trouvant vendus sur le pied d'environ 54^lt a 54^lt 5^s le cent.

1797 1214 1190 100 vous m'annoncés par la même⎀⟦..........⟧⎀vous avés arreté du fret sur la navire l'aimable

1778 1272 1202 82 Julie Cap^ne d'Angla pour ⎀ ⟦..........⟧ ⎀ de sucre Blanc d'ont 21 Barriques de sucre

1777 1333 1199 87 commun et 19 Barriques de plus be⟦au.....n⟧ous avons nouvelle par Monsieur Charuet

1779 1390 1200 87 que ce navire est arrivé et qu'il a mouillé le 13^me de ce mois a Peinboeuf au bas de

1779 1441 1200 95 la Riviere de Nantes, le haut prix ou sont les sucres en france ainsi qu'a S^t Domingue

1777 1504 1011 73 et qui se soutient nous font esperer que nous en tirerons un bon party.

1785 1557 1195 86 Par celle du 25 May meme Année vous me marqués avoir arrêtés fret sur le Navire

1777 1607 1203 94 la Julie cap^ne la Barre a 12 deniers, pour le restant des sucres que vous avés, qui –

1775 1677 1213 76 consistent en 94 Barriques et 24 quarts de sucre blanc, la beauté d'ont vous dites que sont

1777 1729 1203 78 ces sucres ne me permet pas de doutter qu'ils ne soient vendus un ⟦bon⟧ haut prix si les sucres

1782 1786 1157 65 se soutiennent a celuy ou ils sont maintenant jusqu'a l'arrivée de ce navire, ⟦ceux⟧

1781 1843 1180 60 les blancs de la premiere qualité se vendent actuellement tot couramment tant

1774 1895 1201 74 a Nantes qu'a Bordeaux 60^lt le cent, comme jay lieu de croire par ce que vous mandés

1773 1955 1207 64 ceux que vous nous faites passer par la Julie de la premiere qualité je me flatte qu'ils

1769 2006 1218 58 seront vendues ce prix pour un toutes fois que les sucres ne baissent pas avant son arrivée

1770 2064 1199 70 nous l'attendons avec impatience, et faisons des voeux pour qu'il ne luy arrive aucun–

1766 2119 1169 64 accident et qu'il arrive a bon port, cet envoy sera de tous ceux que vous aves faits

1769 2178 442 58 celuy qui nous rendra le plus.

1785 2220 1199 59 vous me marqués par vottre lettre du 23 May aussi meme Année que vous avés receu

1547 1195 208 77 + lettres que vous +

1530 1257 213 64 + 40 Barriques +
