4066 2869
435 286 1545 101 plus que je ne puis te dire d'avoir le plaisir de vous voir

419 372 1510 96 et de vous embrasser, je mennuis beaucoup sans ma chere

400 443 1588 137 petitte femme, et sans la chere sœur que j'aime bien et que

400 527 1559 123 j'embrasse de tout mon cœur, je suis du sentiment de renvoyer

387 599 1496 119 la negresse et son fils a S^t Domingue, ce sont des domestiques

395 671 1588 122 inutils et Laxalde sera charge de cette affaire, si vous le trouvés

390 747 1593 126 bon, il ne nous faudra garder absolument que le nombre de

385 828 1598 117 laquais necessaires pour votre route, pour ce que nous en trouverons

403 902 1575 119 icy de plus entendus et meilleurs et avoir soin en payant leur

435 977 1545 113 gages de garder les habits de livrés et leur faire reprendre les

385 1048 1595 105 leurs. Laxalde ne menera a M^r de Courage sa chaise, elle est en

384 1122 1602 102 bon etat et je l'ai fait raccommoder elle est sous les remises de

376 1182 1610 113 M^r le Duc de la Rochefoulcaut, faites lui bien mes amitiés

381 1276 1588 107 et remerciements, je suis toujours dans la meme positition,

382 1362 1587 107 il n'y a que le tems qui me reposera, apres tout je prendrai

385 1445 1614 94 les evenements comme ils viendront, pourvû, ma chere enfant

382 1525 1617 108 que vous soyés heureuse, je serés contant; mes respects aux

374 1608 1537 91 Dames et compliments à nos amis, je n'ai point vû le

363 1687 1603 79 ministre ce ne sera qu'un commencement du Caveau, M^e

369 1761 1633 86 p^ame est morte le 10 d'une gale rentré, on dit M^e victoire aussi

358 1844 1560 89 malade, ce qui empeche tous les spectacles et balai dans paris

361 1922 1651 71 M^r D'armentiers n'a rien eu, il n'y a que M^r le Comte de brienne

377 1984 1604 81 qui a eté fait cordon bleus, ce qui etoit deu à la charge et a sa –

368 2057 1660 85 naissance, je lembrasse un million de fois, et l'aime plus que

369 2132 1582 81 moy meme, bonjour ma petitte mere, je suis toujours ton

349 2178 1208 160 fidel Mari et ton gros lard de Confans
