2137 2795
812 173 890 78 à Paris le 16 fevrier 1752

950 232 629 86 9^e Piece cottée O

416 374 1559 91 j'ai plus de desir que vous, ma chere femme, de vous voir

388 472 1604 93 aupres de moy, on travaille aux appropriments de la maison

383 568 1572 76 et aux meubles vous la trouverés en état à votre arrivée

394 641 1612 93 M^r Laxalde partira dans dix ou douze jours pour se rendre

382 731 1615 81 a quimper où il sera peu de jours et de la il ira vous joindre

385 818 1658 84 j'ai hier signé son contract de mariage, par consequent tout,

385 905 1647 85 est bien d'accord, on a répandü quantité de mauvais propos

383 993 1648 83 qui partent des emissaires du Maillard, mais cela sesoufe de

383 1088 1653 82 soy memes, vous avés sans doute sçu le tremblement furieux

380 1172 1642 101 de terre qu'il y a eu a S^t domingue, il y a eu plus de 25

383 1262 1656 79 secousses differentes, on dit touttes les maisons de pierre du Port

374 1352 1654 79 au prince renversées et quantité de maisons dans la plaine du

375 1430 1664 102 cul de sac, dieu veuille que le Papa, n'ait rien eu de facheux,

378 1509 1633 96 il a été en novembre attaqué de la diarée, mais il est mieux,

382 1583 1595 106 il n'y a encore rien de nouveau pour la plaine à jacob,

377 1675 1668 104 n'y touchant le frere de M^r Laxalde, je crois qu'il faudra

380 1768 1665 96 envoyer sur les gabares qui iront au havre a l'adresse de M^r

372 1857 1636 96 Eustache beau freres de M^r de Kersin, tout ce qu'il y aura

374 1945 1676 84 de plus pesant et ne prendre avec vous que le simple necessaires

369 2027 1645 83 comme vos hardes, la vaisselle d'argent, une partie du linge de

363 2094 1635 107 table et draps, et torchons, vos bijoux et une partie de mon linge

361 2184 1612 92 et le reste par le havre, ce qui nous couteroit beaucoup moins,

372 2263 1676 89 vous pouriés prendre une litiere pour votre sœur et vous et une

361 2327 1636 104 autre pour une femme de chambre et M^r Laxalde, avec un –

363 2403 1679 115 domestique à cheval, et tous le reste de vos gens et hardes par le

366 2499 1592 101 Carosse, vous serés bien moins fatiguée et plus honestement,
