2129 2785
674 128 1193 93 à dreux le 22 j^er a 9^h du soir 1752

612 194 718 100 1^ere Pièce cottée O.

792 269 515 97 Bezault commiss^res

430 343 1558 88 je suis arrivé icy, ma chere femme, en bonne santé apres

406 419 1597 91 avoir fait une journée assez forte, je parlerai demain a 8h

399 490 1572 90 du matin, et je compte arriver à paris ce meme jour 23^e

397 560 1634 97 de bonne heure, je commencerés par m'y bien reposer car j'en

394 642 1652 103 aurai grand besoin, apres quoy je me presenterai lorsqu'il en

388 722 1663 102 sera tems, je vous ecrirés sur le champ de paris, avec la méme

389 803 1642 95 exactitude que j'ai en sur la routte dans tous les endroits où

403 889 1633 81 j'ai couché, cependant mes Lettres ne vous arriveront pas aussi –

368 956 1677 99 a tems que je le desirerois pour vous tirer d'inquietude, parce

392 1028 1651 113 qu'il faut que les lettres attendent les jours que la poste part

383 1106 1660 114 pour la Bretagne, j'ai soupé ce soir a merveille, mais tant

369 1191 1682 117 que je voyage, je ne scaurois manger, parce que le mouvement

365 1268 1674 115 de la chaise me tracasse, toutte mon inquietude est ma chere

369 1352 1648 125 petite fille, que tu ne soit inquiet, va tout ira bien, dieu

365 1449 1593 98 est un bon pere qui soutient les honestes gens, j'embrasse

363 1528 1685 104 la chere sœur, et vous envoie touttes les deux, d'aller de recevoir

352 1629 1694 99 et oui nos amis, jusqu'au moment desiré où vous soyés aupres

358 1718 1634 92 de moy, mes compliment a nos amis et respects aux dames

363 1810 1677 119 je vais me coucher et penser sans doute a toy, je tembrasse

366 1903 1616 86 et aime de toutte mon ame, voila les sentiments de ton

365 1981 1007 112 gros lard de mari. Conflans
