4035 2825
452 306 1526 106 M^e de la galissonniere a bien fait d'icelles passer son

455 401 1538 88 chagrin à S^t Cloud, cest une grande perte que son mari

467 494 1514 77 j'aurai soin de ma santé comme vous me le recommandés

447 571 1564 89 et n'irai guerre coucher à bord, je veux comme vous le dites

445 662 1503 78 etre vice amiral et devenir ensuitte M^l de france et me

444 740 1578 98 conserver pour la M. je suis bien obliges à ma chere cousine

444 817 1537 108 je suis bien persuadé de son bon cœur, mais je ne suis point

438 910 1519 99 encore pourvû, remerciés la toujours de ma part, quand mes

434 991 927 91 nieces m'ecriront, je leur répondrai.

414 1078 1584 105 Les comtes Potoski palatins et neveux de la Reine ont dinés

419 1161 1576 113 à mon bord, je leur ai donnés une feste agréable, dont ils ont étés

416 1241 1587 107 tres contents, ils me parleront surement à la Reine et au ministre,

417 1321 1594 111 ces jeunes seigneurs sont tres bien élevés et spirituels, ils doivent

417 1401 1576 108 vous aller voir, faites leur dans ce cas les honestetés dont vous

412 1473 360 87 étes capable.

430 1547 1589 118 je suis lors aise que vous ayés bû à ma santé avec M^e la Comtesse

408 1630 1593 115 De Chabannes et que vous ayés causés un jeu sur mon compte, dites

412 1709 1605 105 lui que personne au monde ne la respecte et ne lui est plus sincerement

408 1765 574 69 attaché de cœur et d'ame.

408 1815 1579 140 dites à la chere sœur, que sa lettre m'a fait un vrai plaisir, que je

409 1884 1551 131 suis bien content de tout le bien qu'elle me veut et de son amitié;

409 1950 1515 126 qu'elle ne doit point non plus douter de mes sentimens pour elle.

408 2035 1541 126 L'affaire des Ecrivains n'est point encore terminé, jai fait sur

406 2115 1548 115 cela ce que je devois, s'en est assez mes compliments et amitiés

375 2184 1581 119 à M^rs de Baraille et Bart quand vous les voirés, je suis tres

398 2255 958 100 sensible à l'honneur de leur souvenir.

395 2333 1597 101 Le tems est fort vilan, je dine aujourdhuy chez M^de de Marolle,

398 2407 1595 110 hier nous bumes à vôtre santé chez M^r de foligny en l'honneur

394 2484 1549 99 du cordon rouge. M^r de Chorac revient aujourdhuy de bord

400 2566 1575 106 je serai fort aise de le voir, mes compliments a M^r Le

2357 280 446 108 Ch^r de Vienne.

2369 359 970 108 bonjour M. Le G. L. vous embrasse
