2080 2737
787 196 971 100 à Brest ce 10. novembre 1756

495 317 571 91 145^e Piece cottée O

431 478 1514 92 Je scavois, Ma chere M. tout ce que vous me mandés

406 549 1521 117 par votre lettre du 5 du courant, j'ignore quand je

404 640 1566 126 serai vice-amiral, je sçais seulement que les Bureaux ne

433 741 1562 123 m'aiment point et qu'ils me parvient bien du mal s'ils le

410 821 1592 146 pourvient leur folie de domination les porte à tout. je compte

417 923 1573 128 partir à la fin de cette semaine pour me rendre à Versailles

404 1024 1459 100 apres quoy j'irai me jetter entre vos bras. nos vaiss^x

408 1110 1571 121 desarment, il n'y a que les autres divisions qui sortiront,

413 1201 1534 128 vous jugés bien de la perte énorme que je fais sur mes

399 1295 1605 125 provisions anciennes, je suis obligé de les rendre à bas prix

413 1402 1571 103 parce qu'elles se trouveroient gatées au printems, et si on ne

410 1484 1612 117 me retourne pas dans ce tems, il faudra faire vendre touttes

417 1571 1521 123 les provisions que j'ai fais venir de Bordeaux quoyque ce

417 1655 1537 128 fut par ordre du ministre, ce me feroit une perte de plus

417 1756 1560 116 de dix mille livres, indépendament des grandes dépances

410 1847 1596 114 que j'ai eté obligé de faire ; Dieu me garde de malheur,

424 1936 1537 123 soyons vice amiral et cordon bleu, je serai content; plus

404 2023 1566 130 on a d'elevation, plus on est né, et plus on est aimé et

413 2118 1527 126 estimé dans son corps; s'en est assez pour être pris en

413 2203 1548 125 déplaisance par les commis; je peux vous dire avec

417 2299 1562 120 verité, ma chère enfant, que toutte la marine me porteroit

420 2388 1479 104 sur les mains, et qu'il est rare d'être dans le cas où je

417 2463 1539 132 suis. je ne scai si Duché sera gouverneur où vous dites,
