4239 2675
467 704 296 83 charmant;
814 722 34 61 on
893 710 142 79 assur
1143 726 68 63 que
1273 713 46 66 la
1398 724 284 74 coquinerie
1745 741 56 50 des
1858 726 170 72 gerents
2074 731 34 67 et

485 811 306 65 Procureurs
850 818 94 55 nous
1008 818 251 61 ramenera
1324 814 89 64 bien
1482 814 65 66 des
1610 814 228 73 habitans
1911 835 74 52 qui
2034 815 124 72 viendt

484 910 128 69 tirer
684 906 28 68 de
750 907 89 73 leur
884 906 210 71 solitude
1166 911 89 74 ceux
1322 915 77 70 qui
1460 909 79 72 ont
1598 920 113 64 pris
1749 911 56 64 les
1848 930 189 56 avances

479 1025 107 65 pour
635 1021 29 65 ne
703 1022 83 66 pas
821 1016 73 62 etre
962 1019 210 65 ruines.

680 1128 101 64 ecris
829 1133 0 56 a
891 1143 67 53 mes
997 1129 163 68 parent
1194 1141 86 56 par
1342 1142 20 50 le
1419 1150 135 50 mneme
1616 1132 211 66 navire
1962 1154 24 48 je
2067 1141 39 55 ne

488 1239 94 54 leur
641 1237 74 62 des
760 1236 89 65 pas
913 1234 153 60 encore
1150 1237 80 66 que
1289 1249 99 59 mon
1452 1237 35 73 se
1521 1243 104 69 jour
1690 1245 49 51 ici
1818 1242 50 69 est
1917 1242 223 64 prolonse

466 1347 30 52 je
561 1340 105 58 veux
737 1328 45 72 les
827 1329 255 73 preparer
1152 1341 0 54 a
1207 1352 186 46 cela.
1518 1333 85 63 cette
1683 1333 100 64 idee
1858 1334 256 71 m'affecte

446 1430 204 75 souvent
737 1441 67 55 moi
880 1435 198 62 meme,
1132 1436 121 66 mais
1297 1436 33 75 il
1406 1440 137 72 fant
1609 1442 71 70 etre
1768 1453 192 63 homme
2015 1450 43 67 et

438 1532 180 74 savoir
691 1535 365 82 s'expathoier
1134 1541 247 81 quelques
1443 1549 175 71 annees
1683 1555 121 66 pour
1850 1548 254 80 s'assurer

470 1649 38 57 un
578 1637 98 75 bien
741 1646 81 57 etre
925 1643 254 77 agreable
1266 1644 27 72 le
1358 1650 108 68 reste
1536 1648 44 67 de
1655 1654 50 69 la
1763 1667 164 60 jours.

555 1743 103 68 Ma
732 1752 277 64 confiance
1078 1763 39 55 en
1206 1769 84 50 vos
1348 1759 190 66 bontes
1590 1770 263 61 Madame
1915 1778 52 56 la

438 1834 373 80 Marechale,
871 1848 82 64 m'a
1001 1845 109 76 fait
1169 1857 174 55 entrer
1406 1853 110 70 dans
1596 1864 99 62 tous
1747 1858 41 72 le
1845 1860 176 83 details
2060 1887 64 58 que

455 1954 30 68 je
543 1955 108 63 vous
709 1962 45 55 ai
811 1959 245 71 donne,
1094 1961 49 71 ils
1201 1962 191 75 etoient
1474 1971 293 70 necessaires
1838 1977 124 72 pour
2038 1993 95 59 vous

450 2052 238 77 eclairer
750 2063 91 66 sur
897 2061 74 65 ma
1061 2066 254 70 condunite
1403 2087 116 48 avec
1608 2075 60 66 ma
1734 2076 140 74 belle
1955 2082 118 73 sur

454 2187 66 60 ma
653 2197 30 54 je
744 2181 244 66 voudrois
1054 2191 57 65 que
1160 2189 98 66 tout
1308 2198 25 62 ce
1384 2206 71 50 que
1521 2197 26 62 je
1602 2198 117 65 vous
1785 2193 42 73 ai
1877 2193 82 74 dit
2029 2210 46 50 pu

477 2289 97 60 vous
624 2285 67 67 etre
756 2287 473 78 confirmatedr
1294 2306 61 58 les
1415 2300 225 67 temoins
1688 2319 43 59 de
1790 2329 68 55 S^r
1902 2325 239 66 Domingue

1962 2429 166 52 comme

2394 716 103 67 vous
2542 732 175 54 pouves
2761 722 67 62 ette
2900 720 237 69 informee
3177 743 14 45 a
3244 728 130 64 Paris
3473 738 71 53 que
3629 737 76 62 j'ai
3772 732 233 70 toujours

2404 824 62 66 ete
2519 824 188 66 eememe
2793 833 53 56 des
2889 829 317 67 tracasseries
3264 839 34 50 et
3365 835 245 64 etrangers
3663 842 82 57 aux
3822 845 216 58 mauvais

2405 909 281 74 Procedes.
2805 924 78 56 mon
2954 915 182 70 amitie
3206 918 56 69 ma
3326 921 226 73 tendresse
3633 935 115 55 pour
3808 935 66 60 mes
3929 937 120 63 surs

2420 1021 33 56 et
2541 1029 73 44 mes
2667 1031 166 51 amis,
2878 1023 309 59 l'intrnnite
3272 1032 103 42 avec
3424 1028 36 56 la
3539 1030 136 61 quelle
3719 1038 103 51 j'ai
3884 1040 81 54 veu
4041 1038 85 57 avec

2411 1115 96 71 ches
2582 1117 310 75 camarades
2972 1119 234 74 pendant
3280 1122 242 74 quatorze
3612 1123 199 66 doivent
3889 1141 28 59 je
3958 1142 103 58 crois

2374 1217 206 77 plaider
2645 1231 38 51 en
2753 1238 49 57 ma
2845 1219 184 76 sjaveur
3115 1235 33 58 et
3213 1220 238 71 detruire
3527 1233 27 64 ce
3591 1245 71 48 que
3748 1245 54 52 ma
3873 1229 113 65 belle

2395 1324 130 72 sur
2601 1344 124 53 vous
2795 1338 176 69 ecrira
3030 1330 112 58 sant
3207 1325 153 71 doute
3430 1327 136 79 ainsi
3629 1329 114 77 qu'a
3824 1327 259 79 beaucoup

2399 1432 245 77 d'autres
2704 1436 123 71 pour
2922 1426 205 79 noircir
3205 1443 94 58 mon
3371 1430 322 70 caractere.

2489 1573 208 62 Agrees
2773 1568 61 69 mes
2889 1560 203 73 excuses,
3129 1560 237 76 Madame
3415 1561 33 73 la
3502 1562 359 78 Marechale
3962 1593 67 51 sup

2381 1668 68 66 une
2516 1667 125 75 lettre
2730 1686 125 49 ausse
2938 1681 256 56 longue,
3224 1674 32 64 et
3302 1674 199 70 daignes
3563 1685 208 70 recevoir
3827 1682 319 76 favorableur

2372 1769 50 62 les
2462 1769 335 69 temoignages
2852 1784 35 43 de
2967 1776 45 51 ma
3077 1775 400 66 reconnoissance
3572 1779 31 61 et
3652 1777 100 70 ceux
3832 1794 95 53 ses

2367 1875 333 64 sentiments
2780 1877 313 66 respectueux
3169 1886 101 59 avec
3307 1884 195 56 lesquele
3552 1895 87 60 j'ai
3723 1888 285 73 l'honneur

2374 1973 159 86 d'etre
2620 1984 120 70 votre
2809 1981 81 64 tres
2953 1978 213 74 humble
3223 1988 26 58 et
3328 1983 90 70 tres
3460 1981 203 86 obeiss^.
3723 2010 170 58 Ser.

3041 2125 41 61 Le
3121 2109 104 77 V.
3321 2141 41 51 de
3412 2114 383 86 Montulle

2328 2276 51 98 Ce
2449 2277 72 102 6.
2584 2278 164 95 Mars
2790 2296 187 84 1788.
3102 2313 2 56 A
3215 2300 319 91 Leogane.
