2189 2524
652 99 68 45 du
793 99 213 50 chaleau
1079 99 32 39 de
1170 99 272 60 bonneguise
1506 99 27 42 le
1597 99 0 40 3
1661 99 132 44 avril
1846 99 93 58 1781

601 203 125 77 CGETRI

587 269 100 54 prenion
706 267 100 56 sinanile

677 302 30 35 Dee

635 321 101 64 ARIINE

1239 277 1 50 a
1365 258 117 67 Piece
1560 234 151 82 cottée
1813 262 2 43 M

424 541 95 63 J'ai
567 550 103 60 relue
750 530 232 83 Madame
1064 531 35 88 la
1166 528 258 86 Marechale
1505 530 28 70 la
1594 528 103 90 lettre
1750 534 56 84 que
1859 551 97 44 vous

437 623 138 64 mavés
627 620 69 71 fait
769 616 210 83 l'honneur
1045 612 33 76 de
1137 616 181 73 m'ecrive
1383 616 33 69 en
1463 614 192 70 reponsse
1740 624 64 53 aux
1851 621 156 53 papiers

420 706 62 51 que
547 711 28 57 je
631 708 95 55 vous
775 704 28 51 ai
874 707 206 60 envoyez,
1112 689 278 78 concernant
1466 688 134 74 Melles
1643 688 29 64 de
1727 687 278 68 Maisonseule

426 786 0 45 a
511 796 30 35 la
616 776 105 68 qu'elle
791 789 101 55 vous
927 795 110 47 savés
1101 772 76 69 bien
1251 772 121 68 voula
1452 783 160 55 joindre
1682 771 106 63 votre
1828 769 260 69 reconnoissanc

430 858 38 51 au
526 858 57 53 dos
653 843 31 74 de
741 842 32 71 la
824 849 95 69 notte
1002 855 50 54 qui
1116 840 165 78 relattoit
1344 844 46 75 les
1437 838 73 83 dits
1552 856 192 63 papiers,
1787 833 91 83 dont
1920 840 27 67 je
1983 837 78 56 vous

421 928 98 53 suis
574 922 75 66 tres
695 924 185 68 obligé.

428 1002 122 67 Vous
589 1014 39 61 me
689 1003 211 72 paroisses
955 1001 206 74 surprise
1232 1001 233 72 Madame
1553 1012 34 51 de
1631 1015 34 50 ne
1708 1001 79 62 plus
1819 1010 162 49 trouver

412 1090 31 69 en
506 1090 102 51 nous
664 1086 44 55 les
753 1095 137 52 mêmes
942 1103 241 51 sentements
1230 1103 64 51 qui
1341 1102 94 50 nous
1469 1081 66 62 ont
1587 1079 177 72 toujours
1793 1090 165 55 aemner
2004 1081 72 63 pour

417 1169 73 48 ses
537 1157 187 71 enfans;
786 1162 120 61 mais
974 1182 31 43 je
1052 1182 99 44 vous
1198 1182 26 44 en
1271 1155 119 71 laisse
1462 1156 22 60 le
1540 1169 142 55 juge.
1785 1172 110 50 sans
1936 1160 84 56 vous

425 1250 211 47 Jatiguer
724 1259 84 47 par
862 1263 59 45 une
984 1261 168 54 repition
1236 1264 151 52 jncibile
1446 1267 55 49 des
1543 1260 232 54 premieres
1823 1247 182 69 mlaintes
2032 1247 53 59 que

428 1327 87 55 J'ai
572 1327 68 55 crû
706 1337 121 47 devoir
902 1346 108 52 vous
1065 1348 222 50 adresser,
1329 1331 35 65 et
1416 1337 58 59 qui
1526 1323 304 72 certainement
1881 1333 83 58 sur

421 1401 217 68 L'article
709 1400 36 75 de
815 1400 362 83 l'independance
1253 1428 107 51 vous
1402 1429 41 49 ne
1496 1429 146 47 pouvés
1679 1404 163 68 trouver
1890 1404 52 57 que
1983 1386 64 75 trop

420 1476 136 69 foudé
622 1493 104 56 ainsi
786 1507 68 51 que
951 1498 68 57 sur
1053 1480 21 73 le
1140 1496 232 66 jugement
1425 1492 148 71 qu'elles
1611 1491 34 68 se
1684 1483 108 77 sont
1842 1484 156 82 pressés
2020 1486 32 59 de

418 1549 160 67 porter
642 1571 130 56 contre
829 1578 138 54 nous,
1008 1598 41 54 en
1114 1598 89 57 nous
1248 1579 232 78 attribuant
1570 1572 172 78 d'autres
1798 1560 149 88 mosifs
1992 1563 64 84 que

411 1639 112 63 celui
588 1639 35 63 de
682 1651 76 51 leuur
819 1644 134 74 jnteret
1027 1649 225 75 personnel
1349 1674 70 50 qui
1468 1674 99 50 nous
1612 1674 1 50 a
1669 1641 180 83 conduit
1917 1658 99 63 dans

409 1706 120 70 toutes
583 1707 55 69 les
697 1735 237 58 occasions
979 1730 35 69 et
1077 1733 402 69 particulierement
1571 1745 103 58 dans
1714 1724 69 82 celle
1823 1734 58 73 ce.
1920 1720 24 79 la
1977 1721 139 81 reponsse

413 1793 68 64 que
546 1794 57 61 ma
678 1791 67 73 fait
809 1792 80 67 leur
930 1818 83 53 pere
1078 1821 62 49 qui
1189 1829 77 46 leur
1326 1829 0 46 a
1402 1822 148 55 passer
1614 1817 83 49 par
1725 1797 43 62 les
1811 1803 144 69 mains
2001 1799 76 68 doit

415 1883 43 53 ls
497 1883 280 53 convaintre
840 1891 111 60 asses
1001 1896 299 58 aujourdhuey
1372 1901 25 45 de
1459 1901 31 45 la
1555 1871 177 78 fausseté
1780 1871 30 65 de
1853 1880 80 62 leur

406 1947 203 65 opinion
678 1965 2 40 a
743 1950 34 69 cet
830 1946 154 77 egard.

1060 1975 120 58 mais
1250 1975 0 56 a
1306 1979 150 50 ajouler
1536 1981 0 46 a
1589 1956 112 70 toute
1765 1946 307 72 lerregularité

402 2013 40 72 de
504 2013 70 66 cette
633 2014 192 79 conduitte
910 2048 20 52 je
991 2048 91 50 vous
1127 2048 109 48 divai
1291 2024 30 79 de
1371 2026 91 78 plus
1518 2020 239 81 Madame
1840 2048 65 49 que
1942 2037 70 49 sur

402 2087 24 67 le
489 2087 162 79 compte
707 2099 59 57 que
810 2108 65 61 j'ai
926 2110 1 53 a
978 2094 75 64 leur
1097 2094 135 77 rendre
1310 2099 31 72 de
1408 2101 202 79 l'argent
1684 2107 70 76 que
1817 2121 64 55 ma

416 2168 153 83 passer
626 2184 74 71 par
738 2179 40 58 les
835 2191 139 69 mains
1025 2193 113 63 pour
1169 2177 54 77 elle
1340 2175 144 90 quelles
1523 2174 190 84 devoient
1768 2177 90 73 bien
1899 2179 135 63 croire
