3750 2525
172 411 56 85 que
286 415 33 75 je
377 401 129 83 sevoit
551 402 76 89 tres
665 404 219 89 empressés
943 396 39 76 de
1034 395 84 80 leur
1177 408 182 70 remettre
1434 392 31 79 et
1517 389 258 92 aussifidel

178 499 70 79 que
308 497 80 75 peut
445 497 67 71 leur
568 498 140 82 rendre
776 517 56 60 M^r
879 494 221 83 levoulx,
1140 496 90 78 elles
1291 502 29 71 se
1365 493 113 77 sont
1530 488 202 80 adresser

187 585 2 56 a
233 578 54 65 lui
342 592 107 60 pour
485 578 133 70 lavoir
680 575 265 85 directement
1009 591 28 59 en
1080 577 60 76 lui
1209 580 203 73 donnant
1460 563 121 85 ordre
1627 562 31 73 de
1706 571 36 54 ne
1784 570 36 53 me

193 657 97 53 plus
332 659 63 50 rin
443 656 97 73 faire
597 664 136 62 passer
804 678 101 50 pour
959 663 84 64 elles
1081 677 1 43 a
1141 653 30 71 la
1202 661 108 59 venir
1442 672 40 43 je
1546 661 119 55 vous
1701 653 97 50 avon

183 723 66 83 que
292 724 22 61 ce
369 737 163 70 derner
587 728 195 75 procedé
838 760 46 49 ma
940 761 110 50 para
1114 762 84 53 plus
1242 763 65 48 que
1389 733 53 75 les
1479 730 123 84 atres
1640 731 187 88 offentant

193 798 157 75 C'etoit
418 799 85 71 bien
569 829 96 48 mon
737 809 203 76 jntention
1011 815 24 67 et
1091 811 29 69 il
1167 818 120 67 alloit
1341 811 30 73 de
1419 802 120 82 droit
1617 822 79 50 par

172 885 384 79 Letablissement
660 887 27 74 de
750 895 138 67 Lainé
945 886 148 75 qu'elles
1161 882 227 76 jouissent
1471 873 97 78 elles
1625 894 148 53 mêmes

192 972 32 56 de
282 973 105 54 leeurs
440 969 234 62 revenus;
739 989 139 51 mais
961 979 201 56 j'aurois
1202 977 81 58 crû
1350 957 139 73 qu'elles
1534 947 213 79 auroient

189 1038 197 70 attendue
464 1039 37 68 de
559 1062 20 40 le
638 1067 104 46 tenir
819 1044 32 69 de
913 1067 85 46 moi
1062 1052 25 63 ce
1146 1063 64 50 qui
1265 1055 197 55 n'auroit
1535 1051 80 61 pas
1654 1054 89 47 plus

189 1106 143 73 tardé
402 1112 68 70 que
532 1120 116 68 notre
705 1124 345 71 consentement
1133 1142 18 53 à
1204 1143 48 53 un
1306 1115 350 84 etablissement
1713 1119 56 76 que

196 1192 209 64 aussitot
484 1192 65 72 que
609 1212 108 57 nous
778 1216 35 48 en
879 1222 136 53 avons
1071 1211 140 65 connâ
1282 1235 53 37 les
1383 1226 280 53 avantages
1710 1225 1 45 a
1753 1213 78 59 suive

208 1266 450 78 jmmediattement
753 1275 37 77 la
867 1296 213 63 reception
1166 1285 23 72 de
1257 1307 58 51 vos
1372 1291 172 78 lettres,
1613 1311 34 49 je
1705 1307 34 55 ne

185 1354 113 67 puis
366 1361 296 74 m'empecher
755 1364 31 74 de
844 1383 83 55 voir
1002 1385 90 57 par
1150 1370 88 73 celle
1308 1371 136 77 qu'elles
1496 1374 72 70 ont
1637 1378 102 64 Ecret

181 1435 4 56 a
242 1431 87 60 M^r
382 1432 25 63 le
444 1433 121 69 roulx
655 1455 63 51 une
789 1441 120 66 sorte
990 1442 32 71 de
1077 1457 218 57 mefrance
1371 1450 144 72 qu'elles
1560 1453 238 62 n'auroient

194 1508 215 73 jamais
463 1507 61 80 dû
585 1535 54 52 me
706 1514 124 79 faire
899 1518 256 77 Connoitre
1251 1548 26 52 ne
1354 1533 192 73 l'aiant
1589 1539 60 53 pû
1692 1534 143 60 meriter.

216 1586 129 73 Vous
402 1587 302 83 conviendrez
799 1590 235 83 Madame
1112 1594 36 74 la
1232 1616 270 59 marechale
1580 1622 66 52 que
1712 1603 66 67 cest

156 1667 269 72 manquer
499 1669 411 83 essentiellement
998 1681 0 71 a
1075 1672 42 81 la
1188 1677 399 78 reconnoissance
1657 1676 132 73 qu'elles

178 1751 105 55 nous
344 1753 260 72 devoient,
686 1766 39 62 je
777 1780 39 54 ne
896 1759 141 83 doutes
1085 1772 81 73 pas
1214 1782 77 64 que
1360 1789 114 47 vous
1511 1778 34 58 ne
1581 1785 23 39 le
1656 1766 111 56 voyez

175 1811 26 73 de
264 1816 132 77 même
468 1826 46 76 et
581 1819 219 97 combien
881 1837 90 77 cette
1058 1832 260 87 demarche
1411 1825 137 85 blesse
1594 1826 29 80 la

180 1876 40 81 de
245 1884 23 79 le
292 1893 163 82 Catesse

598 1941 41 56 je
696 1940 37 49 la
814 1944 201 52 soumets
1082 1927 232 69 volontiers
1369 1945 1 43 a
1446 1935 110 55 votre
1611 1925 115 51 façon

178 2001 45 65 de
281 2005 133 67 pense
503 2015 80 58 qui
626 2020 202 54 toujours
906 1997 116 76 juste
1094 1996 38 73 et
1189 1994 196 77 honnête
1454 1994 28 66 le
1545 1994 151 70 sentera

196 2061 236 83 d'autant
493 2090 228 57 mieux.

191 2160 184 99 quand
447 2174 51 67 au
568 2174 283 86 procureur
931 2198 2 68 a
1005 2198 75 70 qui
1129 2183 99 85 elles
1277 2181 33 73 se
1360 2172 107 92 sont
1538 2173 185 84 adresser

1941 448 116 60 pour
2129 458 55 58 me
2243 457 114 52 faire
2421 465 262 51 demandir
2767 453 99 66 leeurs
2910 459 208 61 papiurs,
3176 457 31 59 ce
3250 467 75 49 que
3389 455 100 52 vous
3522 457 80 53 aves

1933 515 38 69 la
2034 513 146 83 bonté
2250 514 38 69 de
2364 538 44 45 me
2471 541 78 52 dire
2618 544 1 43 a
2705 531 41 67 cet
2826 543 140 64 Egard
3055 554 38 55 me
3162 519 128 92 seffit
3358 533 103 78 pour
3503 520 53 69 les

1941 595 185 70 excuser
2195 595 74 77 sur
2327 594 227 81 l'article,
2588 605 25 79 il
2671 607 79 84 n'en
2825 603 103 92 pert
2998 629 91 68 pas
3134 617 72 82 être
3270 615 43 68 de
3377 631 133 60 meme

1939 680 133 68 pour
2120 678 52 72 les
2212 683 145 76 autres

2538 720 62 45 Le
2678 712 117 65 veux
2893 705 160 67 croire
3123 699 150 71 quelles
3314 717 38 48 en
3412 695 76 67 ont
3547 694 44 55 du

1955 770 180 85 regrêt
2218 780 204 77 puisque
2522 798 115 54 vous
2717 798 48 51 me
2831 770 115 87 faites
3027 768 263 87 l'honneur
3355 770 30 71 de
3449 781 50 61 me
3543 769 23 68 le

1951 833 94 77 dive

2192 879 176 58 mais
2438 882 149 57 nous,
2645 897 129 49 nous
2839 895 35 64 ne
2933 883 225 72 pouvons
3219 861 144 91 qu'etre
3414 853 196 82 sensible

1948 953 0 56 a
2061 960 101 51 leurs
2214 949 235 75 conduitte
2535 974 157 64 envers
2743 983 108 55 nous
3052 980 55 57 je
3188 954 85 81 n'en
3331 959 97 80 vois
3479 960 97 75 pas

1957 1032 190 69 moins
2219 1057 103 54 avec
2406 1038 323 89 satisfaction
2865 1046 207 90 l'interit
3169 1067 85 60 que
3321 1061 114 61 vous
3477 1059 96 59 vous

1954 1104 93 71 bien
2110 1111 213 85 prendre
2385 1147 3 46 a
2451 1120 153 82 illes,
2667 1138 37 72 et
2770 1150 31 61 je
2878 1163 121 47 vous
3040 1167 115 50 prie
3243 1146 134 69 meme
3446 1133 39 70 de

1960 1178 115 87 leurs
2129 1187 277 89 contenuer.

2525 1231 62 76 ces
2642 1251 117 62 dans
2792 1228 49 70 les
2881 1217 283 93 sentiments
3214 1228 73 81 que
3352 1219 83 82 j'ai
3476 1210 68 69 l'un

1970 1260 114 74 d'être
2154 1294 98 57 avec
2316 1277 105 86 bien
2478 1279 41 85 de
2572 1286 356 94 lattachement

1972 1335 256 92 Madame

2273 1367 65 73 La
2405 1377 275 79 Marechale

2796 1392 143 90 Vôtre
3019 1391 82 95 tres
3141 1388 190 97 huemble
3373 1398 32 79 et
3447 1386 80 81 tres

1984 1456 322 68 obeissante
2387 1458 254 96 servante
2725 1485 68 73 Le
2846 1498 143 61 maire
3066 1476 42 83 de
3138 1462 315 97 bonnequise

1993 1559 68 68 Mr
2116 1560 35 66 de
2206 1561 298 81 bonnegaise
2571 1588 113 60 vous
2721 1588 141 62 assure
2924 1574 28 74 de
3008 1595 79 48 son
3137 1594 157 61 respect
3361 1582 125 70 ainsi
3522 1577 70 65 que

1986 1640 82 78 mes
2103 1639 168 78 dames
2318 1641 76 78 De
2423 1641 142 74 bager
2621 1655 24 63 et
2706 1641 161 76 degan
2947 1665 0 47 a
2996 1665 68 51 qui
3125 1665 31 39 je
3205 1655 111 49 vous
3371 1642 99 72 prie
3524 1641 38 69 de

1975 1721 93 48 dire
2133 1720 246 84 beaucoup
2449 1743 149 63 pour
2651 1740 79 62 mol
2791 1728 30 76 et
2882 1735 74 76 nos
2997 1722 355 89 compliments
3398 1740 2 48 a
3441 1734 38 54 les
3509 1728 169 61 Messieure
