4010 2771
409 233 26 64 il
493 235 41 66 me
597 227 151 77 semble
805 239 105 60 vous
962 246 109 49 avoir
1149 226 162 74 mandés
1368 225 27 69 la
1462 225 105 68 mort
1629 221 37 69 de
1723 222 104 73 M^r

398 320 33 73 de
491 310 199 76 Cherac,
721 327 94 53 vous
869 307 126 73 auriés
1044 306 50 73 dû
1156 308 56 69 lui
1255 313 31 73 en
1342 303 112 88 faire
1510 321 74 66 une
1634 301 205 86 polstesse

397 392 93 77 dans
535 406 66 63 vos
653 391 138 67 lettres.
876 387 112 74 M^de
1047 386 203 92 hocquart
1309 393 46 57 est
1420 394 105 58 morte
1583 395 28 79 il
1655 389 2 85 y
1695 403 2 70 a
1740 392 81 81 deja

391 480 167 80 quelque
617 477 120 63 tems,
777 472 79 79 j'ai
903 471 83 85 fais
1028 478 54 71 vos
1123 479 303 79 compliments
1480 487 18 49 à
1551 484 36 71 ce
1635 474 95 77 sujet
1777 471 12 65 à
1831 471 59 62 M^r

398 546 28 73 et
481 546 112 73 M^de
658 547 295 71 L'intendante
1014 549 61 66 elle
1120 552 39 68 est
1209 558 116 65 morte
1369 570 167 53 comme
1580 552 311 74 paraletique,

396 638 23 51 et
464 638 33 63 ne
531 640 185 66 pouvant
772 638 101 70 pour
924 635 95 61 ainsi
1081 630 67 61 dire
1199 632 163 66 parler,
1401 633 68 66 elle
1507 649 0 52 a
1579 634 92 80 fait
1743 635 89 72 bien

386 706 62 68 des
497 709 152 69 exeuses
686 713 30 62 et
771 701 171 84 amitiés
989 702 20 89 à
1050 703 32 88 sa
1136 706 103 75 belle
1287 705 141 89 sœur,
1476 717 142 77 qu'elle
1659 715 1 63 a
1707 713 147 73 comme

392 789 86 65 vous
537 775 133 80 scavés
723 777 80 61 bien
878 780 305 73 tourmentes,
1235 809 97 45 son
1395 795 114 65 mari
1556 802 54 66 est
1668 796 118 73 parti
1834 793 91 78 depui

398 857 73 63 peû
521 856 90 58 pour
678 851 34 73 sa
768 854 107 60 lerre
937 860 34 62 en
1026 857 238 70 normandie
1329 867 19 71 il
1396 870 2 67 a
1453 867 69 66 été
1593 866 136 82 touché
1778 883 52 62 au

402 922 199 78 possible,
624 930 22 54 et
685 939 33 54 en
773 932 51 63 est
867 933 340 80 inconsolable,
1255 942 96 73 tant
1388 939 30 76 il
1466 950 52 67 est
1556 942 100 78 vrai
1700 954 66 71 que
1811 946 116 70 l'amois

396 1012 47 53 est
495 997 218 76 aveugle.
796 1010 37 50 on
890 1002 70 67 doit
1030 1005 158 73 carener
1238 1014 309 79 aujourdhuy
1607 1025 214 71 L'aapollon

392 1079 62 69 qui
494 1072 46 71 est
585 1069 131 74 donné
767 1093 11 47 à
835 1079 80 59 M^r
983 1076 30 63 Le
1067 1075 88 75 Ch^r
1204 1078 37 78 de
1289 1082 195 89 Rohan,
1516 1108 25 64 il
1596 1097 76 77 sera
1732 1103 31 72 de
1817 1121 65 55 mon

381 1146 204 81 Escadre,
620 1161 34 69 on
718 1152 140 76 finira
922 1158 76 65 cette
1043 1156 183 80 fenaine
1282 1164 32 67 la
1363 1165 148 74 revene
1579 1171 60 77 des
1701 1175 135 75 Vaiss^x

404 1235 24 74 il
470 1236 0 78 y
512 1252 0 51 a
578 1253 42 44 un
681 1234 114 85 bruit
849 1241 60 79 qui
956 1250 110 72 cours
1124 1252 69 73 que
1251 1241 26 84 le
1341 1242 86 67 Roy
1491 1246 296 76 D'augleterre
1828 1252 49 71 est

416 1320 105 56 mort,
582 1314 39 64 sa
682 1313 254 65 déclaration
985 1319 31 62 de
1068 1333 130 69 guerre
1240 1326 53 77 est
1334 1335 96 67 assez
1484 1333 244 78 Ridieule.

398 1380 23 60 il
470 1386 111 55 vient
631 1386 211 78 quelsques
885 1387 162 79 officiers
1095 1391 152 85 suedois
1299 1401 114 79 seroir
1483 1408 78 73 sur
1616 1404 67 71 ars
1750 1404 44 68 V^.

415 1459 88 74 mais
550 1457 30 76 je
638 1460 190 75 n'entend
872 1475 108 74 point
1036 1472 143 77 parler
1237 1475 30 64 de
1325 1471 124 85 leurs
1495 1481 230 76 ecadres.

404 1548 90 59 nous
539 1542 224 66 attendons
821 1560 26 65 la
895 1553 107 75 prise
1062 1554 36 71 du
1184 1554 86 72 Port
1338 1559 199 81 Mahon,
1614 1588 26 52 je
1697 1589 32 40 ne
1774 1590 96 42 crois

391 1633 70 61 pas
519 1627 64 65 que
630 1616 238 75 l'Escadre
919 1627 166 58 anglois
1146 1634 90 64 aille
1280 1631 205 84 attaquer
1548 1637 99 79 celle
1710 1645 30 62 de
1786 1642 81 68 M^r

381 1689 33 64 de
467 1706 27 49 la
573 1690 333 89 galissonniere,
949 1702 103 68 ainsi
1115 1706 91 74 tout
1259 1713 39 85 le
1346 1722 253 85 terminera
1651 1726 260 84 searlement,

458 1785 60 68 Je
571 1795 92 58 vous
709 1795 227 87 embrasse,
958 1811 89 66 vous
1097 1810 128 81 aime,
1249 1821 36 65 et
1329 1823 96 60 vous
1460 1816 179 82 cherie,
1672 1841 86 64 Ma
1791 1839 99 58 chere

386 1872 29 59 et
455 1867 75 54 bien
587 1866 167 75 aimée,
799 1874 30 58 et
877 1873 215 80 n'espire
1171 1882 107 72 qu'à
1313 1885 73 77 etre
1435 1906 167 61 aupres
1652 1897 36 73 de
1744 1915 92 53 vous
1876 1915 0 55 –

385 1947 24 53 et
458 1944 19 72 à
516 1953 40 49 ne
595 1950 98 74 vous
736 1950 99 75 plus
878 1951 163 70 quitter,
1093 1961 100 77 mais
1229 1963 27 77 il
1297 1977 43 61 me
1400 1973 108 74 faut
1560 1997 312 56 auparavant

391 2027 181 75 quelque
620 2028 137 79 action
822 2032 176 77 d'Eclat,
1050 2045 61 71 qui
1146 2045 127 76 puille
1314 2053 197 84 terminer
1577 2074 35 57 la
1667 2085 180 60 guarre.

397 2115 72 62 bon
525 2107 91 77 jour
666 2107 122 87 chere
831 2114 164 82 petite,
1029 2136 125 62 aimés
1202 2131 195 83 toujours
1452 2138 30 72 le
1555 2147 64 71 G.
1671 2150 64 77 L.

619 2359 49 48 art
729 2359 35 41 te
822 2359 100 63 marie
964 2371 79 62 avec
1086 2373 106 70 M^re
1239 2379 156 84 huguet
1450 2414 16 55 à
1510 2401 289 87 Danherque,
1822 2423 45 59 des

396 2397 121 76 Riche
552 2410 27 63 et
640 2413 84 58 bien
789 2427 154 62 élevée,
970 2442 214 90 temoignés
1220 2456 61 81 lui
1319 2464 99 89 vôtre
1462 2489 135 71 poye,
1634 2484 26 70 il
1722 2496 88 61 m'en
1860 2501 1 51 –

405 2477 117 70 écris,
547 2484 93 91 a'est
687 2496 41 98 me
783 2504 128 79 grand
955 2509 161 112 bonheur
1158 2540 112 83 pour
1323 2556 88 93 luy

2550 809 1 66 ※

2643 503 9 87 5

2657 1234 0 37 L

2986 477 6 48 L

3062 2280 97 105 trir,
3202 2279 31 99 je
3291 2284 179 106 mangen
3601 2306 128 90 jmme
3764 2322 38 68 je

2943 2378 238 59 ontancore
3238 2376 321 72 d'augmenter
3611 2396 89 54 mon
3739 2392 147 60 Escadre

2756 2438 79 72 cela
2895 2439 45 61 du
2995 2441 188 79 Canon,
3216 2451 22 72 je
3299 2447 179 80 n'entand
3521 2453 94 76 plus
3660 2458 155 71 parler

2659 2541 1 61 y
2715 2520 56 69 des
2831 2520 176 90 Danois,
3061 2521 62 88 s'il
3165 2534 213 73 viennent
3432 2533 49 77 ils
3535 2523 129 86 seront
3718 2525 49 75 les
3803 2526 80 79 bien
