2688 3728
609 316 1587 154 datée du même jour, payoit une pension annuelle de

640 441 1531 149 600^lt qui n'a pas été acquittée depuis longtemps.

625 561 1501 139 Les secours que l'hospice de la Charité a recu du

615 675 1581 163 Gouvernement jusqu'en l'an 9, l'ont à peu près dédommagé

613 801 1587 155 du non payement des pensions qui avoient été promises.

625 925 1503 139 Mais la Cessation de ces secours, que je n'ai pû

609 1056 1546 130 Continuer, faute de fonds affectés à cet objet, à

611 1176 1556 128 donné lieu à la réclamation que cet hospice forme

621 1304 1505 139 qujourd'hui, et qui ne paroit d'autant plus fondée,

617 1424 1559 150 qu'il n'a qu'un faible revenu, destiné à l'entretien de

617 1549 1561 165 quelques lits de malades, et qui ne peut être affecté

617 1679 1573 164 à une depense étrangère à celle qu'exige le soin de

590 1832 1540 123 ces malades. Comme il ne pas juste, d'ailleurs,

601 1948 1583 137 de laisser à la charge de l'hospice ci-dessus un

588 2081 1573 135 individu à la nouttiture et à l'entretien duquel le

586 2226 1606 141 Gouvernement s'est engagé de pourvoir, je ne peux

621 2350 1594 147 Mon cher Collegue, que vous inviter à faire payer

627 2506 1553 132 à cet hospice ce qui peut être échu, à compter

609 2628 1610 153 du 1^er Vende^re aug de la pension de 600^lt que

634 2760 1583 156 étoit affectée sur les fonds de la marine.

609 2901 1612 172 Je vous prie de prendre ma demande en
