2432 3632
133 112 514 136 S^t Domingue

744 129 1044 139 A Versailles le 26. Juin 1767

466 360 1781 178 Le Roy ayant bien voulu Monsieur, faire grace

625 524 1625 145 au Nommé Jacques Augerant soldat Deserteur de La Légion

621 663 1627 119 de L'Isle de france qui a été condamné par contumace à passer

619 776 1619 115 par les armes par Jugement du Conseil de guerre tenu au Fort

609 889 1641 125 Louis le 8. Avril dernier, sa Majesté Lui a en conséquence

609 1006 1633 134 fait expédier le Brevet ci-joint sous la condition qu'il servira

599 1125 1653 134 pendant sa vie dans la Légion de S^t Domingue: ce

629 1240 1623 142 Déserteur qui est actuellement détenu dans les prisons

605 1372 1645 129 du Mans sera incessament conduit par la Marechaussée

613 1501 1631 137 à Nantes où je donne les ordres nécéssaires pour qu'il soit

589 1628 1649 131 Embarqué et Consigné à bord du premier Batiment qui fera

625 1711 1576 133 Voile pour S^t Domingue, Le Capitaine de ce

603 1820 1625 135 Batiment sera expressement chargé de remettre à Votre

605 1939 1629 129 disposition ce déserteur dont vous luii donnerez un Recu

595 2056 1651 141 Aussitôt son arrivée dans la Colonie, vous ferés assemblez

607 2177 1629 151 le Conseil de Guerre pour que son Brevet y soit enthétiné

611 2312 1617 139 et qu'il Jouïsse suivant les intentions de sa Majesté

603 2423 1310 125 de la Grace qu'Elle a bien Voulu lui accorder.

758 2540 1478 131 J'ai l'honneur d'être très parfaitement, Monsieur,

591 2663 1528 131 Votre très humble et très Obeissant serviteur.

1263 2834 835 122 Le duc de Praslin

96 3297 913 175 M. Le B^on de S^t Victor
