2528 3736
199 186 494 133 Du 20 mai 1787

199 367 388 129 Lettre du même jour

211 533 341 104 Remis extrait

614 369 584 141 Daillebout

830 539 1492 116 Le supérieur de la Charité d Senlis accuse

662 645 1639 106 la réception de l'ordre du Roi pour recevoir et

756 736 1568 85 traiter dans sa Maison le S. Daillebout Lieut^t

770 821 1548 119 en 2^d des troupes de Cayenne dont l'esprit est

756 940 1572 101 aliéné, il marque en même tems que les pensions

768 1027 1369 102 à la charge du Roi sont de 600^lt; mais

772 1133 1539 106 qu'ordinairement les parents payent un

768 1218 1556 114 suplément de 2 ou 300^lt et se chargent aussi des

766 1324 1537 93 frais d'entretien comme ceux du S. Daillebout

768 1423 1558 88 sont hors d'état de contribuer à ces frais, il laisse

772 1531 1539 106 à la justice de Monseigneur d'accorder la somme

776 1633 1313 112 qu'il voudra ordonner lui être payée.

992 1818 1336 95 Le Département de la Guerre ne paye que 600^lt de pension

1013 1897 1311 91 pour les Officiers détenus à la Charité de Senlis et il

1011 1971 1259 90 n'est accordé aucun suplément pour l'entretien. si le

1007 2050 1286 91 Prieur de cette Maison ne peut pas prendre le S.

1015 2133 1280 83 D'aillebout pour le prix de 600^lt, On pourra faire

1024 2204 1287 99 transféretr cet Officier à l'hopital de S. Venant ou

1030 2293 1281 85 il sera traité et entretenu pour cette somme. On joint

1028 2376 1281 91 en conséquence une réponse que Monseigneur est

1026 2445 791 120 prié de signer s'il l'approuve ※

1630 2596 262 193 Approuvé

1044 215 549 162 Colonies.
