2784 3632
625 359 1650 139 Administrateurs de l'hospice, de Senlis ce qui

631 480 1642 115 àtait dû par la Marine pour la pension du

627 575 1619 119 S^r Daillebout en observant, toutefois, que les

623 671 1640 128 Secours donnés par le Gouvernement à l'hospice

631 795 1664 123 jusqu'en l'an 9 avaient à peu près dédommagé

615 897 1656 103 cet hospice du non payement des pensions qui

629 996 1660 103 avaient àtà promises et que c'était à compter du

629 1091 1678 103 1^er Vendémiaire an 9 que le payement de la pension

615 1198 1181 99 du S^r Daillebout devait être repris

801 1289 1456 105 La réclamation dont il s'agit fut

619 1392 1638 107 renvoyée au Bureau des hôpitaux. Elle a été

627 1481 1676 125 l'objet de deux rapports au Ministre de la Marine

633 1592 1666 113 les 10 Messidor an 10 (29 Juin 1802) et 6 Brumaire

631 1696 1609 109 an 11. (28. 8^bre 1802). (1) mais il résulte des

631 1799 1632 99 informations que l'on a recueillies au Bureau

635 1892 1662 115 des hôpitaux qu'il n'a pas été pris de décision

633 2005 667 105 définitive attendu

470 2092 1829 119 1° que d'après la législation existante la pension du

688 2205 1599 93 S^r Daillebout n'ayant pas été inscrite au

694 2300 1526 117 grand livre d'était èas susceptible d'être

684 2431 311 85 payée;

464 2514 1782 103 2°Qu'en convertissant cette pension en dépense

684 2602 1593 113 courante on ne pourrait déterminer sur quel

684 2715 977 93 fonds elle serait imputée.

692 2847 1577 119 La Loi du 22 Aout 1790 a supprimé toutes

607 2964 1672 109 les pensions alors existantes et les a soumis

2079 3192 141 66 à

142 1552 433 152 (1) Ces deux rapports et

171 1688 404 73 les pièces qui y ont donné

171 1737 333 81 lieu sont ci jointe.
