<?xml version="1.0" encoding="UTF-8"?>
<alto xmlns:xsi="http://www.w3.org/2001/XMLSchema-instance"
      xmlns="http://www.loc.gov/standards/alto/ns-v4#"
      xsi:schemaLocation="http://www.loc.gov/standards/alto/ns-v4# http://www.loc.gov/standards/alto/v4/alto-4-2.xsd">
  <Description>
    <MeasurementUnit>pixel</MeasurementUnit>
    <sourceImageInformation>
      <fileName>FRCAOM06_COLE_241002A_0493.jpg</fileName>
    </sourceImageInformation>
  </Description>
  <Tags>
    <OtherTag ID="QZ7" LABEL="CustomZone" DESCRIPTION="block type CustomZone"/><OtherTag ID="QZ8" LABEL="DamageZone" DESCRIPTION="block type DamageZone"/><OtherTag ID="QZ9" LABEL="DigitizationArtefactZone" DESCRIPTION="block type DigitizationArtefactZone"/><OtherTag ID="QZ10" LABEL="DropCapitalZone" DESCRIPTION="block type DropCapitalZone"/><OtherTag ID="QZ11" LABEL="GraphicZone" DESCRIPTION="block type GraphicZone"/><OtherTag ID="QZ12" LABEL="MainZone" DESCRIPTION="block type MainZone"/><OtherTag ID="QZ13" LABEL="MarginTextZone" DESCRIPTION="block type MarginTextZone"/><OtherTag ID="QZ14" LABEL="MusicZone" DESCRIPTION="block type MusicZone"/><OtherTag ID="QZ15" LABEL="NumberingZone" DESCRIPTION="block type NumberingZone"/><OtherTag ID="QZ17" LABEL="QuireMarksZone" DESCRIPTION="block type QuireMarksZone"/><OtherTag ID="QZ18" LABEL="RunningTitleZone" DESCRIPTION="block type RunningTitleZone"/><OtherTag ID="QZ19" LABEL="SealZone" DESCRIPTION="block type SealZone"/><OtherTag ID="QZ20" LABEL="StampZone" DESCRIPTION="block type StampZone"/><OtherTag ID="QZ21" LABEL="TableZone" DESCRIPTION="block type TableZone"/><OtherTag ID="QZ22" LABEL="TitlePageZone" DESCRIPTION="block type TitlePageZone"/>
    <OtherTag ID="LT7" LABEL="CustomLine" DESCRIPTION="line type CustomLine"/><OtherTag ID="LT8" LABEL="DefaultLine" DESCRIPTION="line type DefaultLine"/><OtherTag ID="LT9" LABEL="DropCapitalLine" DESCRIPTION="line type DropCapitalLine"/><OtherTag ID="LT10" LABEL="HeadingLine" DESCRIPTION="line type HeadingLine"/><OtherTag ID="LT11" LABEL="InterlinearLine" DESCRIPTION="line type InterlinearLine"/><OtherTag ID="LT12" LABEL="MusicLine" DESCRIPTION="line type MusicLine"/>
  </Tags>
  <Layout>
    <Page WIDTH="2464"
          HEIGHT="3680"
          PHYSICAL_IMG_NR="65"
          ID="eSc_dummypage_">
      <PrintSpace HPOS="0"
                  VPOS="0"
                  WIDTH="2464"
                  HEIGHT="3680">
        <TextBlock HPOS="80"
                   VPOS="274"
                   WIDTH="502"
                   HEIGHT="831"
                   ID="eSc_textblock_d6a68c23"
                   TAGREFS="QZ13">
          <Shape><Polygon POINTS="80 274 80 1105 582 1105 582 274"/></Shape>
          <TextLine ID="eSc_line_f1fb8d60"
                    TAGREFS="LT8"
                    BASELINE="128 394 667 388" 
                    HPOS="122"
                    VPOS="276"
                    WIDTH="543"
                    HEIGHT="174">
            <Shape><Polygon POINTS="656 309 484 294 481 294 380 306 322 276 319 276 217 276 214 276 211 276 122 312 125 392 125 450 254 450 257 450 260 450 260 447 263 444 282 423 319 441 322 441 325 441 328 441 331 441 349 426 423 435 463 438 466 438 469 438 490 429 518 420 662 420 665 386 662 383 656 309"/></Shape>
            <String CONTENT="Département"
                    HPOS="122"
                    VPOS="276"
                    WIDTH="543"
                    HEIGHT="174"
                    ></String>
          </TextLine>
          <TextLine ID="eSc_line_897b4087"
                    TAGREFS="LT8"
                    BASELINE="200 529 586 525" 
                    HPOS="198"
                    VPOS="433"
                    WIDTH="388"
                    HEIGHT="114">
            <Shape><Polygon POINTS="200 529 200 547 586 541 586 525 582 480 500 476 445 433 443 433 441 433 439 433 437 433 404 445 347 435 345 435 343 435 341 435 294 466 288 472 280 466 249 439 247 439 245 439 243 439 241 439 198 457 200 529"/></Shape>
            <String CONTENT="de l&#x27;Oise"
                    HPOS="198"
                    VPOS="433"
                    WIDTH="388"
                    HEIGHT="114"
                    ></String>
          </TextLine>
          <TextLine ID="eSc_line_7213c9ea"
                    TAGREFS="LT8"
                    BASELINE="147 721 600 716" 
                    HPOS="141"
                    VPOS="647"
                    WIDTH="457"
                    HEIGHT="113">
            <Shape><Polygon POINTS="586 668 543 668 540 668 518 650 518 647 515 647 512 647 509 647 506 647 444 668 441 668 171 650 168 650 165 650 162 650 141 662 144 720 144 760 227 745 260 760 263 760 266 760 270 760 273 760 279 757 316 745 598 745 598 714 595 711 586 668"/></Shape>
            <String CONTENT="Commune de"
                    HPOS="141"
                    VPOS="647"
                    WIDTH="457"
                    HEIGHT="113"
                    ></String>
          </TextLine>
          <TextLine ID="eSc_line_90365c61"
                    TAGREFS="LT8"
                    BASELINE="194 817 490 813" 
                    HPOS="192"
                    VPOS="736"
                    WIDTH="298"
                    HEIGHT="106">
            <Shape><Polygon POINTS="194 817 194 842 488 832 490 813 486 768 466 768 435 738 435 736 433 736 431 736 429 736 427 736 425 736 408 748 363 736 361 736 359 736 357 736 355 736 355 738 345 746 302 738 300 738 298 738 296 738 296 740 265 768 239 760 237 760 235 760 233 760 192 770 194 817"/></Shape>
            <String CONTENT="Senlis"
                    HPOS="192"
                    VPOS="736"
                    WIDTH="298"
                    HEIGHT="106"
                    ></String>
          </TextLine>
          <TextLine ID="eSc_line_d25837a3"
                    TAGREFS="LT8"
                    BASELINE="204 1001 357 1001" 
                    HPOS="204"
                    VPOS="938"
                    WIDTH="153"
                    HEIGHT="100">
            <Shape><Polygon POINTS="204 1001 204 1028 355 1038 357 1001 357 960 245 938 243 938 241 938 204 956 204 1001"/></Shape>
            <String CONTENT="4300"
                    HPOS="204"
                    VPOS="938"
                    WIDTH="153"
                    HEIGHT="100"
                    ></String>
          </TextLine>
        </TextBlock>
        <TextBlock HPOS="445"
                   VPOS="232"
                   WIDTH="1818"
                   HEIGHT="3212"
                   ID="eSc_textblock_4d310cd9"
                   TAGREFS="QZ12">
          <Shape><Polygon POINTS="2263 3444 2263 232 445 232 445 3444"/></Shape>
          <TextLine ID="eSc_line_b5b46292"
                    BASELINE="668 388 1500 378" 
                    HPOS="662"
                    VPOS="236"
                    WIDTH="835"
                    HEIGHT="193">
            <Shape><Polygon POINTS="662 364 665 386 665 417 935 429 938 429 1067 410 1098 407 1110 410 1159 426 1162 426 1166 426 1169 426 1172 426 1199 407 1205 404 1497 401 1497 377 1482 236 1390 291 1368 282 1365 282 1362 282 1359 282 1356 282 1334 300 1310 282 1307 282 1304 282 1301 282 1297 282 1212 318 1159 297 1156 297 1037 297 1027 285 981 242 981 239 978 239 975 239 972 239 831 242 828 242 825 242 825 245 748 315 742 325 665 325 662 364"/></Shape>
            <String CONTENT="Hospice civil"
                    HPOS="662"
                    VPOS="236"
                    WIDTH="835"
                    HEIGHT="193"
                    ></String>
          </TextLine>
          <TextLine ID="eSc_line_dc1efdf9"
                    TAGREFS="LT8"
                    BASELINE="640 527 1701 511" 
                    HPOS="637"
                    VPOS="421"
                    WIDTH="1064"
                    HEIGHT="120">
            <Shape><Polygon POINTS="640 527 640 541 1699 533 1701 511 1699 431 1676 421 1674 421 1672 421 1670 421 1668 421 1652 433 1646 437 1635 433 1605 421 1603 421 1601 421 1599 421 1568 437 1554 425 1554 423 1552 423 1549 423 1500 423 1498 423 1496 423 1494 423 1474 439 1459 453 1410 462 1384 443 1361 429 1359 429 1357 429 1355 429 1353 429 1351 429 1329 445 1308 462 1284 447 1253 431 1251 431 1249 431 1247 431 1245 431 1233 441 1220 431 1218 431 1216 431 1214 431 1212 431 1167 453 1143 466 1132 453 1106 431 1106 429 1104 429 1102 429 1034 429 1032 429 1030 429 1028 429 989 459 977 470 952 470 944 462 905 431 903 431 901 431 899 431 897 431 895 431 852 466 846 472 815 472 811 468 774 435 772 435 770 435 768 435 766 435 764 435 764 437 732 472 729 474 637 474 640 527"/></Shape>
            <String CONTENT="de la Charité de Senlis."
                    HPOS="637"
                    VPOS="421"
                    WIDTH="1064"
                    HEIGHT="120"
                    ></String>
          </TextLine>
          <TextLine ID="eSc_line_cf8e6e5f"
                    BASELINE="601 716 1815 701" 
                    HPOS="595"
                    VPOS="601"
                    WIDTH="1218"
                    HEIGHT="141">
            <Shape><Polygon POINTS="595 677 598 742 1810 723 1813 699 1807 622 1678 622 1644 653 1620 640 1610 640 1555 662 1491 662 1448 622 1347 628 1270 662 1184 631 1172 631 1123 662 1070 631 1058 631 1000 662 929 601 714 604 714 607 653 665 595 662 595 677"/></Shape>
            <String CONTENT="Etat des sommes dues à l&#x27;hospisce de la Charité"
                    HPOS="595"
                    VPOS="601"
                    WIDTH="1218"
                    HEIGHT="141"
                    ></String>
          </TextLine>
          <TextLine ID="eSc_line_ebfe8401"
                    TAGREFS="LT8"
                    BASELINE="597 813 1854 795" 
                    HPOS="595"
                    VPOS="742"
                    WIDTH="1259"
                    HEIGHT="100">
            <Shape><Polygon POINTS="597 813 597 830 799 830 807 832 848 842 850 842 852 842 854 842 879 830 885 827 916 830 1014 840 1016 840 1108 827 1155 823 1245 823 1251 827 1257 834 1259 834 1261 834 1263 834 1310 827 1351 821 1390 825 1421 830 1423 830 1453 825 1496 819 1509 825 1523 832 1525 832 1527 832 1621 823 1709 817 1727 823 1740 827 1742 827 1744 827 1854 821 1854 795 1850 762 1764 742 1762 742 1672 764 1568 766 1482 766 1425 748 1423 748 1421 748 1419 748 1417 748 1392 768 1367 768 1345 748 1343 748 1341 748 1308 748 1306 748 1206 768 1100 752 1098 752 1096 752 1093 752 1073 770 1036 770 1018 756 1018 754 1016 754 1014 754 932 754 930 754 928 754 867 774 838 756 836 756 834 756 746 756 744 756 742 756 705 774 670 758 668 758 666 758 664 758 662 758 637 778 595 778 597 813"/></Shape>
            <String CONTENT="de Senlis par le Département de la Marine pour arrérages"
                    HPOS="595"
                    VPOS="742"
                    WIDTH="1259"
                    HEIGHT="100"
                    ></String>
          </TextLine>
          <TextLine ID="eSc_line_26d5df2c"
                    TAGREFS="LT8"
                    BASELINE="615 911 1785 893" 
                    HPOS="613"
                    VPOS="840"
                    WIDTH="1172"
                    HEIGHT="94">
            <Shape><Polygon POINTS="615 911 615 934 1783 915 1785 893 1783 860 1752 840 1750 840 1748 840 1746 840 1744 840 1699 862 1648 864 1590 864 1570 844 1570 842 1568 842 1566 842 1523 842 1521 842 1421 864 1396 844 1394 844 1392 844 1390 844 1388 844 1327 868 1298 868 1269 846 1267 846 1265 846 1263 846 1261 846 1212 868 1114 854 1112 854 1110 854 1067 870 1006 850 1004 850 1001 850 999 850 954 875 871 875 824 854 822 854 789 854 787 854 785 854 783 854 754 875 721 856 719 856 656 856 654 856 652 856 613 877 615 911"/></Shape>
            <String CONTENT="d&#x27;une Pension alimentaire d&#x27;un Officier Détenu au dit"
                    HPOS="613"
                    VPOS="840"
                    WIDTH="1172"
                    HEIGHT="94"
                    ></String>
          </TextLine>
          <TextLine ID="eSc_line_adba4911"
                    TAGREFS="LT8"
                    BASELINE="619 1005 1860 987" 
                    HPOS="617"
                    VPOS="934"
                    WIDTH="1243"
                    HEIGHT="96">
            <Shape><Polygon POINTS="619 1005 619 1030 1860 1014 1860 987 1856 948 1789 934 1787 934 1785 934 1783 934 1766 950 1756 958 1601 958 1590 954 1560 938 1558 938 1521 938 1519 938 1517 938 1515 938 1515 940 1500 954 1462 938 1459 938 1457 938 1365 940 1363 940 1361 940 1361 942 1343 960 1341 962 1247 964 1237 962 1173 942 1171 942 1169 942 1087 960 1067 948 1065 948 1063 948 1061 948 1059 948 1057 948 1034 967 1034 969 891 973 832 973 740 973 717 952 717 950 715 950 713 950 662 950 660 950 658 950 656 950 617 971 619 1005"/></Shape>
            <String CONTENT="hospice pour cause de Démence. La dite Pension payable"
                    HPOS="617"
                    VPOS="934"
                    WIDTH="1243"
                    HEIGHT="96"
                    ></String>
          </TextLine>
          <TextLine ID="eSc_line_b295adae"
                    TAGREFS="LT8"
                    BASELINE="631 1104 1584 1089" 
                    HPOS="629"
                    VPOS="1034"
                    WIDTH="955"
                    HEIGHT="102">
            <Shape><Polygon POINTS="631 1104 631 1136 768 1122 893 1130 897 1130 899 1130 901 1130 922 1120 977 1128 1022 1134 1024 1134 1026 1134 1044 1126 1063 1118 1104 1124 1136 1128 1138 1128 1171 1122 1202 1116 1286 1118 1527 1126 1529 1126 1531 1126 1584 1108 1584 1089 1580 1059 1480 1059 1445 1034 1443 1034 1441 1034 1439 1034 1394 1036 1392 1036 1390 1036 1353 1059 1314 1034 1312 1034 1310 1034 1308 1034 1306 1034 1304 1034 1275 1061 1241 1038 1239 1038 1237 1038 1198 1036 1196 1036 1194 1036 1192 1036 1155 1065 1057 1065 1014 1044 1012 1044 1010 1044 1008 1044 975 1059 961 1048 959 1048 956 1048 954 1048 952 1048 950 1048 950 1050 936 1063 905 1042 903 1042 901 1042 766 1042 764 1042 762 1042 760 1042 729 1065 629 1071 631 1104"/></Shape>
            <String CONTENT="par le Trésorier général de la Marine."
                    HPOS="629"
                    VPOS="1034"
                    WIDTH="955"
                    HEIGHT="102"
                    ></String>
          </TextLine>
          <TextLine ID="eSc_line_34d9a926"
                    TAGREFS="LT8"
                    BASELINE="1059 1267 1376 1267" 
                    HPOS="1059"
                    VPOS="1196"
                    WIDTH="317"
                    HEIGHT="94">
            <Shape><Polygon POINTS="1059 1267 1059 1285 1374 1290 1376 1267 1376 1198 1337 1196 1335 1196 1333 1196 1331 1196 1325 1202 1300 1222 1275 1212 1273 1212 1271 1212 1269 1212 1247 1222 1210 1218 1204 1210 1190 1198 1190 1196 1188 1196 1185 1196 1136 1196 1134 1196 1132 1196 1130 1196 1130 1198 1112 1216 1059 1222 1059 1267"/></Shape>
            <String CONTENT="Scavoir"
                    HPOS="1059"
                    VPOS="1196"
                    WIDTH="317"
                    HEIGHT="94"
                    ></String>
          </TextLine>
          <TextLine ID="eSc_line_313adbaf"
                    TAGREFS="LT8"
                    BASELINE="664 1377 971 1365 1809 1353" 
                    HPOS="662"
                    VPOS="1294"
                    WIDTH="1147"
                    HEIGHT="110">
            <Shape><Polygon POINTS="664 1377 664 1404 729 1392 948 1398 981 1398 983 1398 995 1396 1059 1386 1104 1394 1118 1396 1120 1396 1122 1396 1130 1394 1157 1384 1204 1392 1210 1392 1212 1392 1235 1390 1367 1380 1410 1386 1435 1390 1437 1390 1807 1375 1809 1353 1803 1306 1707 1312 1697 1306 1686 1298 1684 1298 1682 1298 1680 1298 1678 1298 1676 1298 1666 1306 1656 1314 1521 1314 1490 1306 1480 1304 1478 1304 1476 1304 1474 1304 1472 1304 1470 1306 1453 1316 1437 1306 1415 1294 1412 1294 1410 1294 1408 1294 1406 1294 1388 1306 1372 1318 1341 1318 1329 1308 1329 1306 1327 1306 1325 1306 1322 1306 1320 1306 1318 1306 1294 1318 1278 1306 1259 1294 1257 1294 1255 1294 1253 1294 1251 1294 1249 1294 1230 1308 1222 1312 1212 1308 1192 1298 1190 1298 1188 1298 1185 1298 1159 1308 1132 1316 1102 1308 1069 1298 1067 1298 1065 1298 1063 1298 1061 1298 1061 1300 1051 1308 1034 1324 1012 1324 983 1308 971 1300 969 1300 967 1300 965 1300 867 1302 864 1302 862 1302 862 1304 856 1308 848 1316 826 1308 807 1302 805 1302 803 1302 662 1308 664 1377"/></Shape>
            <String CONTENT="Charles Philippe Daillebout Lieutenant en Second"
                    HPOS="662"
                    VPOS="1294"
                    WIDTH="1147"
                    HEIGHT="110"
                    ></String>
          </TextLine>
          <TextLine ID="eSc_line_ef3a0693"
                    TAGREFS="LT8"
                    BASELINE="625 1469 1783 1447" 
                    HPOS="623"
                    VPOS="1394"
                    WIDTH="1160"
                    HEIGHT="108">
            <Shape><Polygon POINTS="625 1469 625 1486 680 1496 682 1496 752 1486 803 1502 805 1502 807 1502 809 1502 811 1502 840 1484 899 1484 936 1500 938 1500 940 1500 1012 1498 1014 1498 1016 1498 1016 1496 1030 1484 1130 1496 1132 1496 1134 1496 1190 1478 1192 1478 1198 1478 1308 1488 1310 1488 1443 1476 1547 1488 1549 1488 1552 1488 1580 1474 1627 1486 1629 1486 1631 1486 1633 1486 1635 1486 1635 1484 1652 1472 1734 1482 1736 1482 1738 1482 1783 1467 1783 1447 1778 1396 1740 1394 1738 1394 1736 1394 1734 1394 1734 1396 1731 1396 1715 1414 1603 1414 1582 1402 1574 1396 1572 1396 1570 1396 1568 1396 1515 1404 1486 1408 1470 1406 1441 1400 1439 1400 1437 1400 1435 1400 1435 1402 1429 1406 1427 1410 1421 1408 1402 1400 1400 1400 1398 1400 1396 1400 1394 1400 1394 1402 1386 1408 1376 1418 1337 1410 1294 1402 1292 1402 1290 1402 1288 1402 1288 1404 1278 1412 1269 1420 1245 1412 1218 1406 1216 1406 1214 1406 1212 1406 1188 1414 1165 1424 1038 1429 1012 1429 1006 1420 993 1410 993 1408 991 1408 989 1408 987 1408 985 1408 946 1418 905 1410 903 1410 901 1410 899 1410 875 1427 871 1429 862 1427 836 1418 834 1418 832 1418 830 1418 828 1418 813 1429 807 1433 787 1433 785 1429 768 1414 768 1412 766 1412 764 1412 762 1412 760 1412 711 1431 662 1414 660 1414 658 1414 656 1414 623 1431 625 1469"/></Shape>
            <String CONTENT="des Troupes de Cayenne, entré dans le d. hospice pour"
                    HPOS="623"
                    VPOS="1394"
                    WIDTH="1160"
                    HEIGHT="108"
                    ></String>
          </TextLine>
          <TextLine ID="eSc_line_c9b3230a"
                    TAGREFS="LT8"
                    BASELINE="621 1566 1805 1545" 
                    HPOS="619"
                    VPOS="1492"
                    WIDTH="1186"
                    HEIGHT="100">
            <Shape><Polygon POINTS="621 1566 621 1580 648 1592 650 1592 652 1592 758 1582 959 1592 961 1592 963 1592 987 1580 1022 1590 1024 1590 1026 1590 1190 1578 1214 1590 1216 1590 1218 1592 1331 1592 1331 1590 1333 1590 1378 1576 1421 1588 1423 1588 1425 1588 1529 1570 1535 1568 1805 1566 1805 1545 1799 1510 1768 1510 1766 1510 1746 1492 1744 1492 1742 1492 1740 1492 1738 1492 1736 1492 1736 1494 1715 1510 1613 1494 1611 1494 1519 1514 1513 1516 1392 1516 1390 1516 1351 1498 1349 1498 1347 1498 1345 1498 1294 1514 1253 1500 1251 1500 1249 1500 1247 1500 1220 1514 1181 1504 1179 1504 1177 1504 1175 1504 1143 1519 1110 1502 1108 1502 1106 1502 1038 1504 1036 1504 1034 1504 1034 1506 1016 1523 1016 1525 922 1525 903 1508 903 1506 901 1506 899 1506 854 1506 852 1506 850 1506 824 1516 785 1510 783 1510 781 1510 779 1510 779 1512 760 1527 760 1529 680 1529 678 1529 664 1516 662 1516 660 1516 658 1516 656 1516 619 1527 621 1566"/></Shape>
            <String CONTENT="cause de Démense le 22 avril1787 par un Ordre du"
                    HPOS="619"
                    VPOS="1492"
                    WIDTH="1186"
                    HEIGHT="100"
                    ></String>
          </TextLine>
          <TextLine ID="eSc_line_c98c74db"
                    TAGREFS="LT8"
                    BASELINE="621 1666 1856 1641" 
                    HPOS="619"
                    VPOS="1588"
                    WIDTH="1237"
                    HEIGHT="117">
            <Shape><Polygon POINTS="621 1666 621 1700 701 1705 703 1705 705 1705 707 1705 715 1698 738 1684 907 1694 940 1694 942 1694 944 1694 946 1694 948 1692 965 1680 1063 1680 1096 1688 1128 1696 1130 1696 1132 1696 1134 1696 1136 1696 1136 1694 1145 1686 1153 1678 1233 1684 1339 1692 1341 1692 1417 1680 1447 1674 1470 1678 1529 1688 1531 1688 1533 1688 1535 1688 1535 1686 1545 1676 1549 1672 1582 1674 1648 1680 1650 1680 1652 1680 1654 1680 1666 1672 1672 1668 1854 1666 1856 1641 1846 1588 1826 1606 1805 1592 1803 1592 1801 1592 1799 1592 1797 1592 1762 1602 1752 1592 1748 1590 1748 1588 1746 1588 1744 1588 1674 1588 1672 1588 1670 1588 1668 1588 1660 1596 1656 1600 1648 1596 1633 1590 1631 1590 1629 1590 1627 1590 1596 1598 1539 1613 1500 1602 1468 1592 1466 1592 1464 1592 1462 1592 1459 1592 1459 1594 1449 1602 1437 1617 1339 1617 1312 1608 1278 1596 1275 1596 1273 1596 1271 1596 1241 1611 1226 1619 1132 1621 1108 1615 1042 1600 1040 1600 1038 1600 1036 1600 1036 1602 1022 1617 969 1606 967 1606 965 1606 934 1621 928 1625 922 1623 897 1611 895 1611 893 1611 891 1611 889 1611 889 1613 875 1623 873 1627 822 1629 760 1629 738 1629 711 1608 709 1608 707 1608 656 1608 654 1608 652 1608 650 1608 619 1627 621 1666"/></Shape>
            <String CONTENT="Roy à raison de 600^lt par An, payable par le Trésorier"
                    HPOS="619"
                    VPOS="1588"
                    WIDTH="1237"
                    HEIGHT="117"
                    ></String>
          </TextLine>
          <TextLine ID="eSc_line_27f94bba"
                    TAGREFS="LT8"
                    BASELINE="625 1758 1787 1741" 
                    HPOS="623"
                    VPOS="1692"
                    WIDTH="1164"
                    HEIGHT="98">
            <Shape><Polygon POINTS="625 1758 625 1790 817 1774 854 1784 856 1784 858 1784 928 1772 959 1782 961 1782 963 1782 965 1782 967 1782 979 1772 1128 1778 1149 1778 1151 1778 1165 1776 1239 1768 1278 1774 1314 1780 1316 1780 1318 1780 1337 1772 1353 1766 1384 1772 1425 1778 1427 1778 1785 1760 1787 1741 1783 1713 1699 1703 1697 1703 1609 1713 1578 1694 1576 1694 1574 1694 1572 1694 1570 1694 1568 1694 1541 1715 1404 1715 1351 1692 1349 1692 1347 1692 1345 1692 1304 1709 1284 1694 1282 1694 1280 1694 1278 1694 1159 1696 1157 1696 1155 1696 1120 1721 1057 1721 1012 1709 1010 1709 1008 1709 1006 1709 1004 1709 995 1715 977 1700 977 1698 975 1698 973 1698 971 1698 869 1700 867 1700 864 1700 840 1719 819 1700 817 1700 815 1700 768 1700 766 1700 764 1700 762 1700 762 1703 742 1725 623 1727 625 1758"/></Shape>
            <String CONTENT="général de la Marine. La dite Pension à été payée"
                    HPOS="623"
                    VPOS="1692"
                    WIDTH="1164"
                    HEIGHT="98"
                    ></String>
          </TextLine>
          <TextLine ID="eSc_line_fb1551bb"
                    TAGREFS="LT8"
                    BASELINE="627 1858 1760 1844" 
                    HPOS="625"
                    VPOS="1786"
                    WIDTH="1135"
                    HEIGHT="109">
            <Shape><Polygon POINTS="627 1858 631 1895 656 1880 670 1893 670 1895 672 1895 674 1895 676 1895 697 1893 805 1876 826 1889 830 1893 832 1893 834 1893 836 1895 901 1895 901 1893 903 1893 905 1893 905 1891 911 1887 924 1876 979 1884 1001 1887 1004 1887 1006 1887 1008 1887 1012 1882 1026 1872 1048 1882 1071 1891 1073 1891 1075 1891 1077 1891 1079 1891 1096 1880 1114 1870 1132 1880 1134 1880 1136 1880 1138 1880 1159 1878 1220 1872 1230 1876 1257 1889 1259 1889 1261 1889 1306 1887 1308 1887 1310 1887 1327 1874 1333 1870 1398 1870 1404 1872 1431 1887 1433 1887 1435 1887 1437 1887 1496 1868 1509 1866 1533 1868 1682 1882 1684 1882 1686 1882 1689 1882 1689 1880 1705 1864 1760 1860 1760 1844 1756 1813 1676 1813 1629 1786 1627 1786 1625 1786 1515 1811 1415 1790 1412 1790 1410 1790 1408 1790 1408 1792 1384 1815 1349 1815 1327 1792 1327 1790 1325 1790 1322 1790 1320 1790 1249 1792 1247 1792 1245 1792 1245 1795 1220 1819 1173 1819 1143 1797 1141 1797 1138 1797 1136 1797 1134 1797 1132 1797 1102 1819 1079 1803 1077 1803 1075 1803 1073 1803 1071 1803 1038 1815 1004 1795 1001 1795 999 1795 948 1795 946 1795 869 1805 848 1797 846 1797 844 1797 842 1797 840 1797 840 1799 815 1821 689 1815 687 1815 625 1825 627 1858"/></Shape>
            <String CONTENT="jusqu&#x27;au 1^er Juillet 1793. Malgré les poursuites qui"
                    HPOS="625"
                    VPOS="1786"
                    WIDTH="1135"
                    HEIGHT="109"
                    ></String>
          </TextLine>
          <TextLine ID="eSc_line_f0184d9d"
                    TAGREFS="LT8"
                    BASELINE="631 1946 1809 1931" 
                    HPOS="629"
                    VPOS="1882"
                    WIDTH="1180"
                    HEIGHT="97">
            <Shape><Polygon POINTS="631 1946 631 1968 797 1979 799 1979 801 1979 826 1966 828 1966 840 1966 936 1976 938 1976 940 1976 969 1964 977 1962 1006 1964 1100 1974 1102 1974 1104 1974 1147 1962 1161 1960 1175 1962 1226 1972 1228 1972 1230 1972 1233 1972 1233 1970 1235 1970 1241 1962 1241 1960 1316 1958 1370 1960 1517 1968 1519 1968 1521 1968 1523 1968 1533 1958 1535 1958 1552 1958 1723 1966 1725 1966 1807 1954 1809 1931 1805 1901 1715 1901 1678 1882 1676 1882 1674 1882 1672 1882 1670 1882 1670 1884 1658 1895 1644 1884 1641 1884 1639 1884 1637 1884 1635 1884 1633 1884 1611 1901 1609 1901 1605 1901 1472 1884 1470 1884 1386 1901 1353 1887 1351 1887 1349 1887 1347 1887 1308 1903 1300 1907 1134 1907 1132 1903 1120 1893 1118 1893 1116 1893 1114 1893 1051 1903 1030 1907 1026 1903 1008 1891 1006 1891 1004 1891 967 1891 965 1891 963 1891 926 1905 918 1907 901 1905 838 1893 801 1893 799 1893 797 1893 795 1893 781 1905 777 1909 770 1905 760 1897 760 1895 758 1895 756 1895 754 1895 629 1905 631 1946"/></Shape>
            <String CONTENT="ont été faites, led. hospice n&#x27;a rien touché depuis cet époque."
                    HPOS="629"
                    VPOS="1882"
                    WIDTH="1180"
                    HEIGHT="97"
                    ></String>
          </TextLine>
          <TextLine ID="eSc_line_256fad09"
                    TAGREFS="LT8"
                    BASELINE="695 2046 1799 2026" 
                    HPOS="693"
                    VPOS="1974"
                    WIDTH="1106"
                    HEIGHT="103">
            <Shape><Polygon POINTS="695 2046 695 2077 817 2064 940 2071 1022 2075 1024 2075 1057 2068 1089 2060 1128 2066 1153 2068 1155 2068 1200 2064 1261 2056 1282 2060 1308 2068 1310 2068 1312 2068 1314 2068 1345 2060 1359 2056 1374 2058 1412 2066 1415 2066 1459 2056 1480 2052 1529 2054 1660 2062 1662 2062 1799 2046 1799 2026 1797 1995 1758 1974 1756 1974 1713 1974 1711 1974 1709 1974 1707 1974 1707 1976 1689 1991 1672 1976 1670 1976 1668 1976 1666 1976 1664 1976 1621 1991 1605 1976 1603 1976 1601 1976 1599 1976 1596 1976 1594 1976 1568 1997 1498 1983 1496 1983 1494 1983 1445 1999 1355 1981 1353 1981 1351 1981 1349 1981 1349 1983 1331 2003 1253 2003 1235 1987 1235 1985 1233 1985 1230 1985 1171 1985 1169 1985 1167 1985 1165 1985 1128 2007 1020 2009 987 2009 961 1989 959 1989 956 1989 954 1989 952 1989 899 2009 854 1991 852 1991 850 1991 848 1991 846 1991 822 2007 807 1995 805 1995 803 1995 729 1993 727 1993 725 1993 723 1993 693 2009 695 2046"/></Shape>
            <String CONTENT="Il réclame donc pour huit ans, deux mois ert dix huit"
                    HPOS="693"
                    VPOS="1974"
                    WIDTH="1106"
                    HEIGHT="103"
                    ></String>
          </TextLine>
          <TextLine ID="eSc_line_66ce8371"
                    TAGREFS="LT8"
                    BASELINE="629 2136 1811 2120" 
                    HPOS="627"
                    VPOS="2071"
                    WIDTH="1184"
                    HEIGHT="94">
            <Shape><Polygon POINTS="629 2136 629 2165 1515 2144 1556 2144 1776 2150 1778 2150 1781 2150 1811 2138 1811 2120 1805 2087 1707 2087 1666 2071 1664 2071 1662 2071 1660 2071 1658 2071 1637 2087 1617 2071 1615 2071 1613 2071 1611 2071 1552 2083 1515 2071 1513 2071 1511 2071 1509 2071 1466 2091 1464 2091 1421 2073 1419 2073 1417 2073 1415 2073 1363 2093 1361 2093 1359 2093 1306 2079 1304 2079 1302 2079 1300 2079 1298 2079 1280 2093 1280 2095 1269 2095 1220 2095 1132 2077 1130 2077 1128 2077 1067 2097 1065 2099 1010 2099 1010 2097 989 2081 989 2079 987 2079 985 2079 944 2079 942 2079 940 2079 877 2095 815 2081 813 2081 811 2081 809 2081 809 2083 795 2095 779 2083 777 2083 774 2083 772 2083 770 2083 768 2083 768 2085 750 2101 652 2083 650 2083 648 2083 646 2083 627 2095 629 2136"/></Shape>
            <String CONTENT="Jours echus le Premier Vendémiaire au Dix, la somme"
                    HPOS="627"
                    VPOS="2071"
                    WIDTH="1184"
                    HEIGHT="94"
                    ></String>
          </TextLine>
          <TextLine ID="eSc_line_fde09867"
                    TAGREFS="LT8"
                    BASELINE="627 2220 2044 2201" 
                    HPOS="625"
                    VPOS="2146"
                    WIDTH="1419"
                    HEIGHT="104">
            <Shape><Polygon POINTS="627 2220 627 2244 729 2250 732 2250 734 2250 750 2242 760 2236 856 2236 867 2240 879 2246 881 2246 883 2246 936 2240 987 2234 1026 2238 1096 2246 1098 2246 1100 2246 1128 2236 1143 2232 1153 2236 1161 2240 1163 2240 1165 2240 1210 2236 1253 2230 1259 2234 1267 2242 1269 2242 1271 2242 1273 2242 1455 2230 1484 2230 1486 2230 1513 2240 1515 2240 1517 2240 1519 2240 1521 2240 1531 2230 1533 2228 1537 2230 1568 2240 1570 2240 1572 2240 1709 2226 1744 2224 1768 2226 1883 2236 1885 2236 2044 2220 2044 2201 2038 2169 1975 2169 1971 2169 1885 2146 1883 2146 1881 2146 1879 2146 1817 2171 1815 2173 1596 2173 1574 2173 1547 2152 1545 2152 1543 2152 1484 2152 1482 2152 1480 2152 1478 2152 1451 2175 1372 2154 1370 2154 1367 2154 1365 2154 1363 2154 1363 2156 1345 2173 1314 2156 1312 2156 1310 2156 1308 2156 1269 2169 1235 2156 1233 2156 1230 2156 1134 2179 1102 2156 1100 2156 1098 2156 1096 2156 1093 2156 1091 2156 1067 2179 1018 2158 1016 2158 1014 2158 877 2177 803 2160 801 2160 799 2160 774 2173 738 2163 736 2163 734 2163 732 2163 729 2163 729 2165 707 2185 674 2169 672 2169 670 2169 668 2169 625 2183 627 2220"/></Shape>
            <String CONTENT="de quatre mille neuf cent trente frans...4930^fr"
                    HPOS="625"
                    VPOS="2146"
                    WIDTH="1419"
                    HEIGHT="104"
                    ></String>
          </TextLine>
          <TextLine ID="eSc_line_ecb33ae3"
                    TAGREFS="LT8"
                    BASELINE="668 2414 2063 2387" 
                    HPOS="666"
                    VPOS="2328"
                    WIDTH="1397"
                    HEIGHT="119">
            <Shape><Polygon POINTS="668 2414 670 2447 709 2432 905 2441 987 2443 989 2443 991 2443 993 2443 999 2436 1014 2426 1046 2436 1063 2441 1065 2441 1067 2441 1122 2432 1206 2422 1327 2426 1455 2432 1457 2432 1871 2414 1926 2424 1928 2424 2063 2404 2063 2387 2057 2351 1960 2353 1954 2349 1926 2328 1924 2328 1922 2328 1920 2328 1918 2328 1915 2328 1915 2330 1899 2344 1877 2336 1875 2336 1873 2336 1871 2336 1834 2349 1809 2359 1758 2359 1746 2349 1731 2338 1729 2338 1727 2338 1725 2338 1723 2338 1721 2338 1709 2349 1695 2359 1572 2351 1570 2351 1449 2363 1417 2363 1398 2349 1380 2332 1378 2332 1376 2332 1374 2332 1372 2332 1329 2347 1308 2355 1296 2347 1278 2334 1275 2334 1273 2334 1220 2334 1218 2334 1216 2334 1214 2334 1196 2347 1173 2361 1112 2347 1098 2344 1096 2344 1093 2344 1087 2347 1030 2371 1010 2353 1010 2351 1008 2351 1006 2351 1004 2351 1001 2351 999 2351 973 2369 852 2347 830 2342 828 2342 666 2344 668 2414"/></Shape>
            <String CONTENT="Vu et certifie veritable par nous membre de la"
                    HPOS="666"
                    VPOS="2328"
                    WIDTH="1397"
                    HEIGHT="119"
                    ></String>
          </TextLine>
          <TextLine ID="eSc_line_0ec2089c"
                    TAGREFS="LT8"
                    BASELINE="625 2516 2114 2494" 
                    HPOS="623"
                    VPOS="2434"
                    WIDTH="1491"
                    HEIGHT="111">
            <Shape><Polygon POINTS="625 2516 625 2537 729 2531 772 2535 862 2545 864 2545 867 2545 869 2545 883 2533 885 2533 899 2533 1024 2535 1026 2535 1028 2535 1044 2528 1059 2524 1075 2528 1108 2537 1110 2537 1112 2537 1114 2537 1132 2526 1134 2526 1161 2541 1163 2541 1165 2541 1267 2531 1280 2539 1282 2539 1284 2539 1286 2539 1288 2539 1327 2522 1329 2522 1333 2522 1349 2531 1351 2531 1353 2531 1453 2520 1466 2520 1474 2520 1637 2533 1639 2533 1715 2518 1840 2531 1842 2531 2114 2506 2114 2494 2108 2455 2032 2455 2028 2455 1995 2434 1993 2434 1991 2434 1989 2434 1987 2434 1940 2455 1936 2459 1905 2459 1901 2455 1873 2436 1871 2436 1868 2436 1866 2436 1864 2436 1862 2436 1834 2457 1828 2459 1768 2459 1764 2457 1736 2441 1734 2441 1731 2441 1660 2457 1644 2461 1637 2457 1613 2441 1611 2441 1609 2441 1576 2441 1574 2441 1572 2441 1525 2459 1513 2463 1504 2459 1472 2443 1470 2443 1468 2443 1466 2443 1423 2459 1408 2465 1388 2459 1331 2445 1329 2445 1327 2445 1325 2445 1284 2459 1267 2447 1265 2447 1263 2447 1261 2447 1259 2447 1228 2461 1216 2467 1204 2461 1173 2447 1171 2447 1169 2447 1075 2463 1020 2473 956 2473 940 2463 920 2451 918 2451 916 2451 914 2451 850 2465 805 2473 758 2465 697 2455 695 2455 623 2465 625 2516"/></Shape>
            <String CONTENT="Commission des hospices ledit de la ville de Senlis"
                    HPOS="623"
                    VPOS="2434"
                    WIDTH="1491"
                    HEIGHT="111"
                    ></String>
          </TextLine>
          <TextLine ID="eSc_line_b6c27756"
                    TAGREFS="LT8"
                    BASELINE="615 2602 2171 2588" 
                    HPOS="613"
                    VPOS="2541"
                    WIDTH="1558"
                    HEIGHT="104">
            <Shape><Polygon POINTS="615 2602 615 2625 664 2627 687 2643 689 2643 691 2643 693 2645 828 2645 828 2643 830 2643 832 2643 832 2641 848 2627 901 2623 936 2620 1194 2620 1251 2620 1273 2633 1275 2633 1278 2633 1280 2633 1282 2633 1284 2633 1296 2623 1472 2631 1474 2631 1476 2631 1511 2616 1513 2616 1644 2635 1646 2635 1648 2635 1650 2635 1678 2614 1725 2614 1805 2612 1809 2612 1854 2633 1856 2633 1858 2635 1922 2635 1922 2633 1924 2633 1967 2610 1971 2610 1973 2610 2028 2631 2030 2631 2032 2631 2169 2608 2171 2588 2167 2555 2003 2541 2001 2541 1999 2541 1997 2541 1979 2555 1889 2543 1887 2543 1885 2543 1850 2557 1848 2557 1846 2557 1791 2543 1789 2543 1787 2543 1695 2557 1668 2545 1666 2545 1664 2545 1517 2559 1498 2563 1304 2563 1304 2561 1243 2549 1241 2549 1239 2549 1214 2563 1210 2565 1089 2565 1089 2563 1059 2549 1057 2549 1055 2549 1053 2549 1051 2549 1028 2565 1026 2565 1024 2565 989 2553 987 2553 985 2553 983 2553 954 2565 952 2565 950 2565 897 2557 895 2557 838 2567 830 2567 828 2567 809 2553 807 2553 805 2553 672 2553 670 2553 668 2553 613 2567 615 2602"/></Shape>
            <String CONTENT="soussigné le douze Brumaire au dix de la Republique"
                    HPOS="613"
                    VPOS="2541"
                    WIDTH="1558"
                    HEIGHT="104"
                    ></String>
          </TextLine>
          <TextLine ID="eSc_line_b5974449"
                    TAGREFS="LT8"
                    BASELINE="627 2708 969 2704" 
                    HPOS="625"
                    VPOS="2641"
                    WIDTH="344"
                    HEIGHT="131">
            <Shape><Polygon POINTS="627 2708 629 2772 697 2743 756 2743 791 2762 803 2768 805 2768 807 2770 879 2770 879 2768 881 2768 909 2753 936 2741 963 2749 969 2704 961 2641 911 2663 887 2647 879 2641 877 2641 875 2641 873 2641 871 2641 832 2653 779 2670 732 2670 725 2661 707 2645 707 2643 705 2643 703 2643 670 2643 668 2643 666 2643 664 2643 625 2665 627 2708"/></Shape>
            <String CONTENT="française ff"
                    HPOS="625"
                    VPOS="2641"
                    WIDTH="344"
                    HEIGHT="131"
                    ></String>
          </TextLine>
          <TextLine ID="eSc_line_9e61e39c"
                    TAGREFS="LT8"
                    BASELINE="1020 2811 2124 2790" 
                    HPOS="1018"
                    VPOS="2723"
                    WIDTH="1106"
                    HEIGHT="135">
            <Shape><Polygon POINTS="1020 2811 1020 2858 1051 2858 1051 2856 1053 2856 1055 2856 1098 2829 1122 2837 1124 2837 1126 2837 1128 2837 1130 2837 1151 2821 1253 2847 1255 2847 1257 2847 1259 2847 1312 2821 1592 2813 1823 2827 1826 2827 1828 2827 1830 2827 1842 2819 1901 2839 1905 2839 1907 2839 1909 2839 2124 2833 2124 2790 2118 2737 2050 2747 2034 2737 2018 2727 2016 2727 2014 2727 2012 2727 1956 2733 1942 2723 1940 2723 1938 2723 1936 2723 1934 2723 1932 2723 1920 2733 1905 2723 1903 2723 1901 2723 1899 2723 1774 2735 1772 2735 1770 2735 1762 2741 1744 2755 1644 2755 1623 2743 1615 2737 1613 2737 1611 2737 1609 2737 1574 2743 1568 2745 1552 2731 1549 2731 1547 2731 1545 2731 1384 2733 1382 2733 1380 2733 1357 2747 1339 2757 1286 2749 1275 2747 1273 2747 1271 2747 1267 2749 1235 2764 1018 2753 1020 2811"/></Shape>
            <String CONTENT="gagant emenieu malezieu"
                    HPOS="1018"
                    VPOS="2723"
                    WIDTH="1106"
                    HEIGHT="135"
                    ></String>
          </TextLine>
          <TextLine ID="eSc_line_8400c02a"
                    TAGREFS="LT8"
                    BASELINE="1022 3001 1879 2966" 
                    HPOS="1020"
                    VPOS="2899"
                    WIDTH="859"
                    HEIGHT="126">
            <Shape><Polygon POINTS="1022 3001 1022 3011 1120 3023 1122 3023 1169 3013 1204 3025 1206 3025 1208 3025 1288 3009 1300 3019 1300 3021 1302 3021 1304 3021 1306 3021 1374 3019 1412 3017 1415 3017 1417 3017 1439 2997 1464 3015 1466 3015 1468 3015 1470 3015 1472 3015 1568 2991 1576 2988 1623 2988 1701 2988 1768 3003 1770 3003 1772 3003 1819 2980 1821 2978 1877 2976 1879 2966 1875 2927 1711 2925 1689 2913 1686 2913 1684 2913 1611 2921 1566 2899 1564 2899 1562 2899 1560 2899 1558 2899 1504 2941 1502 2944 1449 2944 1447 2944 1408 2909 1408 2907 1406 2907 1404 2907 1380 2907 1378 2907 1376 2907 1374 2907 1374 2909 1341 2939 1318 2925 1316 2925 1314 2925 1312 2925 1310 2925 1308 2925 1308 2927 1292 2944 1204 2915 1202 2915 1200 2915 1108 2917 1106 2917 1104 2917 1046 2960 1020 2960 1022 3001"/></Shape>
            <String CONTENT="Evorquet couvreus"
                    HPOS="1020"
                    VPOS="2899"
                    WIDTH="859"
                    HEIGHT="126"
                    ></String>
          </TextLine>
          <TextLine ID="eSc_line_b4631837"
                    TAGREFS="LT8"
                    BASELINE="433 3146 1288 3072 2052 3033" 
                    HPOS="429"
                    VPOS="2999"
                    WIDTH="1623"
                    HEIGHT="171">
            <Shape><Polygon POINTS="433 3146 433 3170 552 3164 554 3164 556 3164 670 3134 742 3142 744 3142 746 3142 815 3123 842 3136 844 3136 846 3136 848 3136 885 3119 934 3119 979 3134 983 3134 985 3134 987 3134 989 3134 997 3132 1051 3113 1091 3123 1098 3125 1100 3125 1102 3125 1104 3125 1106 3125 1108 3123 1141 3103 1249 3093 1400 3097 1402 3097 1490 3078 1531 3089 1533 3089 1535 3089 1537 3089 1580 3072 1635 3085 1654 3087 1656 3087 1658 3087 1684 3080 1772 3058 1815 3068 1817 3068 1819 3068 2003 3046 2052 3052 2052 3033 2046 2999 1807 3015 1799 3013 1754 3003 1752 3003 1750 3003 1748 3003 1699 3021 1689 3023 1676 3021 1615 3013 1613 3013 1611 3013 1580 3027 1574 3031 1545 3031 1472 3027 1470 3027 1468 3027 1466 3027 1451 3038 1449 3038 1445 3038 1406 3027 1404 3027 1402 3027 1208 3054 1194 3054 1173 3044 1171 3044 1169 3044 1016 3064 997 3056 995 3056 993 3056 991 3056 961 3068 952 3072 936 3070 889 3064 887 3064 885 3064 854 3076 836 3085 429 3103 433 3146"/></Shape>
            <String CONTENT="Vu par moi sous prefet de Larrau diffement"
                    HPOS="429"
                    VPOS="2999"
                    WIDTH="1623"
                    HEIGHT="171"
                    ></String>
          </TextLine>
          <TextLine ID="eSc_line_40069b26"
                    TAGREFS="LT8"
                    BASELINE="422 3221 1774 3103 2181 3087" 
                    HPOS="414"
                    VPOS="3032"
                    WIDTH="1764"
                    HEIGHT="227">
            <Shape><Polygon POINTS="1973 3039 1831 3045 1442 3091 1377 3082 1359 3100 1166 3100 1150 3112 1138 3103 1126 3103 1052 3124 914 3121 414 3177 423 3259 969 3192 1031 3210 1043 3210 1080 3189 1092 3198 1092 3201 1101 3201 1227 3177 1245 3192 1340 3186 1405 3155 1432 3167 1442 3167 1482 3149 1509 3170 1528 3170 1626 3137 1678 3155 1690 3155 1724 3131 1798 3146 1813 3146 1884 3115 2178 3112 2178 3085 2169 3032 1976 3036 1973 3039"/></Shape>
            <String CONTENT="couvrir mal de fache ce douze nivose an dix"
                    HPOS="414"
                    VPOS="3032"
                    WIDTH="1764"
                    HEIGHT="227"
                    ></String>
          </TextLine>
          <TextLine ID="eSc_line_7f7aef76"
                    TAGREFS="LT8"
                    BASELINE="496 3283 993 3228 1531 3187 1678 3179 1879 3183" 
                    HPOS="492"
                    VPOS="3117"
                    WIDTH="1391"
                    HEIGHT="203">
            <Shape><Polygon POINTS="496 3283 500 3320 560 3293 644 3293 646 3293 744 3273 783 3297 785 3297 787 3297 789 3297 791 3297 793 3297 838 3267 918 3256 969 3254 1026 3277 1028 3277 1030 3277 1032 3277 1034 3277 1034 3275 1069 3244 1089 3244 1206 3269 1208 3269 1210 3269 1212 3269 1261 3232 1271 3240 1273 3240 1275 3240 1278 3240 1333 3236 1396 3267 1410 3273 1412 3273 1415 3273 1539 3264 1541 3264 1568 3256 1615 3240 1658 3250 1676 3254 1678 3254 1883 3236 1879 3183 1871 3117 1840 3134 1727 3132 1725 3132 1723 3132 1686 3148 1633 3140 1619 3138 1617 3138 1615 3138 1613 3138 1609 3142 1590 3156 1556 3150 1554 3150 1552 3150 1525 3160 1507 3152 1498 3148 1496 3148 1494 3148 1492 3148 1480 3154 1455 3166 1296 3181 1257 3175 1226 3170 1224 3170 1222 3170 1220 3170 1208 3179 1192 3189 1112 3189 1057 3189 1055 3189 1053 3189 1034 3195 1016 3203 987 3201 932 3195 930 3195 928 3195 860 3211 830 3219 811 3217 758 3209 756 3209 754 3209 697 3228 682 3232 670 3230 613 3222 611 3222 609 3222 607 3222 584 3238 580 3242 492 3246 496 3283"/></Shape>
            <String CONTENT="de la Republique française Sacrée"
                    HPOS="492"
                    VPOS="3117"
                    WIDTH="1391"
                    HEIGHT="203"
                    ></String>
          </TextLine>
        </TextBlock>
      </PrintSpace>
    </Page>
  </Layout>
</alto>
