2456 3672
283 267 309 90 Ministère

206 373 428 90 de l'Intérieur.

165 536 516 92 Administration Gén^le

261 616 324 71 des Communes

232 677 364 83 et des Hospices,

277 740 294 69 Etablissemens

238 805 341 82 de bienfaisance,

171 934 482 73 Etablissemens sanitaires.

146 1073 450 114 1^er Bureau.

173 1289 329 98 n°9319.

214 1497 337 112 Seine.

132 1719 637 94 Demande de renseignemens

126 1805 617 61 relativement à l'aliéné

124 1862 639 86 Daillebout, traité dans

122 1940 545 126 l'hospice de Senlis.

1296 257 772 114 Paris, le 14 octobre 1823.

1598 443 270 227 4758

1635 529 404 196 22 8^bre

1337 897 496 147 Monseigneur,

1546 979 524 241 R. le 5 9^bre

1022 1309 1164 88 Le 31 Juillet dernier, votre Excellence a ecrit

908 1413 1323 86 au Ministre de l'Interieur pour demander que des

902 1515 1339 86 mesures fussent prises relativement au sieur Daillebout,

902 1609 1335 96 ancien officier des troupes de Cayenne, atteint d'aliénation

900 1707 1329 94 mentale, et entretenu depuis longtems dans l'hospice

908 1785 272 134 de Senlis.

1049 1884 1182 88 L'administration de cet etablissement réclame

916 1980 1266 84 la pension de cet aliéné; et d'après les motifs

924 2068 1266 88 exposés par votre Excellence, cette pension ne peut

926 2156 1291 92 être à la charge du Département de la marine.

1024 2260 1203 110 De son côté, le Ministre de l'interieur n'a

918 2362 1286 94 aucun fonds qui puissent être affectés à cette

908 2458 1315 104 dépense et ne dispose d'aucune place gratuite

902 2550 1286 95 dans les hôpitaux. mais la famille du Sieur

900 2643 1284 86 Daillebout étant dans l'indigence, les secours

904 2737 1282 88 que réclame son état et le prix de sa pension

906 2823 1266 90 doivent tomber à la charge de la commune à

910 2927 1303 86 laqeulle il appartient ou du département dans

900 3015 588 96 lequel elle se trouve.

1063 3100 1078 110 J'ai l'honneur, en Conséquence, de prier

902 3200 1302 88 votre excellence de vouloir bien me faire connaître

134 3333 1960 137 à son Excellence Le Ministre secrétaire d'Etat au Département de la Marine.
