2496 3800
234 162 236 146 Vu M

133 407 407 93 pour lu 4^e

105 491 243 100 Division

637 479 1662 110 Copie de la lettre écrite de Versaille le 22 avril

595 601 1700 102 1787, par le Ministre de la Marine et des Colonies au

589 711 1024 93 supérieur des freres de la charité

629 918 1647 101 Je joint ici la lettre que le Roi vous a écrit pour

557 1045 1689 88 recevoir et faire garder et traiter dans votre maison le S.

570 1163 1716 116 Daillebout Lieut^e en 2^d des Troupes de Cayenne. Les frais

572 1283 1676 116 de sa pension seront acquittés par le Trésorier Gal de

578 1418 1717 93 mon Département. Vous voudrés bien me marquer quels

568 1539 1727 128 sont les différents prix des pensions. signé Castries.

709 1781 957 91 à Paris le 24 Brumaire an II

884 1703 1130 87 Pour copie conforme expédiée

580 1851 1552 125 Le chef Adjoint de l'Administration

686 1965 1056 156 Coloniale Ed. Poncet
