2912 3768
596 563 387 94 désignée.

732 640 1581 113 Des renseignements que l'on est parvenu

609 736 1695 130 à receullir sur le C. Daillebout, ont fait

615 864 1698 119 connoître qu'au termes des loix actuelles,

609 994 1695 138 il ne pouroit être susceptible de recevoir

625 1117 1690 130 une pension; et cependant on ne peut refuser,

619 1239 1698 146 à l'hospice de Senlis, le payement du

617 1379 1702 132 traitement d'un particulier qu'ils n'ont reçu

634 1496 1670 149 qu'en vertu d'un ordre de l'ancien Gouvernement,

625 1624 1671 169 et que son état ne permettoit pas d'abandonner

636 1787 1229 117 à la commisération publique.

822 1915 1487 134 On ne voit qu'un moyen poud dédommager

632 2017 1645 157 cet hospice, des soins qu'il a pris et qu'il prend

634 2151 1672 134 de cet idividu, et on propose au Ministre

628 2251 1699 163 de l'adopter: c'est d'approuver que le C^en

632 2401 1668 142 Daillebout soit toujours considéré comme en

636 2528 1654 126 activité de service, et que sa journée soit

625 2634 1680 182 payée à l'hospice de Senlis, à raison de 1^f 25^c

628 2788 1651 136 Si le Ministre acceuille cette disposition,

607 2905 1664 153 le décompte de ce qui dera dû sera réglé

653 3079 839 81 en conséquence ※
