<?xml version="1.0" encoding="UTF-8"?>
<alto xmlns:xsi="http://www.w3.org/2001/XMLSchema-instance"
      xmlns="http://www.loc.gov/standards/alto/ns-v4#"
      xsi:schemaLocation="http://www.loc.gov/standards/alto/ns-v4# http://www.loc.gov/standards/alto/v4/alto-4-2.xsd">
  <Description>
    <MeasurementUnit>pixel</MeasurementUnit>
    <sourceImageInformation>
      <fileName>FRCAOM06_COLE_241002A_0506.jpg</fileName>
    </sourceImageInformation>
  </Description>
  <Tags>
    <OtherTag ID="QZ7" LABEL="CustomZone" DESCRIPTION="block type CustomZone"/><OtherTag ID="QZ8" LABEL="DamageZone" DESCRIPTION="block type DamageZone"/><OtherTag ID="QZ9" LABEL="DigitizationArtefactZone" DESCRIPTION="block type DigitizationArtefactZone"/><OtherTag ID="QZ10" LABEL="DropCapitalZone" DESCRIPTION="block type DropCapitalZone"/><OtherTag ID="QZ11" LABEL="GraphicZone" DESCRIPTION="block type GraphicZone"/><OtherTag ID="QZ12" LABEL="MainZone" DESCRIPTION="block type MainZone"/><OtherTag ID="QZ13" LABEL="MarginTextZone" DESCRIPTION="block type MarginTextZone"/><OtherTag ID="QZ14" LABEL="MusicZone" DESCRIPTION="block type MusicZone"/><OtherTag ID="QZ15" LABEL="NumberingZone" DESCRIPTION="block type NumberingZone"/><OtherTag ID="QZ17" LABEL="QuireMarksZone" DESCRIPTION="block type QuireMarksZone"/><OtherTag ID="QZ18" LABEL="RunningTitleZone" DESCRIPTION="block type RunningTitleZone"/><OtherTag ID="QZ19" LABEL="SealZone" DESCRIPTION="block type SealZone"/><OtherTag ID="QZ20" LABEL="StampZone" DESCRIPTION="block type StampZone"/><OtherTag ID="QZ21" LABEL="TableZone" DESCRIPTION="block type TableZone"/><OtherTag ID="QZ22" LABEL="TitlePageZone" DESCRIPTION="block type TitlePageZone"/>
    <OtherTag ID="LT7" LABEL="CustomLine" DESCRIPTION="line type CustomLine"/><OtherTag ID="LT8" LABEL="DefaultLine" DESCRIPTION="line type DefaultLine"/><OtherTag ID="LT9" LABEL="DropCapitalLine" DESCRIPTION="line type DropCapitalLine"/><OtherTag ID="LT10" LABEL="HeadingLine" DESCRIPTION="line type HeadingLine"/><OtherTag ID="LT11" LABEL="InterlinearLine" DESCRIPTION="line type InterlinearLine"/><OtherTag ID="LT12" LABEL="MusicLine" DESCRIPTION="line type MusicLine"/>
  </Tags>
  <Layout>
    <Page WIDTH="2432"
          HEIGHT="3680"
          PHYSICAL_IMG_NR="77"
          ID="eSc_dummypage_">
      <PrintSpace HPOS="0"
                  VPOS="0"
                  WIDTH="2432"
                  HEIGHT="3680">
        <TextBlock HPOS="67"
                   VPOS="136"
                   WIDTH="672"
                   HEIGHT="960"
                   ID="eSc_textblock_d3572343"
                   TAGREFS="QZ13">
          <Shape><Polygon POINTS="67 136 67 1096 739 1096 739 807 739 136"/></Shape>
          <TextLine ID="eSc_line_f5f46f14"
                    TAGREFS="LT8"
                    BASELINE="296 298 681 290" 
                    HPOS="292"
                    VPOS="210"
                    WIDTH="389"
                    HEIGHT="102">
            <Shape><Polygon POINTS="296 298 296 312 679 306 681 290 677 245 572 220 570 220 568 220 566 220 566 222 537 247 537 249 464 249 421 212 421 210 419 210 417 210 388 210 386 210 339 212 337 212 335 212 292 245 296 298"/></Shape>
            <String CONTENT="Ministère"
                    HPOS="292"
                    VPOS="210"
                    WIDTH="389"
                    HEIGHT="102"
                    ></String>
          </TextLine>
          <TextLine ID="eSc_line_f90accea"
                    TAGREFS="LT8"
                    BASELINE="247 431 709 421" 
                    HPOS="245"
                    VPOS="343"
                    WIDTH="464"
                    HEIGHT="112">
            <Shape><Polygon POINTS="247 431 247 445 272 455 274 455 276 455 472 441 476 441 519 451 521 451 523 451 685 447 687 447 709 435 709 421 703 380 576 380 527 343 525 343 523 343 521 343 470 345 468 345 431 365 404 347 402 347 400 347 398 347 396 347 345 368 317 349 314 349 312 349 310 349 308 349 306 349 306 351 269 386 245 388 247 431"/></Shape>
            <String CONTENT="de la Marine"
                    HPOS="245"
                    VPOS="343"
                    WIDTH="464"
                    HEIGHT="112"
                    ></String>
          </TextLine>
          <TextLine ID="eSc_line_858114a7"
                    TAGREFS="LT8"
                    BASELINE="294 533 672 527" 
                    HPOS="292"
                    VPOS="462"
                    WIDTH="380"
                    HEIGHT="92">
            <Shape><Polygon POINTS="294 533 294 554 670 547 672 527 668 492 589 490 548 462 546 462 544 462 542 462 539 462 537 462 521 472 402 466 400 466 398 466 396 466 396 468 374 488 355 478 353 478 351 478 349 478 347 478 292 496 294 533"/></Shape>
            <String CONTENT="et des Colonies."
                    HPOS="292"
                    VPOS="462"
                    WIDTH="380"
                    HEIGHT="92"
                    ></String>
          </TextLine>
          <TextLine ID="eSc_line_6974327b"
                    TAGREFS="LT8"
                    BASELINE="177 733 591 725" 
                    HPOS="175"
                    VPOS="668"
                    WIDTH="416"
                    HEIGHT="94">
            <Shape><Polygon POINTS="177 733 177 762 245 750 331 756 380 760 382 760 589 742 591 725 587 691 384 680 382 680 380 680 378 680 366 691 339 668 337 668 335 668 282 668 280 668 218 670 216 670 214 670 175 693 177 733"/></Shape>
            <String CONTENT="4^e Direction"
                    HPOS="175"
                    VPOS="668"
                    WIDTH="416"
                    HEIGHT="94"
                    ></String>
          </TextLine>
          <TextLine ID="eSc_line_7d3214e3"
                    TAGREFS="LT8"
                    BASELINE="284 827 517 821" 
                    HPOS="282"
                    VPOS="762"
                    WIDTH="235"
                    HEIGHT="100">
            <Shape><Polygon POINTS="284 827 284 862 517 827 517 821 515 789 486 776 484 776 482 776 480 776 447 789 411 764 409 764 407 764 357 762 355 762 353 762 282 791 284 827"/></Shape>
            <String CONTENT="fonds."
                    HPOS="282"
                    VPOS="762"
                    WIDTH="235"
                    HEIGHT="100"
                    ></String>
          </TextLine>
          <TextLine ID="eSc_line_c9eff229"
                    TAGREFS="LT8"
                    BASELINE="114 952 711 960" 
                    HPOS="112"
                    VPOS="883"
                    WIDTH="599"
                    HEIGHT="120">
            <Shape><Polygon POINTS="114 952 112 973 190 999 192 999 194 999 196 999 247 985 337 1001 339 1001 341 1001 384 979 492 1003 494 1003 709 977 711 960 709 926 621 922 619 917 597 899 597 897 595 897 593 897 591 897 589 897 554 913 539 922 517 911 501 903 499 903 497 903 494 903 482 909 449 922 415 911 413 911 411 911 409 911 382 919 366 905 366 903 364 903 362 903 359 903 284 919 222 889 212 885 210 885 114 883 114 952"/></Shape>
            <String CONTENT="B^au des Dépenses de france."
                    HPOS="112"
                    VPOS="883"
                    WIDTH="599"
                    HEIGHT="120"
                    ></String>
          </TextLine>
        </TextBlock>
        <TextBlock HPOS="681"
                   VPOS="57"
                   WIDTH="1624"
                   HEIGHT="3334"
                   ID="eSc_textblock_c07bed7a"
                   TAGREFS="QZ12">
          <Shape><Polygon POINTS="2305 3391 2305 57 681 57 681 3391"/></Shape>
          <TextLine ID="eSc_line_7c1326d2"
                    TAGREFS="LT8"
                    BASELINE="1548 210 1953 179 2180 173" 
                    HPOS="1544"
                    VPOS="120"
                    WIDTH="636"
                    HEIGHT="119">
            <Shape><Polygon POINTS="2135 126 2114 124 2094 124 2074 122 2065 122 2037 136 1992 120 1990 120 1988 120 1986 120 1928 145 1924 145 1922 145 1883 128 1881 128 1879 128 1877 128 1875 128 1875 130 1855 149 1855 151 1826 151 1824 151 1802 134 1799 134 1797 134 1795 134 1793 134 1734 157 1732 159 1640 163 1638 163 1613 145 1611 145 1609 145 1607 145 1572 147 1570 147 1568 147 1544 163 1548 210 1548 224 1566 239 1568 239 1570 239 1572 239 1574 239 1577 239 1577 237 1589 226 1642 237 1644 237 1646 237 1705 212 1726 231 1728 231 1730 231 1732 231 1771 228 1773 228 1775 228 1797 212 1828 237 1830 237 1832 237 1834 237 1922 231 1924 231 1926 231 1926 228 1949 206 2012 206 2012 204 2014 204 2016 204 2016 202 2022 198 2031 190 2178 190 2180 173 2176 128 2155 126"/></Shape>
            <String CONTENT="K une s^dr 9 juillet 1823"
                    HPOS="1544"
                    VPOS="120"
                    WIDTH="636"
                    HEIGHT="119"
                    ></String>
          </TextLine>
          <TextLine ID="eSc_line_d337065e"
                    TAGREFS="LT8"
                    BASELINE="953 331 2229 304" 
                    HPOS="951"
                    VPOS="249"
                    WIDTH="1278"
                    HEIGHT="116">
            <Shape><Polygon POINTS="953 331 953 361 1075 365 1077 365 1079 365 1082 365 1082 363 1088 357 1102 343 1153 343 1192 343 1206 355 1212 359 1212 361 1214 361 1217 361 1219 361 1221 361 1243 353 1264 347 1286 353 1315 359 1317 359 1319 359 1321 359 1345 351 1376 339 1397 349 1405 353 1407 353 1409 353 1448 347 1474 343 1484 347 1509 355 1511 355 1513 355 1515 355 1542 345 1564 335 1583 343 1609 355 1611 355 1613 355 1615 355 1642 341 1656 335 1714 339 1787 345 1789 345 1791 345 1793 345 1804 337 1814 329 1871 329 1885 335 1908 343 1910 343 1912 343 1971 337 2002 347 2004 347 2006 347 2008 347 2010 347 2035 329 2039 329 2086 339 2088 339 2227 323 2229 304 2227 271 2204 261 2202 261 2200 261 2198 261 2180 271 2137 249 2135 249 2133 249 1990 259 1934 251 1932 251 1930 251 1928 251 1887 280 1885 282 1769 282 1750 267 1750 265 1748 265 1746 265 1744 265 1742 265 1689 284 1644 257 1642 257 1640 257 1638 257 1636 257 1634 257 1599 286 1599 288 1583 288 1564 288 1532 267 1529 267 1527 267 1525 267 1523 267 1521 267 1509 276 1442 261 1439 261 1437 261 1435 261 1392 288 1237 282 1235 282 1233 282 1231 282 1214 294 1151 267 1149 267 1147 267 1145 267 1024 298 971 290 969 290 967 290 965 290 951 296 953 331"/></Shape>
            <String CONTENT="Copie d&#x27;une lettre adressée a Son Excellence"
                    HPOS="951"
                    VPOS="249"
                    WIDTH="1278"
                    HEIGHT="116"
                    ></String>
          </TextLine>
          <TextLine ID="eSc_line_48c12275"
                    TAGREFS="LT8"
                    BASELINE="724 474 1525 464 2141 443" 
                    HPOS="722"
                    VPOS="392"
                    WIDTH="1419"
                    HEIGHT="110">
            <Shape><Polygon POINTS="724 474 724 488 1041 502 1043 502 1045 502 1047 502 1065 488 1403 490 1405 490 1407 490 1456 472 1478 488 1480 488 1482 488 1484 488 1566 478 1599 490 1601 490 1603 490 1605 490 1667 470 1709 482 1712 482 1714 482 1763 472 1795 498 1797 498 1799 498 1802 498 1928 496 1930 496 1932 496 1975 466 1998 474 2000 474 2002 474 2141 453 2141 443 2137 400 2094 392 2092 392 2090 392 2067 400 2029 417 1797 421 1773 406 1763 398 1761 398 1759 398 1757 398 1687 400 1685 400 1667 408 1624 425 1603 408 1595 402 1593 402 1591 402 1548 402 1546 402 1544 402 1525 410 1487 429 1382 429 1347 417 1345 417 1343 417 1341 417 1339 417 1317 433 1259 433 1239 415 1233 408 1231 408 1229 408 1227 408 1225 408 1210 415 1176 433 1143 417 1131 410 1129 410 1127 410 1071 419 979 431 932 421 914 417 854 417 852 417 850 417 848 417 842 421 830 433 812 423 803 419 801 419 799 419 722 423 724 474"/></Shape>
            <String CONTENT="le Ministre de la Marine et des Colonies par"
                    HPOS="722"
                    VPOS="392"
                    WIDTH="1419"
                    HEIGHT="110"
                    ></String>
          </TextLine>
          <TextLine ID="eSc_line_c067666f"
                    TAGREFS="LT8"
                    BASELINE="711 623 760 615 1368 609 2227 572" 
                    HPOS="709"
                    VPOS="509"
                    WIDTH="1518"
                    HEIGHT="135">
            <Shape><Polygon POINTS="711 623 711 639 848 631 869 639 877 641 879 641 881 644 1024 644 1024 641 1026 641 1039 635 1045 631 1051 635 1061 641 1063 641 1065 641 1067 641 1137 633 1155 631 1180 631 1343 639 1345 639 1347 639 1384 627 1405 621 1435 625 1532 641 1534 641 1679 635 1681 635 1746 619 1820 601 1930 607 1932 607 1934 607 1957 596 2074 611 2110 615 2112 615 2114 615 2137 609 2157 605 2168 609 2184 617 2186 617 2188 617 2190 617 2227 607 2227 572 2219 509 2067 513 2065 513 2059 517 2035 529 2014 519 2006 515 2004 515 2002 515 2000 515 1986 519 1961 529 1945 521 1939 519 1937 519 1934 519 1932 519 1930 519 1930 521 1926 523 1894 554 1847 554 1824 537 1822 537 1820 537 1818 537 1816 537 1814 537 1793 556 1667 558 1622 539 1593 527 1591 527 1589 527 1587 527 1585 527 1560 541 1523 564 1472 545 1433 533 1431 533 1429 533 1427 533 1425 533 1407 549 1384 568 1280 560 1278 560 1096 576 1079 566 1047 545 1045 545 1043 545 1041 545 1039 545 989 572 971 582 947 582 934 574 904 549 902 549 899 549 897 549 895 549 893 549 857 578 850 584 830 580 746 560 744 560 742 560 740 560 709 578 711 623"/></Shape>
            <String CONTENT="mm. les administrateurs des hospices de Senlis (oise)"
                    HPOS="709"
                    VPOS="509"
                    WIDTH="1518"
                    HEIGHT="135"
                    ></String>
          </TextLine>
          <TextLine ID="eSc_line_1ed164c7"
                    TAGREFS="LT8"
                    BASELINE="1290 793 2110 762" 
                    HPOS="1288"
                    VPOS="705"
                    WIDTH="822"
                    HEIGHT="114">
            <Shape><Polygon POINTS="1290 793 1290 809 1343 819 1345 819 1499 811 1501 811 1503 811 1503 809 1505 809 1509 803 1511 801 1532 803 1597 809 1599 809 1601 809 1603 809 1613 801 1617 797 1632 799 1667 807 1669 807 2110 785 2110 762 2108 727 2053 705 2051 705 2049 705 1961 709 1959 709 1957 709 1957 711 1937 731 1912 715 1910 715 1908 715 1906 715 1904 715 1902 715 1902 717 1881 736 1879 738 1851 738 1818 738 1783 721 1781 721 1779 721 1777 721 1742 738 1705 721 1703 721 1701 721 1699 721 1697 721 1673 744 1628 744 1605 725 1605 723 1603 723 1601 723 1564 723 1562 723 1560 723 1558 723 1558 725 1536 748 1536 750 1476 750 1454 729 1454 727 1452 727 1450 727 1448 727 1446 727 1444 727 1417 752 1343 731 1341 731 1339 731 1337 731 1288 754 1290 793"/></Shape>
            <String CONTENT="Senlis le 14 avril 1820."
                    HPOS="1288"
                    VPOS="705"
                    WIDTH="822"
                    HEIGHT="114"
                    ></String>
          </TextLine>
          <TextLine ID="eSc_line_57104631"
                    TAGREFS="LT8"
                    BASELINE="963 936 1376 932" 
                    HPOS="961"
                    VPOS="872"
                    WIDTH="415"
                    HEIGHT="97">
            <Shape><Polygon POINTS="963 936 963 944 985 960 987 960 989 960 992 960 1059 952 1165 969 1167 969 1169 969 1210 952 1292 960 1294 960 1296 960 1298 960 1323 940 1376 938 1376 932 1368 872 1298 895 1249 885 1247 885 1163 895 1149 887 1135 877 1133 877 1131 877 1129 877 1127 877 1124 877 1124 879 1112 889 1102 899 1079 899 1073 891 1061 881 1061 879 1059 879 1057 879 1002 877 1000 877 998 877 961 895 963 936"/></Shape>
            <String CONTENT="monseigneur,"
                    HPOS="961"
                    VPOS="872"
                    WIDTH="415"
                    HEIGHT="97"
                    ></String>
          </TextLine>
          <TextLine ID="eSc_line_afcc888a"
                    TAGREFS="LT8"
                    BASELINE="781 1087 1323 1083 2249 1054" 
                    HPOS="779"
                    VPOS="1001"
                    WIDTH="1470"
                    HEIGHT="129">
            <Shape><Polygon POINTS="781 1087 781 1106 859 1130 861 1130 863 1130 899 1128 902 1128 904 1128 930 1106 1026 1101 1030 1101 1069 1112 1071 1112 1073 1112 1153 1097 1159 1097 1165 1097 1268 1120 1270 1120 1349 1118 1352 1118 1407 1099 1501 1101 1503 1101 1505 1101 1534 1089 1542 1087 1564 1089 1646 1097 1648 1097 1697 1085 1714 1083 1830 1083 1951 1083 2006 1101 2008 1101 2010 1101 2067 1099 2069 1099 2110 1077 2117 1075 2249 1075 2249 1054 2241 1001 2162 1022 2006 1014 2004 1014 1898 1028 1855 1011 1840 1007 1838 1007 1836 1007 1781 1016 1644 1034 1609 1020 1593 1014 1591 1014 1589 1014 1540 1018 1538 1018 1536 1018 1529 1022 1507 1038 1468 1024 1460 1022 1458 1022 1456 1022 1454 1022 1444 1026 1407 1036 1376 1028 1349 1020 1347 1020 1345 1020 1343 1020 1341 1020 1331 1028 1311 1042 1282 1030 1266 1024 1264 1024 1262 1024 1259 1024 1257 1024 1247 1030 1227 1046 1012 1048 994 1038 981 1030 979 1030 977 1030 934 1030 932 1030 779 1044 781 1087"/></Shape>
            <String CONTENT="Conformément à la Circulaire de M^r le Directeur général"
                    HPOS="779"
                    VPOS="1001"
                    WIDTH="1470"
                    HEIGHT="129"
                    ></String>
          </TextLine>
          <TextLine ID="eSc_line_eb16831b"
                    TAGREFS="LT8"
                    BASELINE="715 1204 1368 1200 2239 1171" 
                    HPOS="713"
                    VPOS="1122"
                    WIDTH="1526"
                    HEIGHT="110">
            <Shape><Polygon POINTS="715 1204 715 1220 830 1220 836 1220 899 1232 902 1232 1133 1216 1206 1226 1208 1226 1210 1226 1231 1216 1321 1226 1323 1226 1407 1224 1409 1224 1411 1224 1411 1222 1421 1214 1572 1218 1574 1218 1577 1218 1609 1206 1628 1218 1630 1218 1632 1218 1634 1218 1714 1208 1853 1214 1855 1214 2237 1185 2239 1171 2235 1142 2106 1122 2104 1122 2102 1122 2100 1122 2072 1144 2069 1144 2031 1126 2029 1126 2027 1126 1836 1146 1828 1146 1824 1146 1783 1136 1781 1136 1779 1136 1777 1136 1746 1146 1726 1157 1697 1157 1687 1148 1671 1136 1669 1136 1667 1136 1664 1136 1662 1136 1636 1148 1617 1159 1523 1159 1511 1151 1495 1136 1493 1136 1491 1136 1489 1136 1487 1136 1484 1136 1462 1151 1444 1163 1399 1165 1331 1165 1315 1153 1302 1142 1300 1142 1298 1142 1296 1142 1294 1142 1257 1153 1233 1161 1219 1155 1198 1144 1196 1144 1141 1144 1139 1144 1137 1144 1135 1144 1135 1146 1124 1155 1116 1161 1086 1155 1065 1153 1063 1153 1061 1153 1059 1153 1055 1157 1026 1173 955 1173 934 1157 926 1151 924 1151 922 1151 920 1151 812 1153 809 1153 807 1153 799 1159 779 1175 713 1161 715 1204"/></Shape>
            <String CONTENT="de l&#x27;Administration Communale et Départementale, du"
                    HPOS="713"
                    VPOS="1122"
                    WIDTH="1526"
                    HEIGHT="110"
                    ></String>
          </TextLine>
          <TextLine ID="eSc_line_641b1206"
                    TAGREFS="LT8"
                    BASELINE="707 1316 1403 1320 2247 1285" 
                    HPOS="705"
                    VPOS="1240"
                    WIDTH="1542"
                    HEIGHT="119">
            <Shape><Polygon POINTS="707 1316 707 1343 732 1359 734 1359 736 1359 738 1359 740 1359 742 1359 769 1337 918 1335 1000 1332 1016 1332 1045 1332 1082 1353 1084 1353 1086 1353 1088 1353 1090 1353 1137 1330 1243 1351 1245 1351 1247 1351 1294 1337 1413 1347 1415 1347 1734 1328 1990 1335 1992 1335 1994 1335 1996 1335 2033 1310 2245 1304 2247 1285 2241 1240 1979 1271 1765 1273 1744 1263 1742 1263 1740 1263 1650 1275 1622 1259 1619 1259 1617 1259 1615 1259 1613 1259 1611 1259 1579 1279 1341 1283 1237 1271 1165 1263 1163 1263 1075 1265 1073 1265 1071 1265 1053 1277 1043 1285 1032 1277 1028 1273 1026 1273 1024 1273 1022 1273 967 1279 904 1288 891 1281 869 1271 867 1271 797 1271 795 1271 722 1273 719 1273 717 1273 705 1281 707 1316"/></Shape>
            <String CONTENT="25 Janvier d^er, relative aux réclamation que pourraient"
                    HPOS="705"
                    VPOS="1240"
                    WIDTH="1542"
                    HEIGHT="119"
                    ></String>
          </TextLine>
          <TextLine ID="eSc_line_8247bc9b"
                    TAGREFS="LT8"
                    BASELINE="705 1435 2221 1414" 
                    HPOS="703"
                    VPOS="1365"
                    WIDTH="1518"
                    HEIGHT="92">
            <Shape><Polygon POINTS="705 1435 705 1445 881 1453 883 1453 885 1453 906 1443 908 1443 942 1457 944 1457 947 1457 1122 1443 1137 1453 1139 1453 1141 1453 1417 1457 1419 1457 1421 1457 1423 1457 1439 1447 1505 1455 1507 1455 1562 1443 1572 1451 1574 1451 1577 1451 1579 1451 1769 1441 1802 1455 1804 1455 1806 1457 1916 1457 1916 1455 1918 1455 1961 1437 2041 1441 2043 1441 2045 1441 2084 1427 2088 1427 2092 1427 2145 1439 2147 1439 2219 1424 2221 1414 2215 1377 2178 1384 2170 1377 2155 1365 2153 1365 2151 1365 2086 1365 2084 1365 2082 1365 2080 1365 2057 1380 2049 1386 1855 1388 1840 1384 1799 1369 1797 1369 1795 1369 1793 1369 1738 1386 1726 1388 1707 1386 1609 1371 1607 1371 1605 1371 1603 1371 1577 1388 1568 1394 1515 1394 1507 1390 1472 1373 1470 1373 1468 1373 1466 1373 1417 1390 1407 1394 1399 1392 1366 1375 1364 1375 1362 1375 1360 1375 1327 1392 1325 1394 1241 1396 1237 1394 1219 1377 1217 1377 1214 1377 1172 1377 1169 1377 1167 1377 1165 1377 1139 1396 1135 1398 1129 1396 1090 1380 1088 1380 1059 1380 1057 1380 1055 1380 1053 1380 1032 1398 1030 1398 1024 1398 926 1382 924 1382 922 1382 887 1400 883 1402 703 1402 705 1435"/></Shape>
            <String CONTENT="avoir à faire les Administrations Charitables pour le"
                    HPOS="703"
                    VPOS="1365"
                    WIDTH="1518"
                    HEIGHT="92"
                    ></String>
          </TextLine>
          <TextLine ID="eSc_line_6a18d77f"
                    TAGREFS="LT8"
                    BASELINE="709 1545 1793 1535 2254 1519" 
                    HPOS="707"
                    VPOS="1474"
                    WIDTH="1547"
                    HEIGHT="96">
            <Shape><Polygon POINTS="709 1545 709 1566 1122 1555 1129 1557 1139 1568 1141 1568 1143 1568 1307 1570 1309 1570 1429 1551 1468 1547 1480 1551 1501 1559 1503 1559 1505 1559 1507 1559 1538 1551 1705 1561 1707 1561 1810 1545 1824 1543 1830 1545 1885 1561 1887 1561 1889 1561 2252 1535 2254 1519 2247 1480 2194 1490 2139 1482 2082 1474 2080 1474 2078 1474 2076 1474 2061 1484 2039 1498 1988 1488 1986 1488 1939 1498 1914 1488 1889 1478 1887 1478 1885 1478 1883 1478 1881 1478 1865 1488 1855 1496 1818 1490 1802 1488 1799 1488 1750 1492 1619 1504 1581 1502 1574 1496 1556 1482 1554 1482 1552 1482 1480 1482 1478 1482 1476 1482 1474 1482 1450 1500 1446 1504 1442 1500 1421 1484 1419 1484 1417 1484 1339 1484 1337 1484 1335 1484 1333 1484 1311 1504 1304 1510 1233 1510 1229 1506 1208 1490 1206 1490 1204 1490 1202 1490 1200 1490 1198 1490 1178 1506 1176 1510 1122 1510 1118 1508 1096 1496 1094 1496 1092 1496 1020 1510 1010 1512 989 1512 736 1494 734 1494 732 1494 730 1494 707 1510 709 1545"/></Shape>
            <String CONTENT="traitement à la charge du Gouvernement des militaires"
                    HPOS="707"
                    VPOS="1474"
                    WIDTH="1547"
                    HEIGHT="96"
                    ></String>
          </TextLine>
          <TextLine ID="eSc_line_8bf2d837"
                    TAGREFS="LT8"
                    BASELINE="703 1649 1611 1655 2231 1637" 
                    HPOS="701"
                    VPOS="1602"
                    WIDTH="1530"
                    HEIGHT="78">
            <Shape><Polygon POINTS="703 1649 703 1666 904 1680 906 1680 908 1680 947 1668 998 1680 1000 1680 1002 1680 1206 1678 1208 1678 1210 1678 1231 1664 1245 1674 1247 1674 1249 1674 1538 1678 1540 1678 1761 1676 1763 1676 1797 1662 1855 1674 1857 1674 1859 1674 1861 1674 1877 1662 1967 1672 1969 1672 2027 1660 2029 1660 2031 1660 2065 1672 2067 1672 2069 1672 2072 1672 2074 1672 2094 1660 2096 1660 2229 1660 2231 1637 2225 1602 2096 1615 2055 1602 2051 1602 2049 1602 2047 1602 2045 1602 2041 1602 2000 1615 1926 1604 1922 1604 1920 1604 1918 1604 1916 1604 1894 1619 1857 1604 1855 1604 1853 1604 1851 1604 1849 1604 1847 1604 1828 1621 1779 1623 1644 1623 1624 1606 1622 1604 1619 1604 1617 1604 1615 1604 1613 1604 1601 1606 1542 1625 1311 1625 1274 1611 1272 1611 1270 1611 1268 1611 1266 1611 1247 1623 1135 1615 1133 1615 1131 1615 1129 1615 1116 1625 1059 1613 1047 1611 1045 1611 1043 1611 1032 1613 983 1625 934 1613 910 1608 908 1608 875 1615 838 1621 803 1615 767 1608 764 1608 701 1615 703 1649"/></Shape>
            <String CONTENT="et autres personnes, nous avons l&#x27;honneur d&#x27;adresser à"
                    HPOS="701"
                    VPOS="1602"
                    WIDTH="1530"
                    HEIGHT="78"
                    ></String>
          </TextLine>
          <TextLine ID="eSc_line_5261b1f9"
                    TAGREFS="LT8"
                    BASELINE="705 1764 1257 1772 2252 1752" 
                    HPOS="703"
                    VPOS="1711"
                    WIDTH="1549"
                    HEIGHT="90">
            <Shape><Polygon POINTS="705 1764 705 1786 938 1788 953 1801 955 1801 957 1801 959 1801 1018 1790 1141 1799 1143 1799 1145 1799 1147 1799 1161 1788 1372 1797 1374 1797 1376 1797 1411 1786 1521 1792 1523 1792 1605 1776 1652 1792 1654 1792 1656 1792 1658 1792 1697 1780 1832 1790 1834 1790 1836 1790 1877 1774 2252 1766 2252 1752 2247 1713 2000 1713 1998 1713 1996 1713 1994 1713 1990 1717 1973 1729 1896 1719 1894 1719 1787 1725 1769 1721 1738 1711 1736 1711 1734 1711 1732 1711 1730 1711 1718 1721 1703 1733 1687 1721 1677 1715 1675 1715 1673 1715 1671 1715 1669 1715 1667 1715 1658 1721 1648 1731 1617 1723 1583 1713 1581 1713 1579 1713 1577 1713 1540 1723 1499 1737 1372 1737 1354 1727 1339 1717 1337 1717 1335 1717 1333 1717 1331 1717 1329 1717 1317 1727 1304 1739 1059 1739 1049 1733 1037 1723 1034 1723 1032 1723 1030 1723 1028 1723 994 1733 973 1739 955 1733 940 1729 938 1729 936 1729 934 1729 932 1729 924 1735 912 1741 852 1741 840 1735 805 1723 803 1723 722 1723 719 1723 717 1723 715 1723 703 1731 705 1764"/></Shape>
            <String CONTENT="cotre Excellence avec la présente, le Compte courant de"
                    HPOS="703"
                    VPOS="1711"
                    WIDTH="1549"
                    HEIGHT="90"
                    ></String>
          </TextLine>
          <TextLine ID="eSc_line_bf431d2a"
                    TAGREFS="LT8"
                    BASELINE="703 1880 1722 1874 2258 1858" 
                    HPOS="701"
                    VPOS="1811"
                    WIDTH="1557"
                    HEIGHT="114">
            <Shape><Polygon POINTS="703 1880 703 1907 726 1923 728 1923 730 1923 732 1925 854 1925 854 1923 857 1923 859 1923 881 1905 924 1921 926 1921 928 1923 992 1923 992 1921 1073 1903 1217 1907 1219 1907 1401 1893 1403 1893 1407 1893 1538 1905 1540 1905 1613 1889 1619 1889 1626 1889 1738 1903 1740 1903 1742 1903 1744 1903 1761 1891 1922 1897 1924 1897 2258 1878 2258 1858 2254 1819 2139 1811 2137 1811 2104 1813 2102 1813 2100 1813 2092 1821 2076 1833 2057 1821 2055 1821 2053 1821 2051 1821 2041 1821 1836 1835 1818 1823 1810 1817 1808 1817 1806 1817 1804 1817 1802 1817 1799 1817 1791 1823 1769 1846 1652 1846 1636 1831 1634 1831 1632 1831 1630 1831 1628 1831 1626 1831 1609 1846 1542 1846 1474 1829 1437 1819 1435 1819 1433 1819 1431 1819 1411 1829 1374 1848 1339 1829 1319 1821 1317 1821 1264 1821 1262 1821 1259 1821 1257 1821 1257 1823 1247 1831 1225 1850 836 1850 820 1837 807 1827 805 1827 803 1827 801 1827 701 1837 703 1880"/></Shape>
            <String CONTENT="l&#x27;hospice que nous administrons avec le ministrère de la"
                    HPOS="701"
                    VPOS="1811"
                    WIDTH="1557"
                    HEIGHT="114"
                    ></String>
          </TextLine>
          <TextLine ID="eSc_line_82ab41ca"
                    TAGREFS="LT8"
                    BASELINE="707 1997 1916 1989 2237 1979" 
                    HPOS="705"
                    VPOS="1931"
                    WIDTH="1532"
                    HEIGHT="97">
            <Shape><Polygon POINTS="707 1997 709 2021 760 2009 940 2009 1022 2017 1131 2028 1133 2028 1262 2017 1403 2026 1405 2026 1407 2026 1458 2009 1474 2005 1501 2009 1538 2013 1540 2013 1587 2007 1617 2003 1626 2007 1660 2023 1662 2023 1664 2023 1667 2023 1714 2005 1726 2001 1740 2005 1802 2021 1804 2021 1806 2021 1808 2021 1830 2011 1918 2021 1920 2021 1922 2021 1924 2021 1955 2001 1957 2001 1961 2001 2094 2011 2096 2011 2235 1995 2237 1979 2231 1931 2102 1938 2100 1938 2029 1956 1930 1956 1908 1940 1904 1936 1902 1936 1900 1936 1789 1936 1787 1936 1785 1936 1783 1936 1775 1942 1752 1958 1648 1946 1577 1938 1574 1938 1509 1950 1503 1950 1501 1950 1482 1938 1480 1938 1478 1938 1476 1938 1474 1938 1472 1938 1456 1950 1448 1958 1378 1962 1321 1954 1221 1940 1219 1940 1217 1940 1180 1958 1167 1964 1155 1958 1129 1946 1127 1946 1124 1946 1122 1946 1120 1946 1098 1960 1088 1964 1020 1964 1016 1962 977 1942 975 1942 973 1942 971 1942 920 1964 916 1968 832 1968 830 1966 809 1954 807 1954 805 1954 803 1954 801 1954 799 1954 781 1966 740 1952 738 1952 736 1952 734 1952 705 1966 707 1997"/></Shape>
            <String CONTENT="marine dans la forme présente qui s&#x27;élève suivant"
                    HPOS="705"
                    VPOS="1931"
                    WIDTH="1532"
                    HEIGHT="97"
                    ></String>
          </TextLine>
          <TextLine ID="eSc_line_08322d83"
                    TAGREFS="LT8"
                    BASELINE="713 2103 1067 2113 1900 2103" 
                    HPOS="711"
                    VPOS="2054"
                    WIDTH="1189"
                    HEIGHT="94">
            <Shape><Polygon POINTS="713 2103 713 2120 818 2134 820 2134 822 2134 869 2122 902 2148 904 2148 906 2148 908 2148 994 2136 1127 2142 1129 2142 1131 2142 1133 2142 1145 2132 1163 2146 1165 2146 1167 2146 1169 2148 1270 2148 1270 2146 1272 2146 1315 2128 1472 2128 1474 2128 1476 2128 1478 2128 1478 2126 1480 2124 1489 2118 1546 2124 1593 2130 1595 2130 1597 2130 1609 2126 1624 2118 1632 2126 1634 2128 1636 2128 1638 2128 1640 2128 1660 2126 1709 2118 1722 2126 1742 2142 1744 2142 1746 2142 1748 2144 1779 2144 1779 2142 1781 2142 1783 2142 1802 2126 1812 2118 1822 2126 1826 2130 1828 2130 1830 2130 1832 2130 1834 2130 1836 2130 1840 2126 1859 2116 1896 2126 1900 2103 1896 2075 1863 2075 1847 2058 1847 2056 1844 2056 1842 2056 1840 2056 1726 2075 1720 2075 1718 2075 1701 2058 1701 2056 1699 2056 1697 2056 1527 2054 1525 2054 1523 2054 1521 2054 1521 2056 1501 2075 1499 2075 1394 2062 1392 2062 1286 2077 1272 2079 1051 2079 1045 2077 1022 2066 1020 2066 1018 2066 1016 2066 1014 2066 1014 2068 1004 2077 1002 2081 957 2081 942 2077 848 2058 732 2058 730 2058 728 2058 726 2058 726 2060 711 2071 713 2103"/></Shape>
            <String CONTENT="l&#x27;Etat également ci joint à 16,132^f. 92."
                    HPOS="711"
                    VPOS="2054"
                    WIDTH="1189"
                    HEIGHT="94"
                    ></String>
          </TextLine>
          <TextLine ID="eSc_line_464b08c9"
                    TAGREFS="LT8"
                    BASELINE="861 2222 1638 2220 2247 2203" 
                    HPOS="859"
                    VPOS="2163"
                    WIDTH="1388"
                    HEIGHT="100">
            <Shape><Polygon POINTS="861 2222 861 2234 957 2248 959 2248 1118 2236 1149 2261 1151 2261 1153 2261 1155 2263 1202 2263 1202 2261 1272 2259 1274 2259 1276 2259 1276 2257 1294 2240 1382 2240 1409 2257 1411 2257 1413 2257 1415 2259 1460 2259 1460 2257 1462 2257 1464 2257 1464 2255 1480 2240 1540 2236 1652 2255 1654 2255 1656 2255 1693 2234 1812 2232 1844 2242 1847 2242 1849 2242 2247 2220 2247 2203 2239 2163 2184 2179 2051 2167 2039 2167 2037 2167 2027 2167 1953 2181 1939 2169 1937 2169 1937 2167 1934 2167 1932 2167 1896 2167 1894 2167 1892 2167 1889 2167 1885 2171 1865 2185 1759 2175 1734 2173 1732 2173 1730 2173 1724 2175 1699 2189 1546 2191 1470 2191 1462 2183 1452 2175 1452 2173 1450 2173 1448 2173 1446 2173 1376 2185 1333 2191 1309 2185 1259 2175 1257 2175 1198 2189 1178 2193 1153 2189 1069 2177 1067 2177 1065 2177 1028 2193 1022 2195 1006 2193 885 2179 883 2179 881 2179 879 2179 859 2191 861 2222"/></Shape>
            <String CONTENT="Nous avons espérés que ces justes reclamations"
                    HPOS="859"
                    VPOS="2163"
                    WIDTH="1388"
                    HEIGHT="100"
                    ></String>
          </TextLine>
          <TextLine ID="eSc_line_cece09ed"
                    TAGREFS="LT8"
                    BASELINE="707 2314 1644 2328 2249 2302" 
                    HPOS="705"
                    VPOS="2267"
                    WIDTH="1544"
                    HEIGHT="94">
            <Shape><Polygon POINTS="707 2314 707 2332 816 2332 852 2359 854 2359 857 2359 859 2361 891 2361 891 2359 893 2359 895 2359 920 2338 1043 2334 1223 2349 1456 2351 1458 2351 1505 2340 1529 2359 1532 2359 1534 2359 1536 2361 1628 2361 1628 2359 2249 2328 2249 2302 2245 2273 1969 2267 1967 2267 1965 2267 1949 2275 1928 2287 1879 2287 1855 2275 1834 2267 1832 2267 1830 2267 1828 2267 1826 2267 1812 2277 1791 2289 1759 2277 1740 2271 1738 2271 1736 2271 1734 2271 1732 2271 1724 2277 1707 2289 1419 2281 1407 2281 1405 2281 1401 2281 1329 2291 1292 2281 1274 2277 1272 2277 1270 2277 1268 2277 1266 2277 1259 2283 1243 2293 1067 2293 1022 2291 1014 2285 996 2269 994 2269 992 2269 989 2269 987 2269 934 2285 928 2287 924 2285 895 2273 893 2273 730 2269 728 2269 726 2269 724 2269 705 2281 707 2314"/></Shape>
            <String CONTENT="seront prises en considération et que la Liquidation suivra"
                    HPOS="705"
                    VPOS="2267"
                    WIDTH="1544"
                    HEIGHT="94"
                    ></String>
          </TextLine>
          <TextLine ID="eSc_line_6a991ad6"
                    TAGREFS="LT8"
                    BASELINE="703 2420 1730 2434 2239 2416" 
                    HPOS="701"
                    VPOS="2373"
                    WIDTH="1538"
                    HEIGHT="100">
            <Shape><Polygon POINTS="703 2420 701 2436 724 2447 726 2447 728 2447 848 2441 889 2455 891 2455 893 2455 895 2455 897 2455 914 2443 963 2451 965 2451 1131 2436 1137 2436 1141 2436 1257 2457 1259 2457 1480 2457 1497 2469 1499 2469 1501 2469 1503 2469 1505 2469 1550 2457 1769 2459 1771 2459 1834 2449 1865 2471 1867 2471 1869 2471 1871 2473 2012 2473 2012 2471 2014 2471 2080 2441 2237 2441 2239 2416 2237 2377 2090 2375 2088 2375 2086 2375 2080 2377 2045 2396 1902 2400 1869 2379 1867 2377 1865 2377 1863 2377 1861 2377 1859 2377 1857 2377 1855 2379 1818 2406 1767 2406 1734 2381 1726 2373 1724 2373 1722 2373 1720 2373 1718 2373 1701 2381 1660 2404 1452 2404 1401 2383 1380 2377 1378 2377 1376 2377 1374 2377 1372 2377 1362 2383 1335 2402 1315 2385 1300 2373 1298 2373 1296 2373 1266 2373 1264 2373 1262 2373 1259 2373 1245 2385 1229 2398 1202 2385 1178 2375 1176 2375 1174 2375 1079 2387 1069 2387 1057 2387 938 2377 936 2377 934 2377 932 2377 920 2389 906 2400 865 2389 850 2385 848 2385 846 2385 844 2385 836 2389 822 2396 703 2392 703 2420"/></Shape>
            <String CONTENT="immédiatement la Décision que voudra bien prendre"
                    HPOS="701"
                    VPOS="2373"
                    WIDTH="1538"
                    HEIGHT="100"
                    ></String>
          </TextLine>
          <TextLine ID="eSc_line_aa13c922"
                    TAGREFS="LT8"
                    BASELINE="707 2528 1552 2535" 
                    HPOS="707"
                    VPOS="2481"
                    WIDTH="845"
                    HEIGHT="95">
            <Shape><Polygon POINTS="707 2528 707 2555 740 2547 775 2555 818 2567 820 2567 822 2567 824 2567 846 2557 873 2543 1028 2557 1133 2565 1135 2565 1137 2565 1139 2565 1149 2557 1165 2545 1227 2545 1257 2557 1296 2573 1298 2573 1300 2576 1392 2576 1392 2573 1394 2573 1397 2573 1397 2571 1411 2557 1415 2553 1425 2557 1435 2561 1437 2561 1439 2561 1460 2557 1509 2547 1546 2557 1552 2535 1548 2496 1368 2502 1335 2494 1313 2488 1311 2488 1309 2488 1278 2494 1243 2502 1057 2502 1045 2492 1039 2488 1037 2488 1034 2488 1032 2488 1006 2492 977 2498 969 2492 957 2481 955 2481 953 2481 899 2481 897 2481 895 2481 893 2481 893 2484 883 2492 881 2494 867 2492 807 2481 805 2481 707 2490 707 2528"/></Shape>
            <String CONTENT="votre Excellence à cet égard"
                    HPOS="707"
                    VPOS="2481"
                    WIDTH="845"
                    HEIGHT="95"
                    ></String>
          </TextLine>
          <TextLine ID="eSc_line_3c61ffcd"
                    TAGREFS="LT8"
                    BASELINE="861 2616 1982 2616" 
                    HPOS="861"
                    VPOS="2567"
                    WIDTH="1121"
                    HEIGHT="80">
            <Shape><Polygon POINTS="861 2616 861 2639 1460 2647 1462 2647 1464 2647 1484 2637 1489 2637 1497 2637 1550 2647 1552 2647 1611 2637 1619 2637 1982 2637 1982 2616 1982 2592 1922 2592 1922 2590 1900 2569 1900 2567 1898 2567 1896 2567 1785 2567 1783 2567 1781 2567 1779 2567 1754 2588 1752 2590 1748 2588 1701 2569 1699 2569 1697 2569 1695 2569 1630 2588 1619 2590 1615 2588 1585 2567 1583 2567 1581 2567 1579 2567 1466 2569 1464 2569 1462 2569 1462 2571 1446 2586 1439 2592 1280 2592 1272 2584 1257 2569 1257 2567 1255 2567 1253 2567 1251 2567 1249 2567 1247 2567 1231 2578 1210 2567 1208 2567 1206 2567 1204 2567 1202 2567 1180 2582 1165 2592 1008 2592 996 2580 994 2578 992 2578 989 2578 987 2578 985 2578 975 2580 959 2584 942 2580 906 2569 904 2569 902 2569 861 2578 861 2616"/></Shape>
            <String CONTENT="Nous avons l&#x27;honneur d&#x27;être ⟦⟧"
                    HPOS="861"
                    VPOS="2567"
                    WIDTH="1121"
                    HEIGHT="80"
                    ></String>
          </TextLine>
          <TextLine ID="eSc_line_1af5a1c2"
                    TAGREFS="LT8"
                    BASELINE="1137 2715 1669 2712 2247 2692" 
                    HPOS="1135"
                    VPOS="2649"
                    WIDTH="1112"
                    HEIGHT="108">
            <Shape><Polygon POINTS="1137 2715 1137 2731 1491 2735 1519 2757 1521 2757 1523 2757 1525 2757 1613 2755 1615 2755 1617 2755 1617 2753 1642 2729 1687 2737 1689 2737 1830 2725 1879 2737 1881 2737 1883 2737 1885 2737 1906 2727 1949 2727 1969 2745 1969 2747 1971 2747 1973 2747 1975 2747 2069 2745 2072 2745 2074 2745 2074 2743 2098 2719 2135 2712 2192 2721 2194 2721 2247 2708 2247 2692 2241 2655 2065 2663 2053 2661 2018 2649 2016 2649 2014 2649 2012 2649 1963 2663 1943 2670 1937 2663 1922 2653 1922 2651 1920 2651 1918 2651 1916 2651 1849 2668 1820 2674 1802 2670 1763 2657 1761 2657 1759 2657 1757 2657 1724 2672 1714 2678 1664 2678 1658 2674 1628 2657 1626 2657 1624 2657 1622 2657 1619 2657 1619 2659 1601 2676 1599 2678 1595 2676 1566 2661 1564 2661 1562 2661 1560 2661 1527 2678 1525 2680 1523 2678 1503 2661 1501 2661 1499 2661 1464 2661 1462 2661 1460 2661 1458 2661 1427 2682 1425 2682 1423 2682 1362 2663 1360 2663 1358 2663 1356 2663 1354 2663 1329 2684 1255 2665 1253 2665 1251 2665 1249 2665 1247 2665 1229 2678 1217 2668 1214 2668 1212 2668 1161 2668 1159 2668 1157 2668 1155 2668 1135 2682 1137 2715"/></Shape>
            <String CONTENT="Les membres de la Commission des hospices"
                    HPOS="1135"
                    VPOS="2649"
                    WIDTH="1112"
                    HEIGHT="108"
                    ></String>
          </TextLine>
          <TextLine ID="eSc_line_3fd527cd"
                    TAGREFS="LT8"
                    BASELINE="1217 2796 1599 2792" 
                    HPOS="1214"
                    VPOS="2745"
                    WIDTH="385"
                    HEIGHT="64">
            <Shape><Polygon POINTS="1217 2796 1217 2809 1597 2807 1599 2792 1595 2766 1534 2766 1529 2762 1507 2745 1505 2745 1503 2745 1501 2745 1499 2745 1468 2760 1462 2762 1442 2757 1382 2747 1380 2747 1378 2747 1364 2755 1341 2766 1214 2749 1217 2796"/></Shape>
            <String CONTENT="de Senlis"
                    HPOS="1214"
                    VPOS="2745"
                    WIDTH="385"
                    HEIGHT="64"
                    ></String>
          </TextLine>
          <TextLine ID="eSc_line_6429f1a0"
                    TAGREFS="LT8"
                    BASELINE="1272 2874 2047 2860" 
                    HPOS="1270"
                    VPOS="2807"
                    WIDTH="777"
                    HEIGHT="96">
            <Shape><Polygon POINTS="1272 2874 1272 2882 1368 2899 1370 2899 1511 2880 1552 2903 1554 2903 1556 2903 1613 2890 1626 2901 1628 2901 1630 2901 1632 2903 1714 2903 1714 2901 1716 2901 1718 2901 1740 2882 1930 2888 1932 2888 1934 2888 1937 2888 1937 2886 1951 2872 2047 2868 2047 2860 2045 2825 2018 2807 2016 2807 2014 2807 1934 2807 1932 2807 1826 2809 1824 2809 1767 2831 1699 2831 1683 2819 1681 2819 1679 2819 1677 2819 1675 2819 1673 2819 1654 2833 1574 2833 1564 2825 1564 2823 1562 2823 1560 2823 1558 2823 1489 2829 1437 2819 1435 2819 1433 2819 1431 2819 1405 2835 1382 2823 1380 2823 1378 2823 1376 2823 1374 2823 1358 2837 1325 2827 1323 2827 1321 2827 1319 2827 1270 2839 1272 2874"/></Shape>
            <String CONTENT="Suivent les signatures."
                    HPOS="1270"
                    VPOS="2807"
                    WIDTH="777"
                    HEIGHT="96"
                    ></String>
          </TextLine>
          <TextLine ID="eSc_line_4ee25613"
                    TAGREFS="LT8"
                    BASELINE="1290 2974 2135 2964" 
                    HPOS="1288"
                    VPOS="2905"
                    WIDTH="847"
                    HEIGHT="116">
            <Shape><Polygon POINTS="1290 2974 1290 2980 1444 2997 1446 2997 1448 2997 1450 2997 1470 2984 1505 3017 1505 3019 1507 3019 1509 3019 1511 3021 1607 3021 1607 3019 1609 3019 1611 3019 1636 2997 1714 2995 1716 2995 1718 2995 1718 2993 1734 2978 1810 3015 1812 3015 1814 3017 1873 3017 1873 3015 1875 3015 1877 3015 1877 3013 1904 2988 2063 2988 2063 2986 2065 2986 2092 2974 2117 2986 2119 2986 2121 2986 2123 2986 2125 2986 2125 2984 2127 2984 2135 2974 2135 2964 2133 2929 2112 2915 2110 2915 2108 2915 2106 2915 2104 2915 2102 2915 2084 2927 2063 2909 2063 2907 2061 2907 2059 2907 1990 2905 1988 2905 1910 2907 1908 2907 1834 2931 1799 2907 1797 2907 1795 2907 1793 2907 1791 2907 1789 2907 1748 2935 1628 2935 1603 2913 1603 2911 1601 2911 1599 2911 1564 2911 1562 2911 1560 2911 1558 2911 1529 2935 1493 2927 1491 2927 1415 2937 1390 2915 1390 2913 1388 2913 1386 2913 1347 2913 1345 2913 1343 2913 1288 2937 1290 2974"/></Shape>
            <String CONTENT="Pour Copie Conforme."
                    HPOS="1288"
                    VPOS="2905"
                    WIDTH="847"
                    HEIGHT="116"
                    ></String>
          </TextLine>
          <TextLine ID="eSc_line_4e1c1a4f"
                    TAGREFS="LT8"
                    BASELINE="1217 3074 2252 3058" 
                    HPOS="1214"
                    VPOS="3005"
                    WIDTH="1038"
                    HEIGHT="98">
            <Shape><Polygon POINTS="1217 3074 1217 3089 1405 3089 1425 3099 1427 3099 1429 3099 1552 3087 1562 3095 1562 3097 1564 3097 1566 3097 1568 3097 1685 3091 1728 3103 1730 3103 1732 3103 1789 3091 1814 3101 1816 3101 1818 3101 1820 3101 1863 3091 1928 3099 1930 3099 1932 3099 1934 3099 1934 3097 1947 3087 1990 3095 1992 3095 1994 3095 1996 3095 2016 3080 2035 3095 2037 3095 2039 3095 2041 3095 2155 3076 2204 3087 2207 3087 2209 3087 2252 3072 2252 3058 2247 3009 2119 3005 2117 3005 2069 3013 2039 3019 2022 3015 1992 3007 1990 3007 1988 3007 1986 3007 1984 3007 1984 3009 1975 3017 1961 3029 1851 3021 1799 3017 1797 3017 1795 3017 1793 3017 1787 3023 1777 3031 1761 3023 1732 3011 1730 3011 1728 3011 1726 3011 1699 3025 1683 3035 1624 3035 1617 3027 1605 3019 1605 3017 1603 3017 1601 3017 1599 3017 1597 3017 1595 3017 1577 3029 1566 3035 1534 3031 1480 3023 1478 3023 1407 3035 1388 3038 1386 3035 1370 3023 1368 3023 1366 3023 1364 3023 1362 3023 1325 3035 1309 3021 1309 3019 1307 3019 1304 3019 1264 3019 1262 3019 1259 3019 1214 3038 1217 3074"/></Shape>
            <String CONTENT="Le maitre des Requêtes, Directeur"
                    HPOS="1214"
                    VPOS="3005"
                    WIDTH="1038"
                    HEIGHT="98"
                    ></String>
          </TextLine>
          <TextLine ID="eSc_line_a7841124"
                    TAGREFS="LT8"
                    BASELINE="1082 3172 1581 3172 2190 3148" 
                    HPOS="1079"
                    VPOS="3101"
                    WIDTH="1111"
                    HEIGHT="133">
            <Shape><Polygon POINTS="1082 3172 1082 3197 1172 3232 1174 3232 1247 3234 1249 3234 1315 3232 1317 3232 1319 3232 1356 3205 1435 3207 1437 3207 1519 3189 1542 3189 1579 3224 1579 3226 1581 3226 1583 3226 1585 3226 1634 3224 1636 3224 1638 3224 1685 3185 1730 3201 1732 3201 1734 3201 1736 3201 1769 3189 1797 3217 1797 3219 1799 3219 1802 3219 1804 3222 1844 3222 1844 3219 1847 3219 1945 3183 1992 3199 1994 3199 1996 3199 1998 3199 2000 3199 2000 3197 2016 3183 2035 3195 2037 3195 2039 3195 2041 3195 2190 3170 2190 3148 2188 3111 2176 3101 2174 3101 2172 3101 2170 3101 2168 3101 2166 3101 2143 3115 2139 3117 2117 3115 2031 3107 2029 3107 2027 3107 1996 3117 1984 3121 1973 3117 1930 3105 1928 3105 1926 3105 1924 3105 1879 3119 1873 3121 1869 3119 1847 3113 1844 3113 1842 3113 1840 3113 1838 3113 1838 3115 1832 3121 1826 3127 1709 3127 1685 3123 1630 3113 1628 3113 1626 3113 1599 3125 1585 3132 1517 3127 1419 3119 1417 3119 1356 3121 1354 3121 1337 3130 1323 3138 1307 3132 1282 3121 1280 3121 1278 3121 1276 3121 1274 3121 1259 3132 1245 3140 1231 3132 1214 3123 1212 3123 1210 3123 1208 3123 1184 3134 1163 3142 1147 3134 1133 3125 1131 3125 1129 3125 1079 3134 1082 3172"/></Shape>
            <String CONTENT="de la Comptabilité des fonds et Invalides."
                    HPOS="1079"
                    VPOS="3101"
                    WIDTH="1111"
                    HEIGHT="133"
                    ></String>
          </TextLine>
          <TextLine ID="eSc_line_7495364c"
                    TAGREFS="LT8"
                    BASELINE="1585 3283 1975 3293" 
                    HPOS="1583"
                    VPOS="3199"
                    WIDTH="392"
                    HEIGHT="176">
            <Shape><Polygon POINTS="1585 3283 1583 3309 1732 3314 1757 3332 1814 3373 1816 3373 1818 3373 1918 3375 1920 3375 1922 3375 1973 3356 1975 3293 1975 3250 1947 3238 1945 3238 1943 3238 1941 3238 1912 3248 1910 3250 1910 3248 1889 3232 1887 3232 1885 3232 1883 3232 1881 3232 1838 3248 1836 3250 1775 3250 1773 3246 1730 3203 1730 3201 1728 3201 1726 3201 1664 3199 1662 3199 1660 3199 1585 3240 1585 3283"/></Shape>
            <String CONTENT="Jouviant"
                    HPOS="1583"
                    VPOS="3199"
                    WIDTH="392"
                    HEIGHT="176"
                    ></String>
          </TextLine>
        </TextBlock>
        <TextBlock HPOS="96"
                   VPOS="1125"
                   WIDTH="534"
                   HEIGHT="649"
                   ID="eSc_textblock_afe81ff7"
                   TAGREFS="QZ13">
          <Shape><Polygon POINTS="96 1125 96 1774 630 1774 630 1125"/></Shape>
          <TextLine ID="eSc_line_6f41160c"
                    TAGREFS="LT8"
                    BASELINE="265 1300 523 1302" 
                    HPOS="265"
                    VPOS="1204"
                    WIDTH="258"
                    HEIGHT="116">
            <Shape><Polygon POINTS="409 1206 388 1208 368 1210 347 1210 343 1210 296 1249 290 1251 265 1251 265 1300 265 1318 292 1308 321 1316 337 1320 339 1320 341 1320 521 1306 523 1302 515 1234 494 1253 470 1253 456 1236 423 1206 423 1204 409 1206"/></Shape>
            <String CONTENT="Pour"
                    HPOS="265"
                    VPOS="1204"
                    WIDTH="258"
                    HEIGHT="116"
                    ></String>
          </TextLine>
          <TextLine ID="eSc_line_2da7e31e"
                    TAGREFS="LT8"
                    BASELINE="137 1429 627 1435" 
                    HPOS="134"
                    VPOS="1369"
                    WIDTH="493"
                    HEIGHT="92">
            <Shape><Polygon POINTS="137 1429 134 1453 235 1447 351 1453 492 1461 494 1461 625 1449 627 1435 625 1402 537 1402 527 1396 492 1377 490 1377 488 1377 486 1377 439 1392 417 1400 343 1400 325 1386 304 1369 302 1369 300 1369 298 1369 296 1369 261 1384 239 1392 227 1382 214 1369 212 1369 210 1369 208 1369 137 1375 137 1429"/></Shape>
            <String CONTENT="la Direction"
                    HPOS="134"
                    VPOS="1369"
                    WIDTH="493"
                    HEIGHT="92"
                    ></String>
          </TextLine>
          <TextLine ID="eSc_line_268745d0"
                    TAGREFS="LT8"
                    BASELINE="143 1570 605 1570" 
                    HPOS="143"
                    VPOS="1510"
                    WIDTH="462"
                    HEIGHT="113">
            <Shape><Polygon POINTS="143 1570 143 1596 173 1590 182 1596 210 1621 212 1621 214 1621 216 1623 292 1623 292 1621 335 1617 337 1617 339 1617 372 1592 376 1590 460 1588 470 1592 490 1600 492 1600 494 1600 497 1600 521 1590 539 1584 603 1588 605 1570 605 1543 521 1543 515 1535 511 1533 511 1531 509 1531 507 1531 505 1531 482 1533 447 1539 435 1531 411 1510 409 1510 407 1510 404 1510 402 1510 362 1525 359 1527 357 1525 343 1512 343 1510 341 1510 339 1510 306 1510 304 1510 302 1510 300 1510 300 1512 290 1521 267 1543 229 1543 200 1514 198 1512 198 1510 196 1510 194 1510 143 1510 143 1570"/></Shape>
            <String CONTENT="des Colonies."
                    HPOS="143"
                    VPOS="1510"
                    WIDTH="462"
                    HEIGHT="113"
                    ></String>
          </TextLine>
        </TextBlock>
      </PrintSpace>
    </Page>
  </Layout>
</alto>
