2528 3712
247 247 396 101 Marine.

301 439 283 86 Bureau

241 540 400 103 des Troupes

266 639 346 78 des Colonies.

253 760 316 155 Officier

1602 126 731 112 D n° 22.

705 461 318 118 Liberté.

1882 461 295 151 Egalité.

1190 886 995 91 Paris, le 10 Vend^re ⟦Prairial⟧ an 10.

1252 977 760 93 de la République française.

175 1029 708 86 on demande si c'est à la

121 1119 760 68 caisse des Invalides ou à celle

117 1202 691 72 des affaires courantes à

123 1262 782 92 supporter une pension de 600. f.

136 1338 644 78 par an au C. Daillebout

1077 1128 747 195 Rapport

953 1327 1370 108 Le Ministre de l'Interieur par sa lettre du

858 1424 1484 85 30. floréal dernier engage celui de les marine et des

792 1519 1539 70 colonies à prendre en considération la réclamation qu'il

747 1585 1597 85 fait pour l'hospice de la charité de Senlis, du payement

755 1672 1599 82 d'une pension de 600. francs par an, qui avoit été promise par

749 1746 1597 99 l'ancien Gouvernement au C. Charles Philippe Daillebout

740 1835 1600 93 ci devant officier dans les Troupes Servant à Cayenne, et

736 1915 1608 99 admis aud. hopital. pour cause de démence, en éxécution d'un

736 1996 1164 95 ordre du Roi en date du 22. avril 1787.

879 2082 1457 108 Il ajoute que l'hospice de la charité ayant recu du

744 2152 1606 120 Gouvernement des Secours qui l'ont à peu près dédommagé jusqu'en

734 2233 1608 128 l'an 9. la demande du non payement de ⟦cette⟧ pension, ne

742 2322 756 111 commencera qu'à cette époque.

1248 2416 669 108 Observations.

705 2577 1637 138 supérieur des frères de la charité de recevoir et faire garder

914 2515 1432 118 L'ordre qui a effectivement été donné le 22 avril 1787 au

714 2662 1634 117 le C. Daillebout Lieutenant en 2^d des Troupes de Cayenne, avec la

707 2748 1571 110 clause que les frais de sa pension par le trésorier Général du

1564 2748 334 56 ^seraient payées

697 2829 1649 103 département de la marine et des Colonies. Il parait juste de

701 2907 1616 99 faire droit à la réclamation formée par ledit hospice, et de lui

695 2986 1645 97 procurer à datter de l'an 9. de payement du montant de la pension

693 3058 1636 101 du C. Daillebout fixée à la Somme de 600. francs par an;

114 1688 551 130 Le bureau

173 1781 585 158 du C^t Lefebvre

139 1886 513 121 a traité ouï du

142 1958 647 136 traiter cette affaire
