3672 2880
710 391 2786 194 Aujourd'huy Vingt-six juin Mil sept cent soixante sept le Roy etant à Versailles. Sur ce qui a été représenté

736 561 2752 101 a sa Majesté de la part du nommé jacques Augerant déserteur de la Légion de l'isle de france qu'entrainé par des suggestions étrangères il a

740 641 2743 91 eû le malheur de déserter de cette Légion où il s'étoit enrollé qu'un jugement du Conseil de Guerre rendu par Contumace au Port Louis le huit Avril

662 715 2810 83 dernier l'avoit condamné suivant la rigueur des ordonnances à la peine de Mort; que dans ces circonstances il ose suplier sa Majesté de

710 777 2770 87 Vouloir bienen lui pardonnant sa faute, le mettre en etat de la réparer par de nouveaux services, à quoy ayans égard et désirant préférer en cette occasion

723 841 2773 85 miséricorde à la Discipline militaire, sa Majesté aquitté remis et pardonné, quitte remer et pardonne audit Jacques Augerant le délit

704 910 2788 91 par lui commis avec toutes peines, offenses et Amendes corporelles, criminelles et civiles qu'il peut avoir encourües à ce sujet envers sa

705 984 2783 92 Majesté en justice, met à cet veffet à Néant tant ledit Jugement par contumace du huit avril dernier, que tous autres qui pourroient avoir

710 1052 2770 95 été et etre après rendus pour raison du même Délit contre le supliant, lequel sa Majesté a remis, et restitué, remes et restitüe en sa

705 1116 2797 96 bonne renommée et en ses biens non d'ailleurs confisqués, imposant sur ce Silence perpetuel à ses Procureurs Généraux leurs substituts

708 1204 2789 93 présents et à venir et à tout Autres, a condition Toutes fois par le Dit Jacques Augerent supliant de servir pendant toute sa Vie

656 1270 2827 102 dans la Légion de S^t Domingue. Mandes et Ordonne sa Majesté au Conseil de guenne qu'elle veut pour cet effet etre assemblé à la Légion de St Domingue d'Enthériner

707 1347 2782 105 le présent Brevet de grace, rémission et pardon et Du Contenu en icelui Jouïs er uses sous la condition cu dessus par ledit jacques Augerant pleinement

673 1419 2800 125 et paisiblement et perpetuellement ayant sa Majesté pour assurance de sa Volonté, signé de sa main le Dit présent Brevet qu'elle a fait contre signer

710 1507 1560 120 par moi son Conseiller secrétaire d'Etat et de ses Commandements et finances.

1718 1587 218 125 Louïs

1195 2169 653 184 Le duc de Praslin
