3072 3488
674 284 1488 152 antoine Beguinot soldat de la Compagnie de Levie

682 408 1475 115 du depot des colonies a l'isle de Ré en foy de quoy avons

670 505 1469 132 fais adresser le present procés verbal pour être

680 596 1471 136 deposé au Greffe de la Maréchaussée a La Rochelle

693 691 1450 126 les dits jours et an de l'autre part dans acte. Signé

701 804 626 110 Cornet et du Sollon

1038 924 803 139 Copie de l'Interrogatoire

703 1067 1487 116 Interrogé de son nom, Surnom, age, qualité et demeure

765 1182 1440 106 dit se nommer antoine Beguinot ⎀ agé de dix huit

720 1284 1477 95 ans; natif de neuvelle a Syn Lucie de Langres, garçon

711 1383 1481 99 Boulanger et soldat au Régiment des colonies en

722 1476 1483 103 garnison a l'Isle de Ré, depuis dix huit mois s'étant

720 1569 1505 107 engagé a Paris ou il a reçu Six Livres et pour environ

719 1650 1482 121 Trente livres d'effets qui lui ont été fourni, tant a

724 1742 1442 112 Paris qu'a l'Isle de Ré et a Rochefort ou il a joint.

784 1837 1413 110 Interrogé combier il y a de temps qu'il a quitté le

719 1924 1502 124 Régiment, pourquoi et si son intention n'etoie pas

728 2017 361 69 de déserter.

775 2086 1438 113 a dit être parti de l'isle de Ré le quatorze avril

728 2191 1487 116 dernier, pour aller a l'hopital de S^t jean d'angely

730 2278 1506 109 afin d'y etre traitté de la fievre et du scorbut dont il

726 2381 1458 105 étoie attaqué et n'est pas encore entierement

732 2478 1496 110 guerri, que lorsqu'il a été arreté dans le Bourg de

742 2567 1514 111 Surgères, il venoit de conduire le nommé L'esperance

742 2668 1494 108 soldat du Régimens de vernandois qui avoit resté

736 2765 1529 108 avec lui près de quatre moi audit hopital de S^t Jean

742 2858 1521 106 jean dangely, qu'il n'avoit nullemens l'intention

746 2957 1510 114 de deserter puisqu'il retournoit au meme hopital

407 1185 279 120 ⎀ arrivée au dépot

414 1292 235 78 Le 5 May 1774
