2400 3720
248 223 396 103 Ministère

202 361 445 99 de la Marine

252 473 386 103 et des Colonies

159 706 388 93 4^e Direction

239 803 250 98 fonds.

59 942 581 120 B^au des Dépenses de france.

692 307 426 96 M. Jubelin

828 157 1315 175 Paris le 6 Juillet 1820. AM

717 384 368 132 Urgent

679 483 186 137 6

1161 440 226 95 Note

750 574 1273 128 pour la Direction des Colonies.

820 863 1257 124 J'ai l'honneur de transmettre à Monsieur le

620 975 1577 143 Directeur des Colonies Copie d'uen réclamation des administrateurs

624 1099 1569 169 de l'hospice de Senlis et Extrait d'un Compte qui y était

568 1266 229 124 joint.

768 1299 1435 151 Il a été répondu, sous le timbre fonds, sur la partie

630 1436 1569 116 de cette ràclamation relative au service Marine, et les

632 1545 1569 126 administrateurs de l'hospice ont été présents en même

632 1671 1584 133 tems qu'il leur serait écrit particulièrement en ce qui concerne

632 1775 1590 140 la demande au payement de la pension du S^r Daillebout,

640 1905 1212 112 amcien Lieutenant des Troupes de Cayenne.

812 2012 1426 118 Ce dernier objet paroissant rentrer dans les attributions

655 2114 1571 142 de la Direction des colonies Je prie Monsieur Mauduit

653 2246 1416 153 de vouloir bien prendre les ordres du Ministre

1244 2366 914 140 Le maitre des Requêtes,

1178 2502 1021 141 Directeur de la Comptabilité

1182 2637 852 140 des fonds et Invalides.

1467 2750 436 244 Jourvant

55 1137 394 366 Le 31 Juillet

74 1162 508 508 1823 Ecrit au

71 1258 533 499 M^tre de l'Interieur
