2158 3538
883 166 1111 191 Extrait des registres du

940 351 1103 160 Greffe du siege Royal du Cap

144 133 545 117 17. 7^bre 1766

129 310 447 153 Sent^ce définitive.

519 613 1532 157 Vû par nous Baptiste Esteve Conseiller du

540 744 1507 152 roy Sénéchal juge Civil et Criminel du Siege

562 876 1411 146 royal du Cap, la procedure par nous

531 992 1512 157 Extraordinairement instruite, à la requête

542 1145 1519 152 du procureur du roy de ce Siege procedant

546 1281 1505 126 de son office, demandeur et accusateur

554 1423 1489 121 Contre le nommé Tach arquebusier

544 1519 1476 167 En Cette ville, accusé contumace la

542 1658 1496 164 Remontrance en plainte du procureur du

552 1826 1505 131 Roy de ce siege, du treize may dernier

570 1941 1477 134 Tendante à avoir acte de sa plainte

564 2083 1499 145 permis d'informer et que le n^é Tach

558 2219 1505 165 seroit decrété de prise de Corps par nous

566 2370 1509 140 decerné Contre ledit Tach le même jour

515 2504 1554 159 treize may dernier, qui donne acte au

548 2643 1488 173 procureur du roy de sa plainte –

548 2773 1531 187 permis d'informer, et que l'homme d'ont

578 2903 1485 184 s'agit tué par led. Tach seroit vû

552 3030 1513 197 Et visité par deux Chirurgiens du
