2944 3672
1083 177 1579 122 dassignation a luy donné pour deposer a la–

1077 267 1611 130 requete du procureur du roy de ce jour par Laliquet

1073 373 585 102 huissier de ce siege.

1252 422 1434 132 Depose sur les faits enoncés en la remontrance

1081 499 1583 151 en planite du dit procureur du roy du jour d hier

1079 587 1479 135 dont lecture luy a été faite par le Greffier

1075 671 1567 151 commis que le jour dhier vers les neuf a dix–

1075 752 1618 157 heures du matin le sieur Vrigneau vint chés luy

1075 842 1591 171 déposant a leffet de brocanter ensemble des

1095 948 1577 147 pistolets que luy deposant ayant pris ceux

1075 1038 1609 149 dudit sieur Vrigneau luy donna en Echange

1085 1136 1583 147 une paire a luy appartenant quaprés que le

1077 1238 1607 149 dit Echange fut fait luy déposant dechargea

1081 1323 1603 164 les pistolets que le dit sieur Vrigneau venoit

1081 1413 1559 174 de luy donner, et de la meme charge desdits

1093 1530 1593 161 pistolets Il chargea ceux quil Echangeoit

1077 1627 1599 160 au sieur Vrigneau que sur les onze heures luy

1079 1729 1585 168 déposant et le dit sieur Vrigneau furent chez

1085 1833 1601 145 le sieur Tache a leffet de faire recoler un petit

1093 1929 1600 155 morceau de bois de lafu d'un des dïts pistolets

1091 2021 1585 159 que le dït sieur Vrigneau en Entrant chés le –

1079 2117 1595 169 Sieur Tache luy demanda sil pouvait luy

1089 2221 1602 143 racomoder ledit morceau de bois a son pistolet

1083 2327 1599 145 a quoy ledit Tache repondit quil n'en avait

1085 2429 1469 147 pas le temps que le dit sieur Vrigneau–

1073 2529 1569 143 saddressa ensuite au garçon du sieur Tache

1077 2621 1605 169 aprés luy avoir parlé luy deposant et le dit

1075 2729 1505 149 sieur Vrigneau se retirerent, le dit sieur

1075 2821 1593 159 Vrigneau ayant laissé ces deux pistolets sur

1079 2927 1514 135 letably a coté dou travailloit le garçon

1083 3004 1595 168 que vers les une heure de laprés midy dudit

1079 3115 1575 151 jour le garçon de luy déposant dont Il ne

1073 3217 1528 146 scait pas le nom propre ne lappellant–
