2624 3968
248 0 393 367 M. d L R.

152 297 622 450 Taillevis de Périgny

1530 535 818 108 M del R.ou.

1323 705 1102 115 M de Taillevis de Perigny cy devant Lieutenant

1296 798 1133 83 de Roy a Leogane a obtenu sa retraite au mois

1303 861 1109 86 de ꝯ^bre 1771 avec une pension de 1500 argent

1298 921 1165 104 de france payable à S^t Domingue. Il demande

1298 974 1167 117 a etre payé de cette pension en France et il

1307 1047 1162 110 représente qu'il a une nombreuse famille a Elever

1300 1115 1145 104 qu'un payement exacte de sa pension luy est

1272 1185 1166 111 absolument necessaire et quil aprouveroit

595 284 1813 1144 Monseigneur des retards tres gesnants pour luy

1245 1320 1231 121 sil êtoit obligé de la toucher a S^t Domingue

1453 1402 1001 108 d'un côté Il a êté decidé que toutes les

1309 1472 1171 119 pensions des officiers de S^t Domingue seroient

1318 1547 1125 104 payées dans la Colonie mais par lart^e

1307 1611 1169 123 4 de lord^ce de 1763 il est dit que les officiers

1303 1690 1168 102 réformés de cette Colonie seront payés a

1300 1767 1180 102 leur choix, ou en france ou a St Domingue

1298 1847 1169 99 et la demande de M de Perigny ﻿﻿⟦...⟧

1294 1913 1171 88 seroit susceptible daucune difficulté et il s'en

1292 1972 1135 108 fut tenu a cette reforme et ne fut point

1276 2045 545 104 Rentré au service

340 988 2015 1296 C'est peut être abuser de vos bontés que de vous demander cette

593 2277 1870 106 ordonnance sur la caisse des fonds des colonies de france, du paiement

507 2371 1960 106 d'une année de la pension de retraite de 1500# argent de france que vous

593 2477 1825 113 m'avez obtenüe du Roy, et dont une année est échu le 10. pctobre

579 2601 380 103 Dernier.

716 2669 1705 126 Mais Monseigneur, il est des cas extraordonaires

608 2810 1791 102 aussi. Mes biens sont la bas, et moi icy, avec une tres nombreuse

522 2905 1883 132 famille, dont les besoins s'accroissent tous les jours, et j'entire bien

597 3017 1797 124 peu, ayant eprouvé depuis trois ans que je suis en france, deux

610 3125 1808 108 années de sec, un ouragan aux cayes en dernier lieu, et trois ans de

579 3218 1740 157 sa plus ruineuse régie, a laquelle je ne viens que de metre ordre.
