<?xml version="1.0" encoding="UTF-8"?>
<alto xmlns:xsi="http://www.w3.org/2001/XMLSchema-instance"
      xmlns="http://www.loc.gov/standards/alto/ns-v4#"
      xsi:schemaLocation="http://www.loc.gov/standards/alto/ns-v4# http://www.loc.gov/standards/alto/v4/alto-4-2.xsd">
  <Description>
    <MeasurementUnit>pixel</MeasurementUnit>
    <sourceImageInformation>
      <fileName>FRCAOM06_COLE_241620A_0121.jpg</fileName>
    </sourceImageInformation>
  </Description>
  <Tags>
    <OtherTag ID="QZ7" LABEL="CustomZone" DESCRIPTION="block type CustomZone"/><OtherTag ID="QZ8" LABEL="DamageZone" DESCRIPTION="block type DamageZone"/><OtherTag ID="QZ9" LABEL="DigitizationArtefactZone" DESCRIPTION="block type DigitizationArtefactZone"/><OtherTag ID="QZ10" LABEL="DropCapitalZone" DESCRIPTION="block type DropCapitalZone"/><OtherTag ID="QZ11" LABEL="GraphicZone" DESCRIPTION="block type GraphicZone"/><OtherTag ID="QZ12" LABEL="MainZone" DESCRIPTION="block type MainZone"/><OtherTag ID="QZ13" LABEL="MarginTextZone" DESCRIPTION="block type MarginTextZone"/><OtherTag ID="QZ14" LABEL="MusicZone" DESCRIPTION="block type MusicZone"/><OtherTag ID="QZ15" LABEL="NumberingZone" DESCRIPTION="block type NumberingZone"/><OtherTag ID="QZ17" LABEL="QuireMarksZone" DESCRIPTION="block type QuireMarksZone"/><OtherTag ID="QZ18" LABEL="RunningTitleZone" DESCRIPTION="block type RunningTitleZone"/><OtherTag ID="QZ19" LABEL="SealZone" DESCRIPTION="block type SealZone"/><OtherTag ID="QZ20" LABEL="StampZone" DESCRIPTION="block type StampZone"/><OtherTag ID="QZ21" LABEL="TableZone" DESCRIPTION="block type TableZone"/><OtherTag ID="QZ22" LABEL="TitlePageZone" DESCRIPTION="block type TitlePageZone"/>
    <OtherTag ID="LT7" LABEL="CustomLine" DESCRIPTION="line type CustomLine"/><OtherTag ID="LT8" LABEL="DefaultLine" DESCRIPTION="line type DefaultLine"/><OtherTag ID="LT9" LABEL="DropCapitalLine" DESCRIPTION="line type DropCapitalLine"/><OtherTag ID="LT10" LABEL="HeadingLine" DESCRIPTION="line type HeadingLine"/><OtherTag ID="LT11" LABEL="InterlinearLine" DESCRIPTION="line type InterlinearLine"/><OtherTag ID="LT12" LABEL="MusicLine" DESCRIPTION="line type MusicLine"/>
  </Tags>
  <Layout>
    <Page WIDTH="2976"
          HEIGHT="3672"
          PHYSICAL_IMG_NR="10"
          ID="eSc_dummypage_">
      <PrintSpace HPOS="0"
                  VPOS="0"
                  WIDTH="2976"
                  HEIGHT="3672">
        <TextBlock HPOS="1126"
                   VPOS="245"
                   WIDTH="1612"
                   HEIGHT="3064"
                   ID="eSc_textblock_f992863d"
                   TAGREFS="QZ12">
          <Shape><Polygon POINTS="1126 245 1126 3309 2738 3309 2738 245"/></Shape>
          <TextLine ID="eSc_line_6bd8c7f4"
                    TAGREFS="LT8"
                    BASELINE="1138 283 1528 273 2263 273" 
                    HPOS="1136"
                    VPOS="206"
                    WIDTH="1127"
                    HEIGHT="110">
            <Shape><Polygon POINTS="2239 224 2218 212 2200 206 2075 220 1988 210 1986 210 1984 210 1953 222 1900 212 1898 212 1847 222 1841 224 1834 222 1798 210 1796 210 1794 210 1792 210 1790 210 1773 224 1771 226 1671 226 1669 224 1653 210 1651 210 1649 210 1561 210 1559 210 1557 210 1555 210 1536 224 1534 226 1485 228 1420 228 1416 224 1396 212 1394 212 1392 212 1310 212 1308 212 1306 212 1304 212 1304 214 1292 224 1171 212 1157 220 1136 230 1138 283 1138 316 1267 295 1398 310 1453 316 1455 316 1457 316 1475 308 1508 293 1555 306 1585 314 1588 314 1590 314 1592 314 1594 314 1606 306 1624 293 1706 293 1732 301 1765 312 1767 312 1769 312 1822 299 1855 291 1865 297 1871 303 1873 303 1875 303 1877 303 1879 303 1896 297 1910 291 1928 295 1955 303 1957 303 1959 303 1961 303 1979 295 1988 291 1996 295 2032 312 2035 312 2037 314 2196 314 2196 312 2198 312 2263 287 2263 273 2261 236 2259 234"/></Shape>
            <String CONTENT="presence quils etoient chargés."
                    HPOS="1136"
                    VPOS="206"
                    WIDTH="1127"
                    HEIGHT="110"
                    ></String>
          </TextLine>
          <TextLine ID="eSc_line_32292b26"
                    TAGREFS="LT8"
                    BASELINE="1294 369 2714 344" 
                    HPOS="1292"
                    VPOS="283"
                    WIDTH="1422"
                    HEIGHT="116">
            <Shape><Polygon POINTS="1294 369 1294 383 1392 399 1394 399 1396 399 1398 399 1398 397 1416 383 1477 395 1479 395 1557 381 1565 381 1573 381 1643 395 1645 395 1647 395 1702 381 1728 393 1730 393 1732 393 1875 389 1877 389 1904 379 1916 375 1926 379 1947 385 1949 385 1951 385 1992 379 2022 373 2100 377 2237 385 2239 385 2355 381 2357 381 2359 381 2365 375 2375 369 2426 375 2473 379 2475 379 2524 373 2614 363 2712 371 2714 344 2710 310 2651 295 2649 295 2586 301 2555 283 2553 283 2551 283 2504 283 2502 283 2500 283 2445 308 2437 314 2355 314 2265 312 2259 308 2243 297 2241 297 2239 297 2237 297 2235 297 2206 308 2188 314 2159 308 2098 293 2096 293 2094 293 2092 293 2075 308 2063 318 2022 308 1988 297 1986 297 1984 297 1930 299 1928 299 1926 299 1918 306 1900 322 1763 324 1718 308 1716 308 1714 308 1712 308 1653 324 1624 306 1616 299 1614 299 1612 299 1610 299 1608 299 1606 299 1598 306 1590 310 1506 306 1465 303 1463 303 1461 303 1457 306 1432 318 1410 306 1406 303 1404 303 1402 303 1292 303 1294 369"/></Shape>
            <String CONTENT="luy Est tout ce quil a dit scavoir Lecture"
                    HPOS="1292"
                    VPOS="283"
                    WIDTH="1422"
                    HEIGHT="116"
                    ></String>
          </TextLine>
          <TextLine ID="eSc_line_6ccd6a2a"
                    TAGREFS="LT8"
                    BASELINE="1128 471 2737 424" 
                    HPOS="1126"
                    VPOS="377"
                    WIDTH="1611"
                    HEIGHT="128">
            <Shape><Polygon POINTS="1128 471 1128 491 1177 487 1189 491 1220 505 1222 505 1224 505 1338 503 1341 503 1379 485 1396 485 1567 475 1608 477 1755 491 1757 491 1900 469 1912 467 1935 467 2245 477 2247 477 2302 475 2304 475 2351 452 2355 452 2428 461 2431 461 2433 461 2457 448 2459 448 2467 448 2537 454 2539 454 2610 444 2626 454 2629 454 2631 454 2633 454 2737 438 2737 424 2731 377 2445 393 2426 387 2412 381 2410 381 2408 381 2406 381 2394 387 2375 397 2308 399 2224 399 2214 393 2194 385 2192 385 2190 385 2128 397 2092 403 2073 399 2045 389 2043 389 2041 389 2039 389 2006 399 1912 385 1910 385 1775 408 1745 391 1743 391 1741 391 1471 397 1469 397 1443 408 1414 399 1412 399 1410 399 1408 399 1343 424 1341 426 1261 428 1255 426 1198 405 1196 405 1194 405 1192 405 1126 428 1128 471"/></Shape>
            <String CONTENT="a luy faite de sa deposition a dit quelle contient"
                    HPOS="1126"
                    VPOS="377"
                    WIDTH="1611"
                    HEIGHT="128"
                    ></String>
          </TextLine>
          <TextLine ID="eSc_line_96b900df"
                    TAGREFS="LT8"
                    BASELINE="1143 567 2200 532 2469 514 2716 512" 
                    HPOS="1141"
                    VPOS="459"
                    WIDTH="1575"
                    HEIGHT="134">
            <Shape><Polygon POINTS="1143 567 1143 581 1220 593 1222 593 1336 579 1379 589 1381 589 1383 589 1385 589 1445 573 1459 569 1479 571 1563 583 1565 583 1645 579 1647 579 1685 565 1698 561 1718 563 1755 569 1757 569 1865 558 1912 554 1922 556 1961 569 1963 569 1965 569 2273 558 2275 558 2277 558 2298 544 2306 538 2714 530 2716 512 2714 475 2682 465 2680 465 2677 465 2618 475 2539 459 2537 459 2535 459 2449 481 2292 467 2290 467 2288 467 2286 467 2261 487 2233 477 2230 477 2228 477 2226 477 2196 489 2147 473 2145 473 2143 473 2141 473 2139 473 2108 491 2104 493 2057 493 1928 493 1910 481 1908 481 1906 481 1904 481 1810 501 1794 505 1698 505 1690 505 1624 489 1622 489 1536 493 1534 493 1532 493 1504 510 1496 516 1273 520 1261 518 1210 503 1208 503 1206 503 1204 503 1141 520 1143 567"/></Shape>
            <String CONTENT="verité quil y persiste et a signé avec nous"
                    HPOS="1141"
                    VPOS="459"
                    WIDTH="1575"
                    HEIGHT="134"
                    ></String>
          </TextLine>
          <TextLine ID="eSc_line_2c996bd7"
                    TAGREFS="LT8"
                    BASELINE="1136 656 1926 628 2302 603 2714 591" 
                    HPOS="1134"
                    VPOS="528"
                    WIDTH="1580"
                    HEIGHT="151">
            <Shape><Polygon POINTS="1136 656 1136 667 1159 679 1161 679 1163 679 1347 665 1592 669 1594 669 1596 669 1657 650 1741 663 1743 663 1745 663 1771 650 2067 650 2069 650 2071 650 2128 628 2135 628 2271 632 2273 632 2275 632 2302 622 2330 632 2333 632 2335 632 2337 632 2339 632 2353 620 2528 622 2531 622 2712 603 2714 591 2708 528 2582 534 2580 534 2577 534 2520 561 2451 550 2449 550 2447 550 2396 565 2318 548 2292 544 2290 544 2288 544 2286 544 2275 550 2247 569 2198 573 2147 558 2135 554 2133 554 2130 554 2128 554 2126 554 2120 561 2096 577 2010 581 1926 571 1865 563 1863 563 1704 583 1606 595 1596 589 1581 579 1579 579 1577 579 1496 575 1494 575 1492 575 1434 589 1392 579 1390 579 1387 579 1385 579 1341 603 1332 607 1318 603 1281 595 1279 595 1277 595 1275 595 1273 595 1253 607 1251 609 1243 609 1200 601 1198 601 1134 614 1136 656"/></Shape>
            <String CONTENT="et le greffier commis signés à la minutte"
                    HPOS="1134"
                    VPOS="528"
                    WIDTH="1580"
                    HEIGHT="151"
                    ></String>
          </TextLine>
          <TextLine ID="eSc_line_48794982"
                    TAGREFS="LT8"
                    BASELINE="1110 750 1863 728 2159 705 2698 681" 
                    HPOS="1108"
                    VPOS="626"
                    WIDTH="1590"
                    HEIGHT="143">
            <Shape><Polygon POINTS="1110 750 1110 767 1230 758 1245 765 1259 769 1261 769 1263 769 1265 769 1281 762 1298 756 1320 760 1353 767 1355 767 1357 767 1373 758 1387 750 1504 748 1520 752 1567 765 1569 765 1571 765 1573 765 1604 748 1651 762 1653 762 1655 762 1845 756 1847 756 1849 756 1869 738 1892 748 1894 748 1896 748 1957 734 1994 750 1996 750 1998 750 2000 750 2026 738 2100 746 2102 746 2139 744 2141 744 2143 744 2175 724 2179 720 2316 716 2320 718 2357 736 2359 736 2361 736 2449 732 2451 732 2453 732 2469 718 2492 730 2494 730 2496 730 2580 728 2610 726 2612 726 2614 726 2641 703 2641 701 2698 699 2698 681 2690 626 2610 648 2559 634 2557 634 2555 634 2553 634 2508 644 2455 638 2435 636 2433 636 2431 636 2422 640 2375 663 2339 656 2337 656 2335 656 2333 656 2312 669 2237 650 2214 644 2212 644 2210 644 2161 654 2143 656 2116 656 2020 652 2018 652 2016 652 1998 663 1965 681 1953 671 1951 671 1949 671 1947 671 1945 671 1943 671 1924 685 1775 687 1753 675 1732 665 1730 665 1685 665 1683 665 1681 665 1679 665 1653 681 1628 695 1581 685 1559 681 1557 681 1526 687 1479 699 1467 691 1455 681 1453 681 1451 681 1449 681 1447 681 1445 681 1432 693 1418 705 1387 705 1367 697 1322 679 1320 679 1318 679 1316 679 1314 679 1287 701 1277 709 1108 709 1110 750"/></Shape>
            <String CONTENT="J^que Brilloit, Esteve, et L. J. Rivery Greffier–"
                    HPOS="1108"
                    VPOS="626"
                    WIDTH="1590"
                    HEIGHT="143"
                    ></String>
          </TextLine>
          <TextLine ID="eSc_line_fd8272fe"
                    TAGREFS="LT8"
                    BASELINE="1138 824 1541 818" 
                    HPOS="1138"
                    VPOS="750"
                    WIDTH="403"
                    HEIGHT="86">
            <Shape><Polygon POINTS="1138 834 1539 836 1541 818 1539 765 1520 750 1518 750 1516 750 1428 750 1426 750 1424 750 1422 750 1396 769 1369 785 1279 777 1277 777 1159 787 1141 773 1138 824 1138 834"/></Shape>
            <String CONTENT="commis."
                    HPOS="1138"
                    VPOS="750"
                    WIDTH="403"
                    HEIGHT="86"
                    ></String>
          </TextLine>
          <TextLine ID="eSc_line_826c34c2"
                    TAGREFS="LT8"
                    BASELINE="1269 907 2702 899" 
                    HPOS="1267"
                    VPOS="832"
                    WIDTH="1435"
                    HEIGHT="104">
            <Shape><Polygon POINTS="1269 907 1269 926 1357 920 1371 928 1385 934 1387 934 1390 934 1392 934 1412 928 1428 920 1547 920 1610 928 1645 932 1647 932 1649 932 1661 928 1692 918 1828 928 1928 936 1930 936 1932 936 1935 936 1945 928 1959 920 1988 928 2006 934 2008 934 2010 934 2035 930 2081 918 2114 930 2126 934 2128 934 2130 936 2233 936 2233 934 2235 934 2237 934 2243 930 2263 915 2363 913 2465 930 2482 932 2484 932 2486 932 2488 932 2488 930 2508 913 2600 913 2633 930 2633 932 2635 932 2637 932 2639 932 2700 930 2702 899 2700 850 2663 834 2661 834 2659 834 2657 834 2629 848 2614 858 2169 858 2137 844 2122 838 2120 838 2118 838 2116 838 2114 838 2108 844 2090 858 2051 858 2018 842 1996 832 1994 832 1992 832 1990 832 1967 842 1930 860 1883 846 1881 846 1879 846 1877 846 1853 858 1794 850 1792 850 1739 860 1690 840 1688 840 1685 840 1683 840 1624 854 1598 838 1592 834 1590 834 1588 834 1585 834 1267 834 1269 907"/></Shape>
            <String CONTENT="Pierre Rocheron agé de soixante cinq ans"
                    HPOS="1267"
                    VPOS="832"
                    WIDTH="1435"
                    HEIGHT="104"
                    ></String>
          </TextLine>
          <TextLine ID="eSc_line_42c379ee"
                    TAGREFS="LT8"
                    BASELINE="1151 995 2349 985 2665 973" 
                    HPOS="1149"
                    VPOS="928"
                    WIDTH="1516"
                    HEIGHT="102">
            <Shape><Polygon POINTS="1151 995 1151 1005 1281 1007 1314 1030 1316 1030 1318 1030 1320 1030 1410 1028 1412 1028 1414 1028 1439 1007 1506 1013 1508 1013 1510 1013 1536 1001 1541 1001 1553 1001 1710 1022 1712 1022 1847 1009 1888 1024 1890 1024 1892 1024 2120 1022 2122 1022 2124 1022 2151 1003 2249 1003 2296 1020 2298 1020 2300 1020 2302 1020 2345 999 2663 989 2665 973 2661 946 2514 928 2512 928 2510 928 2473 946 2471 948 2098 950 2077 934 2075 934 2073 934 2024 934 2022 934 2020 934 2018 934 1996 950 1841 936 1839 936 1837 936 1804 952 1745 936 1743 936 1741 936 1739 936 1700 954 1694 954 1553 938 1551 938 1549 938 1522 952 1492 940 1490 940 1343 940 1341 940 1259 958 1257 958 1218 942 1216 942 1214 942 1212 942 1149 958 1151 995"/></Shape>
            <String CONTENT="chirurgien en cette ville y demeurant ruë–"
                    HPOS="1149"
                    VPOS="928"
                    WIDTH="1516"
                    HEIGHT="102"
                    ></String>
          </TextLine>
          <TextLine ID="eSc_line_093359b8"
                    TAGREFS="LT8"
                    BASELINE="1132 1095 2739 1052" 
                    HPOS="1130"
                    VPOS="999"
                    WIDTH="1609"
                    HEIGHT="127">
            <Shape><Polygon POINTS="1132 1095 1134 1122 1179 1109 1273 1115 1275 1115 1277 1115 1298 1105 1328 1115 1330 1115 1332 1115 1334 1115 1351 1115 1498 1101 1536 1109 1624 1126 1626 1126 1628 1126 1671 1103 1688 1095 1712 1103 1775 1122 1777 1122 1779 1122 1894 1119 1896 1119 1945 1095 1947 1093 2016 1087 2057 1091 2179 1103 2181 1103 2184 1103 2186 1103 2212 1087 2267 1107 2269 1107 2271 1109 2355 1109 2355 1107 2422 1103 2424 1103 2502 1075 2508 1073 2514 1075 2577 1101 2580 1101 2582 1101 2661 1099 2663 1099 2739 1066 2739 1052 2729 1007 2716 1017 2704 1009 2696 1001 2694 1001 2692 1001 2690 1001 2649 1009 2616 1017 2592 1011 2535 999 2533 999 2531 999 2528 999 2502 1015 2482 1026 2335 1022 2328 1022 2326 1022 2320 1022 2198 1034 2149 1028 2084 1017 2081 1017 2079 1017 2053 1030 1994 1013 1992 1013 1990 1013 1988 1013 1986 1013 1961 1034 1957 1038 1890 1042 1879 1036 1867 1028 1865 1028 1863 1028 1861 1028 1790 1034 1757 1020 1755 1020 1753 1020 1751 1020 1749 1020 1724 1042 1722 1044 1681 1048 1626 1048 1622 1044 1590 1028 1588 1028 1585 1028 1583 1028 1557 1042 1434 1028 1432 1028 1430 1028 1383 1050 1355 1032 1353 1032 1351 1032 1349 1032 1204 1034 1202 1034 1200 1034 1163 1060 1130 1060 1132 1095"/></Shape>
            <String CONTENT="S^t. Sauveur lequel aprés serment par luy fait"
                    HPOS="1130"
                    VPOS="999"
                    WIDTH="1609"
                    HEIGHT="127"
                    ></String>
          </TextLine>
          <TextLine ID="eSc_line_866e4545"
                    TAGREFS="LT8"
                    BASELINE="1122 1199 1869 1164 2731 1146" 
                    HPOS="1120"
                    VPOS="1095"
                    WIDTH="1611"
                    HEIGHT="133">
            <Shape><Polygon POINTS="1122 1199 1122 1213 1149 1226 1151 1226 1153 1228 1247 1228 1247 1226 1249 1226 1304 1211 1371 1219 1373 1219 1539 1199 1567 1197 1592 1197 1755 1209 1757 1209 1881 1205 1883 1205 1937 1189 1949 1183 2161 1179 2181 1181 2257 1193 2259 1193 2324 1177 2339 1175 2357 1177 2453 1187 2455 1187 2731 1164 2731 1146 2729 1103 2716 1095 2714 1095 2712 1095 2710 1095 2708 1095 2673 1107 2667 1111 2588 1111 2347 1111 2345 1111 2245 1122 2198 1126 2188 1124 2153 1111 2151 1111 2149 1111 2088 1126 2067 1111 2065 1111 2063 1111 2010 1111 2008 1111 1843 1134 1812 1138 1800 1136 1757 1124 1755 1124 1753 1124 1751 1124 1749 1124 1726 1138 1675 1124 1673 1124 1671 1124 1559 1138 1439 1130 1436 1130 1434 1130 1379 1150 1369 1152 1351 1150 1247 1136 1245 1136 1243 1136 1241 1136 1212 1154 1208 1156 1200 1154 1159 1146 1157 1146 1155 1146 1120 1156 1122 1199"/></Shape>
            <String CONTENT="de dire vérité nous avoit declaré netre parent"
                    HPOS="1120"
                    VPOS="1095"
                    WIDTH="1611"
                    HEIGHT="133"
                    ></String>
          </TextLine>
          <TextLine ID="eSc_line_fef4f2ed"
                    TAGREFS="LT8"
                    BASELINE="1124 1295 2039 1256 2661 1242" 
                    HPOS="1122"
                    VPOS="1189"
                    WIDTH="1539"
                    HEIGHT="130">
            <Shape><Polygon POINTS="1124 1295 1124 1307 1200 1319 1202 1319 1204 1319 1234 1307 1385 1313 1387 1313 1461 1299 1463 1299 1512 1311 1514 1311 1516 1311 1639 1293 1690 1287 1763 1291 1902 1297 1904 1297 1906 1297 1945 1285 1973 1277 2018 1283 2077 1291 2079 1291 2081 1291 2084 1291 2084 1289 2094 1281 2104 1272 2135 1279 2167 1287 2169 1287 2171 1287 2200 1279 2210 1275 2216 1277 2226 1285 2228 1285 2230 1285 2233 1285 2357 1281 2359 1281 2361 1281 2369 1272 2384 1262 2435 1270 2457 1275 2459 1275 2461 1275 2471 1270 2494 1260 2504 1268 2508 1272 2510 1272 2512 1272 2514 1272 2543 1268 2624 1254 2657 1264 2661 1242 2657 1205 2588 1189 2586 1189 2584 1189 2582 1189 2555 1207 2500 1197 2498 1197 2496 1197 2469 1211 2457 1211 2290 1207 2288 1207 2286 1207 2265 1217 2243 1201 2241 1201 2239 1201 2192 1201 2190 1201 2188 1201 2186 1201 2155 1221 2028 1207 2026 1207 2024 1207 1977 1226 1883 1230 1800 1215 1798 1215 1796 1215 1794 1215 1794 1217 1775 1234 1747 1226 1745 1226 1743 1226 1665 1238 1634 1221 1632 1221 1630 1221 1628 1221 1626 1221 1604 1236 1579 1224 1577 1224 1575 1224 1573 1224 1526 1240 1510 1228 1508 1228 1506 1228 1504 1228 1400 1230 1398 1230 1343 1254 1257 1254 1208 1240 1206 1240 1204 1240 1202 1240 1122 1260 1124 1295"/></Shape>
            <String CONTENT="allié serviteur ni domestique des parties"
                    HPOS="1122"
                    VPOS="1189"
                    WIDTH="1539"
                    HEIGHT="130"
                    ></String>
          </TextLine>
          <TextLine ID="eSc_line_e0f87a59"
                    TAGREFS="LT8"
                    BASELINE="1120 1395 1826 1362 2733 1340" 
                    HPOS="1118"
                    VPOS="1297"
                    WIDTH="1615"
                    HEIGHT="122">
            <Shape><Polygon POINTS="1120 1395 1120 1407 1228 1419 1230 1419 1232 1419 1296 1403 1308 1401 1330 1403 1424 1411 1426 1411 1428 1411 1463 1399 1471 1395 1616 1391 1632 1395 1673 1405 1675 1405 1677 1405 1679 1405 1724 1393 1745 1385 1900 1383 1924 1387 1965 1395 1967 1395 1969 1395 1971 1395 1986 1385 1998 1379 2071 1383 2171 1389 2173 1389 2175 1389 2208 1379 2239 1370 2267 1379 2294 1385 2296 1385 2298 1385 2300 1385 2333 1377 2361 1368 2388 1374 2418 1381 2420 1381 2733 1364 2733 1340 2726 1305 2459 1311 2439 1297 2437 1297 2435 1297 2433 1297 2431 1297 2394 1313 2341 1299 2339 1299 2337 1299 2335 1299 2333 1299 2314 1311 2294 1301 2292 1301 2290 1301 2212 1317 2181 1305 2179 1305 2177 1305 2175 1305 2112 1323 2057 1303 2055 1303 2053 1303 1955 1319 1935 1307 1932 1307 1930 1307 1928 1307 1812 1319 1679 1315 1677 1315 1461 1323 1459 1323 1457 1323 1426 1346 1426 1348 1118 1356 1120 1395"/></Shape>
            <String CONTENT="nous avoir representé lexploit dassignation"
                    HPOS="1118"
                    VPOS="1297"
                    WIDTH="1615"
                    HEIGHT="122"
                    ></String>
          </TextLine>
          <TextLine ID="eSc_line_1aafda2f"
                    TAGREFS="LT8"
                    BASELINE="1122 1489 1894 1452 2716 1438" 
                    HPOS="1120"
                    VPOS="1372"
                    WIDTH="1596"
                    HEIGHT="147">
            <Shape><Polygon POINTS="1122 1489 1122 1511 1173 1503 1187 1511 1198 1519 1200 1519 1202 1519 1204 1519 1314 1517 1316 1517 1343 1507 1394 1489 1477 1503 1514 1509 1516 1509 1628 1507 1630 1507 1632 1507 1632 1505 1641 1499 1651 1491 1675 1497 1683 1499 1685 1499 1688 1499 1690 1499 1696 1497 1734 1476 1900 1470 1930 1487 1932 1487 1935 1487 2157 1462 2259 1472 2261 1472 2312 1462 2326 1472 2328 1472 2330 1472 2333 1472 2335 1472 2337 1472 2353 1458 2402 1474 2420 1481 2422 1481 2424 1481 2426 1481 2453 1472 2502 1460 2714 1464 2716 1438 2712 1381 2669 1372 2667 1372 2665 1372 2663 1372 2651 1383 2637 1395 2345 1407 2306 1407 2292 1397 2279 1387 2277 1387 2275 1387 2273 1387 2271 1387 2247 1399 2228 1407 2135 1403 2124 1403 2122 1403 2120 1403 2118 1403 2088 1413 2059 1405 2049 1403 2047 1403 2045 1403 1986 1409 1935 1413 1928 1411 1890 1393 1888 1393 1886 1393 1883 1393 1818 1415 1798 1423 1765 1423 1757 1417 1728 1399 1726 1399 1724 1399 1722 1399 1720 1399 1681 1417 1639 1399 1637 1399 1634 1399 1477 1413 1249 1411 1247 1411 1212 1415 1210 1415 1208 1415 1179 1440 1175 1444 1120 1444 1122 1489"/></Shape>
            <String CONTENT="a luy donné pour deposer a larequete du"
                    HPOS="1120"
                    VPOS="1372"
                    WIDTH="1596"
                    HEIGHT="147"
                    ></String>
          </TextLine>
          <TextLine ID="eSc_line_34044d6f"
                    TAGREFS="LT8"
                    BASELINE="1141 1587 1918 1548 2720 1534" 
                    HPOS="1138"
                    VPOS="1472"
                    WIDTH="1582"
                    HEIGHT="143">
            <Shape><Polygon POINTS="1141 1587 1141 1615 1265 1595 1308 1607 1310 1607 1312 1607 1383 1595 1426 1605 1428 1605 1430 1605 1432 1605 1479 1589 1508 1603 1510 1603 1512 1603 1516 1603 1575 1593 1612 1599 1626 1601 1628 1601 1675 1599 1677 1599 1679 1599 1679 1597 1681 1597 1700 1578 1926 1574 1973 1585 1994 1589 1996 1589 1998 1589 2010 1583 2030 1572 2047 1583 2053 1587 2055 1587 2057 1587 2059 1587 2179 1583 2181 1583 2202 1576 2245 1562 2308 1572 2347 1576 2349 1576 2351 1576 2365 1568 2388 1558 2441 1566 2486 1572 2488 1572 2539 1562 2563 1556 2720 1554 2720 1534 2716 1479 2696 1472 2694 1472 2692 1472 2690 1472 2688 1472 2673 1483 2647 1499 2500 1501 2482 1491 2477 1487 2475 1487 2473 1487 2471 1487 2437 1493 2404 1497 2398 1493 2369 1479 2367 1479 2365 1479 2322 1481 2320 1481 2318 1481 2298 1497 2282 1509 2206 1501 2151 1497 2149 1497 2147 1497 2130 1505 2110 1515 2065 1507 1977 1493 1975 1493 1845 1509 1626 1503 1624 1503 1622 1503 1620 1503 1577 1527 1575 1530 1573 1527 1530 1507 1528 1507 1526 1507 1443 1509 1441 1509 1439 1509 1402 1536 1398 1540 1138 1546 1141 1587"/></Shape>
            <String CONTENT="procureur du roy de ce jour par Lalliquet"
                    HPOS="1138"
                    VPOS="1472"
                    WIDTH="1582"
                    HEIGHT="143"
                    ></String>
          </TextLine>
          <TextLine ID="eSc_line_4535e98f"
                    TAGREFS="LT8"
                    BASELINE="1134 1683 1849 1658" 
                    HPOS="1132"
                    VPOS="1595"
                    WIDTH="717"
                    HEIGHT="116">
            <Shape><Polygon POINTS="1134 1683 1134 1711 1290 1701 1292 1701 1316 1689 1394 1699 1402 1699 1404 1699 1406 1699 1410 1697 1447 1685 1467 1695 1481 1701 1483 1701 1485 1701 1539 1691 1575 1683 1618 1685 1726 1693 1728 1693 1730 1693 1732 1693 1732 1691 1749 1676 1847 1670 1849 1658 1841 1595 1810 1605 1790 1599 1786 1597 1783 1597 1781 1597 1779 1597 1775 1599 1755 1611 1745 1601 1743 1599 1741 1599 1739 1599 1737 1599 1588 1607 1585 1607 1583 1607 1573 1615 1539 1634 1512 1619 1488 1607 1485 1607 1483 1607 1449 1609 1447 1609 1445 1609 1445 1611 1430 1625 1418 1640 1204 1644 1200 1642 1181 1629 1179 1629 1177 1629 1175 1629 1173 1629 1132 1644 1134 1683"/></Shape>
            <String CONTENT="huissier de ce siege."
                    HPOS="1132"
                    VPOS="1595"
                    WIDTH="717"
                    HEIGHT="116"
                    ></String>
          </TextLine>
          <TextLine ID="eSc_line_58e31996"
                    TAGREFS="LT8"
                    BASELINE="1345 1770 2716 1748" 
                    HPOS="1343"
                    VPOS="1680"
                    WIDTH="1373"
                    HEIGHT="113">
            <Shape><Polygon POINTS="1345 1770 1345 1793 1600 1778 1828 1780 1951 1782 1953 1782 1955 1782 1957 1782 1963 1778 1971 1772 2014 1776 2071 1782 2073 1782 2414 1766 2439 1766 2443 1766 2490 1774 2492 1774 2494 1774 2496 1774 2510 1764 2512 1764 2518 1764 2665 1772 2667 1772 2669 1772 2716 1758 2716 1748 2714 1695 2698 1687 2696 1687 2694 1687 2692 1687 2690 1687 2675 1695 2663 1703 2645 1697 2602 1680 2600 1680 2598 1680 2596 1680 2594 1680 2573 1697 2557 1685 2557 1683 2555 1683 2553 1683 2506 1683 2504 1683 2502 1683 2500 1683 2500 1685 2482 1701 2471 1711 2326 1713 2312 1705 2288 1687 2286 1687 2284 1687 2228 1687 2226 1687 2224 1687 2222 1687 2198 1709 2188 1717 2171 1717 2161 1709 2145 1697 2143 1697 2141 1697 2139 1697 2088 1707 2028 1691 2026 1691 2024 1691 1920 1693 1918 1693 1916 1693 1904 1703 1845 1693 1843 1693 1810 1695 1808 1695 1806 1695 1779 1719 1775 1723 1724 1723 1720 1721 1702 1707 1700 1707 1698 1707 1696 1707 1694 1707 1661 1721 1657 1725 1588 1727 1508 1727 1508 1725 1477 1701 1475 1701 1473 1701 1471 1701 1469 1701 1467 1701 1447 1717 1343 1729 1345 1770"/></Shape>
            <String CONTENT="Dépose sur les faits Enoncés En la"
                    HPOS="1343"
                    VPOS="1680"
                    WIDTH="1373"
                    HEIGHT="113"
                    ></String>
          </TextLine>
          <TextLine ID="eSc_line_109ae691"
                    TAGREFS="LT8"
                    BASELINE="1128 1868 2718 1838" 
                    HPOS="1126"
                    VPOS="1772"
                    WIDTH="1592"
                    HEIGHT="121">
            <Shape><Polygon POINTS="1128 1868 1128 1882 1212 1893 1214 1893 1216 1893 1238 1882 1247 1876 1363 1876 1377 1880 1406 1889 1408 1889 1410 1889 1532 1878 1583 1874 1600 1878 1651 1891 1653 1891 1655 1891 1737 1889 1739 1889 1763 1874 1779 1866 1883 1874 1928 1876 1930 1876 1963 1872 2043 1862 2067 1872 2092 1880 2094 1880 2096 1882 2159 1882 2159 1880 2161 1880 2181 1870 2204 1858 2243 1868 2245 1868 2247 1868 2249 1868 2526 1852 2582 1864 2608 1870 2610 1870 2718 1862 2718 1838 2712 1797 2618 1799 2614 1797 2567 1772 2565 1772 2502 1772 2500 1772 2498 1772 2451 1799 2439 1805 2394 1805 2379 1799 2373 1797 2371 1797 2369 1797 2304 1799 2124 1809 2110 1801 2090 1789 2088 1789 2086 1789 2084 1789 2081 1789 2079 1789 2063 1801 2051 1811 1996 1803 1967 1799 1965 1799 1963 1799 1949 1803 1912 1813 1875 1803 1824 1791 1822 1791 1820 1791 1818 1791 1816 1791 1794 1805 1781 1813 1769 1805 1745 1789 1743 1789 1741 1789 1659 1789 1657 1789 1655 1789 1653 1789 1630 1805 1620 1813 1530 1807 1361 1795 1359 1795 1357 1795 1314 1809 1312 1809 1296 1797 1294 1797 1292 1797 1290 1797 1287 1797 1265 1807 1232 1797 1230 1797 1228 1797 1226 1797 1173 1811 1145 1817 1126 1811 1128 1868"/></Shape>
            <String CONTENT="Remontrance En plainte du procureur du roy"
                    HPOS="1126"
                    VPOS="1772"
                    WIDTH="1592"
                    HEIGHT="121"
                    ></String>
          </TextLine>
          <TextLine ID="eSc_line_038787d5"
                    TAGREFS="LT8"
                    BASELINE="1124 1972 2612 1919" 
                    HPOS="1122"
                    VPOS="1862"
                    WIDTH="1490"
                    HEIGHT="139">
            <Shape><Polygon POINTS="1124 1972 1124 1989 1187 1986 1194 1989 1218 2001 1220 2001 1222 2001 1224 2001 1277 1986 1298 1980 1345 1982 1428 1989 1430 1989 1432 1989 1461 1978 1473 1974 1481 1978 1510 1991 1512 1991 1514 1991 1516 1991 1518 1991 1539 1976 1543 1972 1594 1970 1612 1972 1688 1986 1690 1986 1692 1986 1694 1986 1714 1968 1718 1964 1812 1962 1861 1962 1881 1978 1883 1978 1886 1978 1888 1978 1975 1962 2024 1974 2026 1974 2028 1974 2153 1970 2155 1970 2157 1970 2184 1950 2186 1948 2271 1946 2324 1946 2345 1962 2347 1962 2349 1962 2351 1962 2422 1946 2463 1958 2465 1958 2467 1958 2555 1956 2557 1956 2612 1933 2612 1919 2606 1878 2555 1878 2531 1864 2528 1864 2526 1864 2524 1864 2522 1864 2461 1882 2459 1882 2402 1862 2400 1862 2398 1862 2396 1862 2394 1862 2359 1882 2326 1864 2324 1864 2322 1864 2320 1864 2265 1891 2261 1893 2073 1897 2067 1897 1922 1878 1920 1878 1877 1880 1875 1880 1873 1880 1853 1897 1808 1884 1806 1884 1804 1884 1802 1884 1747 1909 1745 1909 1741 1909 1634 1889 1632 1889 1630 1889 1628 1889 1602 1911 1583 1901 1581 1901 1579 1901 1577 1901 1575 1901 1575 1903 1561 1915 1518 1895 1516 1895 1514 1895 1347 1899 1302 1901 1300 1901 1298 1901 1267 1925 1267 1927 1206 1927 1196 1927 1169 1911 1167 1911 1165 1911 1163 1911 1161 1911 1122 1927 1124 1972"/></Shape>
            <String CONTENT="dont lecture luy a été faite par le Greffier"
                    HPOS="1122"
                    VPOS="1862"
                    WIDTH="1490"
                    HEIGHT="139"
                    ></String>
          </TextLine>
          <TextLine ID="eSc_line_144d16e4"
                    TAGREFS="LT8"
                    BASELINE="1130 2060 2059 2023 2651 2009" 
                    HPOS="1128"
                    VPOS="1954"
                    WIDTH="1523"
                    HEIGHT="132">
            <Shape><Polygon POINTS="1130 2060 1130 2074 1241 2086 1243 2086 1245 2086 1273 2074 1398 2080 1400 2080 1402 2080 1404 2080 1422 2066 1428 2064 1447 2066 1534 2076 1536 2076 1665 2060 1712 2054 1745 2058 1824 2066 1826 2066 2002 2060 2004 2060 2041 2048 2065 2042 2133 2046 2233 2052 2235 2052 2237 2052 2239 2052 2249 2042 2253 2040 2286 2042 2361 2046 2363 2046 2398 2037 2435 2029 2482 2029 2490 2035 2498 2042 2500 2042 2502 2042 2504 2042 2506 2042 2522 2033 2543 2025 2649 2029 2651 2009 2647 1962 2582 1954 2580 1954 2577 1954 2549 1966 2520 1976 2490 1968 2482 1966 2480 1966 2477 1966 2475 1966 2469 1968 2451 1978 2437 1970 2431 1966 2428 1966 2426 1966 2424 1966 2349 1974 2233 1986 2194 1980 2167 1976 2165 1976 2163 1976 2161 1976 2153 1982 2141 1989 2128 1982 2102 1972 2100 1972 2098 1972 2008 1974 2006 1974 2004 1974 1979 1991 1971 1995 1824 2001 1810 1997 1771 1984 1769 1984 1767 1984 1612 2001 1483 1993 1481 1993 1479 1993 1477 1993 1477 1995 1461 2009 1375 1997 1373 1997 1371 1997 1369 1997 1338 2015 1251 2011 1249 2011 1128 2025 1130 2060"/></Shape>
            <String CONTENT="commis en date du jour d&#x27;hier que vers les"
                    HPOS="1128"
                    VPOS="1954"
                    WIDTH="1523"
                    HEIGHT="132"
                    ></String>
          </TextLine>
          <TextLine ID="eSc_line_a1ad1527"
                    TAGREFS="LT8"
                    BASELINE="1118 2154 1477 2148 2284 2109 2637 2103" 
                    HPOS="1118"
                    VPOS="2040"
                    WIDTH="1519"
                    HEIGHT="144">
            <Shape><Polygon POINTS="1118 2154 1118 2176 1179 2170 1216 2176 1267 2184 1269 2184 1271 2184 1273 2184 1285 2172 1294 2168 1318 2172 1369 2180 1371 2180 1373 2180 1406 2168 1410 2168 1422 2168 1516 2174 1518 2174 1520 2174 1543 2164 1553 2160 1583 2162 1645 2168 1647 2168 1649 2168 1651 2168 1659 2160 1665 2156 1685 2158 1734 2166 1737 2166 1739 2166 1779 2156 1808 2148 1826 2154 1845 2160 1847 2160 1849 2160 2049 2154 2051 2154 2081 2144 2118 2133 2261 2137 2282 2137 2284 2137 2286 2137 2288 2137 2310 2125 2435 2129 2437 2129 2439 2129 2465 2119 2635 2123 2637 2103 2635 2058 2569 2040 2567 2040 2565 2040 2563 2040 2531 2056 2488 2044 2486 2044 2484 2044 2482 2044 2480 2044 2449 2066 2447 2068 2402 2068 2361 2048 2359 2048 2357 2048 2314 2050 2312 2050 2310 2050 2310 2052 2286 2072 2284 2072 2049 2060 2047 2060 2045 2060 1996 2084 1992 2086 1832 2091 1830 2091 1802 2080 1800 2080 1798 2080 1796 2080 1767 2091 1745 2074 1743 2074 1741 2074 1688 2074 1685 2074 1683 2074 1681 2074 1659 2091 1532 2080 1530 2080 1528 2080 1526 2080 1498 2103 1498 2105 1426 2109 1392 2109 1390 2107 1365 2088 1363 2088 1361 2088 1359 2088 1357 2088 1271 2113 1263 2113 1255 2113 1147 2097 1145 2097 1143 2097 1141 2097 1124 2107 1118 2154"/></Shape>
            <String CONTENT="deux heures de Laprés midy une de ses"
                    HPOS="1118"
                    VPOS="2040"
                    WIDTH="1519"
                    HEIGHT="144"
                    ></String>
          </TextLine>
          <TextLine ID="eSc_line_dcbb4413"
                    TAGREFS="LT8"
                    BASELINE="1120 2250 1522 2244 2439 2205 2722 2201" 
                    HPOS="1118"
                    VPOS="2150"
                    WIDTH="1604"
                    HEIGHT="145">
            <Shape><Polygon POINTS="1120 2250 1124 2288 1136 2278 1149 2286 1157 2295 1159 2295 1161 2295 1163 2295 1267 2290 1269 2290 1271 2290 1285 2280 1298 2272 1310 2280 1316 2282 1318 2282 1320 2282 1357 2278 1475 2260 1514 2270 1549 2280 1551 2280 1553 2280 1653 2268 1739 2274 1741 2274 1743 2274 1781 2258 1804 2250 1871 2254 1875 2254 1877 2254 1881 2254 1939 2241 2010 2248 2133 2260 2135 2260 2137 2260 2175 2241 2194 2231 2239 2237 2279 2244 2282 2244 2284 2244 2302 2235 2318 2227 2341 2233 2373 2241 2375 2241 2377 2241 2379 2241 2414 2229 2437 2223 2514 2225 2637 2229 2639 2229 2722 2215 2722 2201 2718 2160 2482 2150 2480 2150 2477 2150 2414 2170 2412 2170 2404 2170 2239 2160 2237 2160 2235 2160 2196 2178 2194 2178 2157 2168 2155 2168 2153 2168 2151 2168 2120 2176 2102 2164 2100 2164 2098 2164 2096 2164 1967 2168 1965 2168 1930 2184 1898 2174 1896 2174 1894 2174 1806 2186 1698 2178 1696 2178 1694 2178 1692 2178 1692 2180 1671 2199 1628 2199 1626 2199 1518 2184 1516 2184 1514 2184 1477 2203 1445 2195 1443 2195 1441 2195 1347 2209 1347 2211 1345 2211 1224 2211 1187 2197 1185 2197 1183 2197 1181 2197 1118 2217 1120 2250"/></Shape>
            <String CONTENT="negresses luy ayant dit quil venoit darriver"
                    HPOS="1118"
                    VPOS="2150"
                    WIDTH="1604"
                    HEIGHT="145"
                    ></String>
          </TextLine>
          <TextLine ID="eSc_line_73aa5a71"
                    TAGREFS="LT8"
                    BASELINE="1120 2350 2724 2301" 
                    HPOS="1118"
                    VPOS="2254"
                    WIDTH="1606"
                    HEIGHT="124">
            <Shape><Polygon POINTS="1120 2350 1120 2378 1253 2378 1255 2378 1257 2378 1259 2376 1275 2362 1328 2362 1398 2370 1416 2372 1418 2372 1451 2368 1567 2354 1630 2362 1653 2364 1655 2364 1683 2360 1757 2348 1873 2352 1959 2356 1961 2356 2010 2348 2067 2337 2122 2343 2186 2350 2188 2350 2273 2337 2333 2329 2398 2333 2520 2339 2522 2339 2724 2319 2724 2301 2718 2258 2571 2268 2559 2262 2541 2254 2539 2254 2396 2254 2394 2254 2392 2254 2390 2254 2363 2270 2355 2274 2343 2270 2302 2258 2300 2258 2298 2258 2296 2258 2265 2272 2255 2278 2249 2274 2228 2260 2226 2260 2224 2260 2190 2260 2188 2260 2081 2280 2053 2284 2043 2280 2008 2266 2006 2266 2004 2266 2002 2266 2000 2266 1979 2282 1975 2286 1965 2284 1920 2270 1918 2270 1916 2270 1832 2280 1728 2274 1726 2274 1724 2274 1722 2274 1708 2286 1669 2276 1667 2276 1665 2276 1663 2276 1661 2276 1639 2295 1637 2297 1622 2297 1561 2290 1559 2290 1557 2290 1524 2299 1516 2301 1510 2301 1434 2284 1432 2284 1430 2284 1383 2305 1381 2307 1118 2313 1120 2350"/></Shape>
            <String CONTENT="un accident chez le sieur Tache Il y courut"
                    HPOS="1118"
                    VPOS="2254"
                    WIDTH="1606"
                    HEIGHT="124"
                    ></String>
          </TextLine>
          <TextLine ID="eSc_line_901fde59"
                    TAGREFS="LT8"
                    BASELINE="1118 2456 2365 2407 2716 2401" 
                    HPOS="1118"
                    VPOS="2346"
                    WIDTH="1598"
                    HEIGHT="140">
            <Shape><Polygon POINTS="1118 2456 1118 2486 1367 2480 1369 2480 1371 2480 1371 2478 1392 2462 1434 2476 1436 2476 1439 2476 1443 2476 1526 2458 1583 2470 1588 2470 1590 2470 1592 2470 1594 2470 1628 2460 1639 2468 1641 2468 1643 2468 1645 2468 1647 2468 1649 2468 1669 2454 1743 2462 1745 2462 1747 2462 1749 2462 1771 2448 1975 2450 1977 2450 1979 2450 2010 2439 2106 2450 2139 2452 2141 2452 2186 2445 2312 2427 2422 2435 2469 2439 2471 2439 2473 2439 2475 2439 2484 2433 2504 2421 2714 2423 2716 2401 2714 2360 2671 2350 2669 2350 2667 2350 2647 2360 2616 2346 2614 2346 2612 2346 2610 2346 2575 2364 2573 2366 2537 2366 2457 2366 2420 2350 2418 2350 2416 2350 2414 2350 2361 2366 2337 2358 2335 2358 2333 2358 2330 2358 2302 2374 2277 2358 2275 2358 2273 2358 2202 2356 2200 2356 2112 2370 1824 2370 1822 2370 1820 2370 1761 2394 1759 2397 1473 2405 1445 2390 1443 2390 1441 2390 1439 2390 1408 2407 1353 2397 1351 2397 1349 2397 1347 2397 1330 2411 1328 2413 1279 2413 1271 2413 1196 2399 1194 2399 1192 2399 1189 2399 1163 2417 1122 2417 1118 2456"/></Shape>
            <String CONTENT="quy Etant arrivé Il vit un homme quil ne"
                    HPOS="1118"
                    VPOS="2346"
                    WIDTH="1598"
                    HEIGHT="140"
                    ></String>
          </TextLine>
          <TextLine ID="eSc_line_47805a67"
                    TAGREFS="LT8"
                    BASELINE="1116 2564 2343 2523 2708 2519" 
                    HPOS="1114"
                    VPOS="2460"
                    WIDTH="1594"
                    HEIGHT="138">
            <Shape><Polygon POINTS="1116 2564 1116 2588 1181 2580 1204 2588 1228 2598 1230 2598 1232 2598 1234 2598 1259 2586 1267 2582 1273 2586 1292 2594 1294 2594 1296 2594 1569 2588 1571 2588 1626 2574 1671 2564 1708 2572 1761 2582 1763 2582 1765 2582 1804 2568 1830 2558 2004 2554 2026 2562 2051 2570 2053 2570 2055 2570 2057 2570 2077 2560 2096 2550 2159 2556 2208 2562 2210 2562 2212 2562 2245 2554 2286 2543 2310 2552 2345 2564 2347 2564 2349 2564 2351 2564 2414 2547 2451 2539 2708 2539 2708 2519 2706 2474 2661 2460 2659 2460 2657 2460 2655 2460 2608 2476 2588 2484 2580 2478 2569 2470 2567 2470 2565 2470 2563 2470 2561 2470 2541 2478 2526 2484 2514 2480 2494 2472 2492 2472 2490 2472 2488 2472 2471 2480 2455 2490 2400 2490 2382 2484 2351 2472 2349 2472 2347 2472 2345 2472 2308 2486 2298 2490 2286 2486 2230 2472 2228 2472 2226 2472 2086 2476 2084 2476 2081 2476 2063 2490 2026 2478 2024 2478 2022 2478 1904 2501 1863 2509 1734 2511 1726 2507 1716 2499 1714 2499 1712 2499 1710 2499 1708 2499 1706 2499 1706 2501 1698 2507 1692 2513 1679 2507 1663 2501 1661 2501 1659 2501 1594 2511 1559 2515 1551 2511 1530 2503 1528 2503 1526 2503 1524 2503 1496 2513 1479 2519 1445 2515 1404 2511 1402 2511 1400 2511 1377 2517 1357 2523 1310 2519 1247 2515 1245 2515 1243 2515 1241 2515 1241 2517 1234 2523 1230 2527 1114 2527 1116 2564"/></Shape>
            <String CONTENT="connoissait pas qu&#x27;on luy a dit depuis etre"
                    HPOS="1114"
                    VPOS="2460"
                    WIDTH="1594"
                    HEIGHT="138"
                    ></String>
          </TextLine>
          <TextLine ID="eSc_line_0176aa33"
                    TAGREFS="LT8"
                    BASELINE="1124 2660 1879 2639 2224 2619 2610 2613" 
                    HPOS="1120"
                    VPOS="2562"
                    WIDTH="1490"
                    HEIGHT="120">
            <Shape><Polygon POINTS="1124 2660 1124 2682 1461 2682 1463 2682 1488 2674 1524 2660 1683 2666 1685 2666 1688 2666 1690 2666 1755 2652 1796 2664 1806 2666 1808 2666 1810 2666 1812 2666 1824 2662 1847 2656 1883 2660 1947 2668 1949 2668 1951 2668 1981 2658 2020 2641 2343 2635 2357 2645 2359 2645 2361 2645 2363 2645 2365 2645 2367 2645 2369 2643 2388 2633 2406 2643 2428 2654 2431 2654 2433 2654 2435 2654 2475 2641 2506 2631 2608 2635 2610 2613 2608 2580 2575 2562 2573 2562 2571 2562 2569 2562 2567 2562 2545 2578 2514 2568 2512 2568 2510 2568 2508 2568 2453 2582 2447 2584 2445 2582 2418 2564 2416 2564 2414 2564 2373 2564 2371 2564 2369 2564 2367 2564 2343 2584 2339 2588 2316 2586 2212 2572 2210 2572 2208 2572 2206 2572 2179 2588 2175 2588 2088 2572 2086 2572 2049 2574 2047 2574 2045 2574 2024 2590 2012 2601 1979 2601 1969 2592 1953 2578 1951 2578 1949 2578 1879 2578 1877 2578 1824 2580 1822 2580 1820 2580 1820 2582 1806 2594 1794 2605 1755 2596 1753 2596 1751 2596 1749 2596 1730 2607 1714 2596 1698 2586 1696 2586 1694 2586 1692 2586 1690 2586 1688 2586 1673 2596 1657 2611 1612 2611 1596 2598 1592 2594 1590 2594 1588 2594 1585 2594 1551 2601 1461 2615 1349 2609 1347 2609 1263 2619 1234 2605 1220 2598 1218 2598 1216 2598 1120 2607 1124 2660"/></Shape>
            <String CONTENT="Le garçon dudit sieur Tache lequel"
                    HPOS="1120"
                    VPOS="2562"
                    WIDTH="1490"
                    HEIGHT="120"
                    ></String>
          </TextLine>
          <TextLine ID="eSc_line_0902ef1f"
                    TAGREFS="LT8"
                    BASELINE="1122 2762 2102 2725 2680 2715" 
                    HPOS="1120"
                    VPOS="2647"
                    WIDTH="1560"
                    HEIGHT="145">
            <Shape><Polygon POINTS="1122 2762 1124 2792 1194 2772 1243 2784 1245 2784 1247 2784 1312 2770 1363 2782 1369 2784 1371 2784 1373 2784 1385 2782 1436 2770 1449 2780 1451 2780 1453 2780 1455 2780 1563 2778 1565 2778 1581 2774 1637 2758 1663 2768 1665 2768 1667 2768 1845 2751 1902 2760 1939 2766 1941 2766 1943 2766 1971 2758 2012 2745 2047 2754 2061 2758 2063 2758 2065 2758 2067 2758 2079 2754 2098 2745 2251 2745 2324 2745 2326 2745 2328 2745 2330 2745 2333 2743 2345 2735 2441 2737 2614 2743 2616 2743 2618 2743 2645 2729 2653 2725 2677 2727 2680 2715 2673 2674 2622 2674 2620 2674 2575 2647 2573 2647 2571 2647 2569 2647 2494 2662 2279 2658 2277 2658 2275 2658 2218 2676 2161 2662 2159 2662 2157 2662 2022 2666 2020 2666 2018 2666 1992 2688 1986 2694 1935 2698 1714 2703 1702 2696 1683 2684 1681 2684 1679 2684 1677 2684 1675 2684 1643 2696 1620 2707 1543 2700 1500 2696 1498 2696 1496 2696 1494 2696 1494 2698 1490 2700 1479 2713 1308 2715 1285 2707 1251 2692 1249 2692 1247 2692 1245 2692 1243 2692 1222 2707 1220 2709 1218 2707 1185 2692 1183 2692 1181 2692 1179 2692 1120 2709 1122 2762"/></Shape>
            <String CONTENT="Etoit couché sur une paillasse dans la"
                    HPOS="1120"
                    VPOS="2647"
                    WIDTH="1560"
                    HEIGHT="145"
                    ></String>
          </TextLine>
          <TextLine ID="eSc_line_0a3a6071"
                    TAGREFS="LT8"
                    BASELINE="1122 2853 2539 2811 2700 2813" 
                    HPOS="1120"
                    VPOS="2756"
                    WIDTH="1580"
                    HEIGHT="134">
            <Shape><Polygon POINTS="1122 2853 1122 2872 1234 2882 1236 2882 1308 2872 1400 2890 1402 2890 1404 2890 1447 2870 1600 2886 1602 2886 1826 2878 1828 2878 1871 2853 1886 2847 1912 2853 1935 2858 1937 2858 1969 2851 2016 2843 2114 2845 2118 2847 2139 2862 2141 2862 2143 2862 2145 2862 2147 2862 2149 2862 2165 2847 2171 2841 2188 2847 2216 2856 2218 2856 2220 2856 2222 2856 2243 2845 2251 2841 2290 2843 2351 2849 2353 2849 2396 2841 2431 2835 2439 2841 2463 2860 2465 2860 2467 2860 2469 2862 2496 2862 2496 2860 2498 2860 2545 2837 2565 2829 2698 2833 2700 2813 2698 2768 2667 2756 2665 2756 2663 2756 2661 2756 2629 2770 2612 2780 2402 2784 2367 2776 2333 2766 2330 2766 2328 2766 2326 2766 2292 2776 2257 2788 2235 2778 2214 2768 2212 2768 2210 2768 2012 2770 2010 2770 1986 2782 1961 2794 1702 2794 1700 2794 1590 2809 1502 2800 1500 2800 1432 2813 1357 2798 1355 2798 1353 2798 1318 2817 1249 2794 1245 2794 1243 2794 1241 2794 1120 2796 1122 2853"/></Shape>
            <String CONTENT="Boutique que y ayant deux chirurgiens"
                    HPOS="1120"
                    VPOS="2756"
                    WIDTH="1580"
                    HEIGHT="134"
                    ></String>
          </TextLine>
          <TextLine ID="eSc_line_8733ce09"
                    TAGREFS="LT8"
                    BASELINE="1122 2964 2692 2909" 
                    HPOS="1120"
                    VPOS="2858"
                    WIDTH="1572"
                    HEIGHT="130">
            <Shape><Polygon POINTS="1122 2964 1122 2988 1194 2978 1257 2984 1259 2984 1261 2984 1285 2972 1306 2982 1308 2982 1310 2982 1312 2982 1367 2968 1492 2974 1526 2976 1528 2976 1561 2972 1667 2955 1767 2962 1818 2966 1820 2966 1822 2966 1843 2960 1881 2947 1910 2955 1928 2962 1930 2962 1932 2962 1990 2953 2063 2941 2141 2945 2224 2951 2226 2951 2316 2939 2369 2931 2437 2933 2551 2937 2553 2937 2555 2937 2577 2927 2582 2925 2592 2927 2633 2933 2635 2933 2692 2921 2692 2909 2690 2872 2647 2858 2645 2858 2643 2858 2641 2858 2608 2874 2602 2876 2590 2874 2516 2858 2514 2858 2512 2858 2467 2878 2453 2882 2428 2878 2361 2866 2359 2866 2357 2866 2306 2882 2282 2888 2265 2882 2228 2868 2226 2868 2224 2868 2122 2872 2120 2872 2118 2872 2098 2886 2086 2896 2047 2898 1949 2898 1939 2890 1926 2882 1924 2882 1922 2882 1920 2882 1918 2882 1896 2892 1871 2904 1800 2904 1779 2894 1763 2884 1761 2884 1759 2884 1757 2884 1755 2884 1726 2896 1694 2909 1661 2898 1645 2892 1643 2892 1641 2892 1639 2892 1612 2898 1567 2911 1547 2900 1528 2892 1526 2892 1524 2892 1522 2892 1502 2902 1494 2904 1477 2902 1439 2896 1436 2896 1434 2896 1432 2896 1422 2904 1416 2909 1390 2904 1351 2898 1349 2898 1347 2898 1328 2907 1290 2923 1245 2911 1243 2911 1241 2911 1120 2911 1122 2964"/></Shape>
            <String CONTENT="qui visitoient sa playe Laquelle Etoit"
                    HPOS="1120"
                    VPOS="2858"
                    WIDTH="1572"
                    HEIGHT="130"
                    ></String>
          </TextLine>
          <TextLine ID="eSc_line_fc320f5b"
                    TAGREFS="LT8"
                    BASELINE="1120 3070 1720 3039 2696 3011" 
                    HPOS="1118"
                    VPOS="2953"
                    WIDTH="1578"
                    HEIGHT="131">
            <Shape><Polygon POINTS="1120 3070 1120 3084 1698 3074 1781 3060 1828 3053 1894 3055 2014 3062 2016 3062 2018 3062 2055 3049 2065 3047 2112 3047 2273 3049 2275 3049 2277 3049 2318 3039 2337 3035 2355 3037 2420 3047 2422 3047 2424 3047 2453 3033 2459 3031 2486 3033 2561 3037 2563 3037 2696 3023 2696 3011 2694 2972 2633 2953 2631 2953 2629 2953 2626 2953 2571 2972 2498 2960 2496 2960 2494 2960 2451 2980 2449 2982 2445 2980 2414 2962 2412 2962 2410 2962 2408 2962 2335 2964 2333 2964 2282 2986 2275 2988 2269 2986 2210 2970 2208 2970 2163 2970 2161 2970 2159 2970 2098 2994 2094 2994 2079 2994 1871 2980 1869 2980 1867 2980 1865 2980 1843 2996 1794 3002 1763 2992 1761 2992 1759 2992 1757 2992 1755 2992 1739 3006 1737 3009 1692 3009 1688 3009 1583 2990 1581 2990 1579 2990 1518 3015 1469 2994 1467 2994 1465 2994 1463 2994 1406 3019 1351 3000 1349 3000 1347 3000 1345 3000 1271 3025 1118 3029 1120 3070"/></Shape>
            <String CONTENT="du coté droit au bas des cotes Il setoit"
                    HPOS="1118"
                    VPOS="2953"
                    WIDTH="1578"
                    HEIGHT="131"
                    ></String>
          </TextLine>
          <TextLine ID="eSc_line_2be08535"
                    TAGREFS="LT8"
                    BASELINE="1122 3180 2067 3137 2692 3127" 
                    HPOS="1120"
                    VPOS="3068"
                    WIDTH="1572"
                    HEIGHT="151">
            <Shape><Polygon POINTS="1122 3180 1122 3219 1277 3217 1279 3217 1281 3217 1285 3213 1312 3192 1371 3200 1373 3200 1375 3200 1461 3176 1592 3176 1616 3192 1618 3192 1620 3192 1622 3192 1624 3192 1696 3172 1806 3170 1834 3184 1843 3188 1845 3188 1847 3188 1849 3188 1859 3184 1877 3174 1928 3180 2014 3190 2016 3190 2086 3186 2088 3186 2090 3186 2108 3170 2130 3151 2194 3151 2210 3164 2212 3164 2214 3164 2216 3164 2363 3147 2390 3155 2433 3170 2435 3170 2437 3170 2439 3170 2482 3151 2504 3141 2531 3147 2600 3168 2602 3168 2604 3168 2606 3168 2692 3139 2692 3127 2688 3086 2645 3076 2643 3076 2641 3076 2604 3088 2555 3068 2553 3068 2551 3068 2549 3068 2547 3068 2508 3092 2500 3092 2398 3084 2396 3084 2394 3084 2392 3084 2377 3096 2347 3074 2345 3074 2343 3074 2294 3074 2292 3074 2237 3076 2235 3076 2233 3076 2192 3104 2167 3104 2118 3106 2116 3106 2069 3096 2067 3096 2065 3096 2030 3108 1969 3098 1967 3098 1922 3106 1896 3092 1894 3092 1792 3092 1790 3092 1788 3092 1728 3115 1706 3096 1704 3096 1702 3096 1700 3096 1698 3096 1659 3106 1510 3102 1508 3102 1467 3104 1465 3104 1463 3104 1416 3133 1120 3143 1122 3180"/></Shape>
            <String CONTENT="approché &amp; visita aussy ladite playe"
                    HPOS="1120"
                    VPOS="3068"
                    WIDTH="1572"
                    HEIGHT="151"
                    ></String>
          </TextLine>
          <TextLine ID="eSc_line_1ee32026"
                    TAGREFS="LT8"
                    BASELINE="1132 3288 1692 3257 2641 3229" 
                    HPOS="1130"
                    VPOS="3172"
                    WIDTH="1511"
                    HEIGHT="155">
            <Shape><Polygon POINTS="1132 3288 1134 3325 1189 3302 1306 3300 1334 3310 1336 3310 1338 3310 1341 3310 1369 3298 1402 3312 1439 3327 1441 3327 1443 3327 1524 3325 1526 3325 1559 3310 1585 3317 1588 3317 1590 3317 1592 3317 1594 3317 1614 3304 1677 3319 1679 3319 1743 3304 1763 3312 1765 3312 1767 3312 1769 3312 1771 3312 1788 3300 1806 3312 1808 3312 1810 3312 1812 3312 2194 3300 2196 3300 2251 3272 2265 3264 2512 3257 2514 3257 2535 3268 2537 3268 2539 3268 2641 3251 2641 3229 2635 3182 2598 3186 2592 3182 2580 3174 2577 3174 2575 3174 2573 3174 2514 3186 2486 3192 2469 3188 2420 3172 2418 3172 2416 3172 2414 3172 2412 3172 2386 3192 2377 3198 2292 3200 2273 3196 2210 3180 2208 3180 2206 3180 2204 3180 2165 3200 2143 3188 2141 3188 2139 3188 2137 3188 2135 3188 2118 3202 2112 3208 2018 3210 1959 3210 1959 3208 1935 3192 1932 3192 1930 3192 1928 3192 1926 3192 1886 3206 1824 3194 1822 3194 1820 3194 1781 3215 1767 3204 1765 3204 1763 3204 1761 3204 1665 3215 1649 3204 1647 3204 1645 3204 1643 3204 1641 3204 1639 3204 1626 3217 1598 3202 1596 3202 1594 3202 1465 3231 1459 3231 1457 3231 1408 3210 1406 3210 1404 3210 1298 3213 1296 3213 1238 3239 1238 3241 1130 3243 1132 3288"/></Shape>
            <String CONTENT="et s&#x27;est apperçu quil avait trois trous"
                    HPOS="1130"
                    VPOS="3172"
                    WIDTH="1511"
                    HEIGHT="155"
                    ></String>
          </TextLine>
        </TextBlock>
        <TextBlock HPOS="62"
                   VPOS="190"
                   WIDTH="606"
                   HEIGHT="3186"
                   ID="eSc_textblock_43dc9ab7"
                   TAGREFS="QZ9">
          <Shape><Polygon POINTS="62 190 62 3376 668 3376 668 190"/></Shape>
        </TextBlock>
      </PrintSpace>
    </Page>
  </Layout>
</alto>
