2176 1408
255 106 1787 97 Extrait du Registre de bapteme de leglise paroissiale de St Jean de Libourne

254 195 436 52 dioceze de bordeaux

256 310 1736 70 ay baptisé un fils de Monsieur de Taffard capitaine des grenadiers royaux

366 243 1659 73 L'an mil sept cent soixante cinq et le trezieme de fevrier je soussigné

252 387 1771 73 chevalier de Lordre royal et militaire de S^t Louis et de dame Marie Thereze

251 463 1757 72 de Cezimort son epouse habitants de cette ville, il est né Le jour precedent

245 551 1770 67 et neuf heures du soir on luy a donné le nom de Jean x son parrain a été

251 624 1674 77 et Jean baptiste duroy representé par jean jaudou qui a signé sa

258 675 1740 115 marraine dame Marie Morice de Taffart representée par jeanne mallard

255 780 1777 90 qui a declaré ne scavoir signer de ce interpellée par moy hooglart curé

249 862 492 70 de Libourne jaudou

439 932 1575 84 Lequel extrait je soussigné certifie avoir eté tiré mots a mots du

255 1210 1748 104 Nous jean Baptiste temoin conseiller du roy–

243 1019 1656 84 Susdit Registre sans y avoir Ecrit ajouté ny dismisnué en foy de quoy

238 1118 1489 54 a Libourne ce 18e mars 1780 Lari⟦...⟧que vicaire de Libourne
