3232 3704
1148 269 1550 144 Notaires Royaux le dix juin dérnier pour

1068 403 1525 134 icelui sortir son plein & entièr éffet, en

1161 537 1548 127 conséquence ordonnans que ledit Augustin

1144 664 1528 109 sera et demeurera Libre l'avenir et pour

1105 784 1616 113 toujours de tout Esclavage et sérvitude, et qu'il

1111 903 1618 127 jouirra de tous les droits & prérogatives attachés

1158 1022 1532 128 à la Liberté, et ainsi qu'en jouissent les autres

1144 1160 1488 119 affranchir sans troubles n'y empêchement –

1156 1281 1528 126 quelconques en par lui se conformant aux

1158 1397 871 111 règlemens & ordonnances. ※ –

1362 1508 1318 136 Et seront la requête l'acte des autres

1121 1648 1559 129 parts et la présente ordonnance en régistrés

1144 1784 1593 129 tant au Greffe de la jurisdiction qu'au bureau

1183 1911 1495 120 du Domaine du Roi à peine de nulité ※

1408 2018 1329 130 Donné en nos Hotel sans le

1074 2158 1653 140 sceau de nos Armes et le contre seing de

1150 2308 659 95 nos Secretaire ※ –

1278 2442 1435 140 A Cayenne le deux juillet mille sept cent

1171 2584 862 136 Soixante dix neuf ※ L

1438 2703 1306 132 Signé Fiedmond & Preville, à côté des –

1177 2839 1587 136 qu'elles signatures, sont deux empreinte en

1179 2987 1581 101 cire rouge avec armes de mes dits Sr fiedmond

1204 3109 449 129 & Preville ※ –

1340 3241 1397 255 Et au bas est écrit par mon dit Sieur

2722 3407 34 43 4
