3808 3040
647 325 1268 95 de port Cavaillon, lequel luy dit qu'il venoit

636 407 1198 89 a donner un coup de pistolet au nommé

636 488 1262 55 Thomy, et qu'il pria luy déposant d'accommoder

631 552 1284 79 cette affaire, Et que si ledit Thomy poursuivoit

618 629 1277 85 Cette affaire je Bruleroit La cervelle audit

635 712 1228 95 Thomy; que ledit Janson parla d'Egorger

611 783 1286 105 sa femme Et ses Enfans, mais que comme il

614 863 1274 91 Etoit tout hors de luy même, il arrangea

606 942 1287 86 si mal son discours que lui Déposant en

598 1023 1307 98 put Bien le distinguer; que ledit Janson

608 1107 1301 93 luy dit néanmoins fort jntelligiblement qu'il

542 1185 1356 101 ne croyoit pas que le coup de pistolet qu'il

614 1266 1274 86 avoit donné a Thomy fut Bien Dangereux,

616 1340 1267 90 mais que si l'on poursuivoit l'on verroit

616 1422 1271 98 Beaujeu; Ensuite de quoy ledit janson

621 1504 1288 93 quitta lui Déposant. Qui est tout ce qu'il

620 1585 410 66 a dit scavoir.

718 1687 1184 94 Lecture a luy faite de sa déposition

608 1768 1279 88 a dit qu'elle contenir verité; y a persisté, a

601 1851 1248 86 signé Et aprés qu'il a requis salaire luy

596 1930 1238 88 avoir taxé la somme de dix livres. ainsi

592 2016 1284 93 signés a la minutte La Place. D'Ecopin. Et

598 2104 594 106 Casamajor, Greffier.

1062 2212 667 105 Dudit jour au matin.

641 2342 1210 98 Gabriel Flatron, habitant d'aquin,

601 2423 1282 101 meme paroisse, y demeurant, âgé d'Environ

598 2497 1270 117 vingt neuf ans, Lequel aprés serment par

582 2592 1276 105 Luy fait de dire verité Et qu'il nous a dit

2395 349 1250 96 n'Etre parent ni allié, serviteur ni Domestique

2393 437 1234 95 des parties, et nous a représenté, l'Exploit

2388 513 1200 86 d'assignation a luy donnée par Graugé

2338 584 1309 91 huissier, le trois de ce mois, pour déposer

2382 673 1279 92 a la requête de jean Thomy, Le procureur

2378 741 414 73 fiscal joint.

2562 822 1082 117 Dépose sur les faits mentionnés En la

2387 915 1236 86 plainte de jean Thomy, de laquelle luy

2370 989 1255 88 avons fait faire lecture, que le dimanche

2365 1072 1258 79 trentieme de juillet dernier Environ cinq heures

2360 1146 1260 88 de nuit, Etant sur le pas de sa porte avec

2355 1229 1263 83 sa femme Et le nommé Coutois, aussi habitant

2363 1300 1215 98 du quartier d'Aquin, jl vit passer un

2356 1386 1274 76 homme a cheval avec un négre, qui avoit

2360 1467 1238 96 le chapeau rabbattû sur les yeux, –

2346 1543 1294 81 faisant Route du coté de lhabitation dudit

2341 1624 1281 76 Coutois, que luy déposant croit Etre ledit

2336 1717 1237 90 janson, qu'un gros quart dheure aprés

2334 1796 1291 104 les nommés Gilles et Thomy passerent aussi

2353 1884 1267 90 a cheval au grand galop devant l'habitation

2341 1972 1243 73 de lui déposant, faisant Route pour

2322 2053 1298 80 Lhabitation dudit Gillet; que lui déposant

2331 2133 1193 89 remarqua qu'ils Regarderent plusieurs fois

2331 2220 1281 81 derriere Eux comme des gens qui fuyent

2322 2291 1271 88 Et qui ont peur; que Coutois Etant parti

2336 2386 1265 79 dans le tems jl revint un jnstant aprés

2339 2450 1239 100 En la maison de luy déposant, Lequel

2316 2529 1299 97 lui dit qu'il avoit Rencontré lesdits Gillet

2319 2627 1262 109 et Thomy, que le premier Luy avoit dit
