3872 3040
1983 285 410 96 dud 1^er 7^bre 1772.

1978 440 485 132 Add^on d'information.

2062 775 119 106 19^e

2164 827 170 135 AMr

2841 325 841 122 Extrait des minuttes du greffe

2819 437 873 101 criminel du siege royal de S^t Louis.

2486 559 1129 114 Addition d'jnformation faite

2403 646 1294 114 par nous M Jean Baptiste DEcopin, lieutenant

2388 727 1311 98 civil et criminel de la partie du sud de S^t Domingue,

2388 798 1274 97 A la Requête de jean Thomy, demandeur Et

2383 874 1291 93 Complaignant, habitant demeurant au quartier

2397 940 1221 103 des anglois, le procureur fiscal joint. Contre

2390 1015 1294 104 Mathieu janson, habitant du port Cavaillon,

2402 1084 1272 94 deffendeur Et accusé, a laquelle jnformation

2402 1163 898 96 avons procédé ainsi qu'il Ensuit.

2767 1244 920 98 Du premier septembre mil sept

2826 1313 691 95 cent dix neuf, au matin.

2469 1398 1119 122 Françoise Roy, veuve Guerard, habitante

2405 1471 1277 123 demeurante au quartier d'Aquin, paroisse dudit

2405 1547 1282 116 lieu, agée d'Environ quarante ans, laquelle aprés

2398 1611 1256 120 serment par elle fait de dire verité Et qu'Elle

2398 1683 1215 113 nous a dit n'etre parente, alliée, servante ni

2388 1746 1303 133 Domestique des parties Et nous a representé l'exploit

2403 1829 1296 114 d'assignation a elle donnée par Graugé huissier,

2373 1911 1330 93 le trentieme du mois d'aoust dernier pour deposer

2400 1964 1260 123 a la requête dudit jean Thomy, le procureur

2410 2060 399 81 fiscal joint.

2535 2112 1156 120 Depose sur les faits mentionnés en la

2402 2198 1267 125 plainte Et nouvelle requête dudit jean Thomy,

2395 2276 1232 110 dequelles luy avons fait lecture, que le

2400 2345 1314 108 dimanche trentieme le juillet dernier, Environ

2398 2406 1262 137 cinq heures du soir, Etant a la poste de sa

2397 2496 1279 115 maison, Elle vit passer les nommés Thomy

2395 2592 1309 95 Et Gillet, venant du coté de la Riviere dormante
