2880 3672
998 181 1610 135 Il vit un homme quil ne connoit pas quy etoit

1006 267 1608 134 Etendu par terre ayant reçu un coup darme dans

1004 346 1610 139 le coté quil demanda une paillasse, et luy deposant

1012 430 1606 153 et quelquautres personnes mirent ledit homme sur

1010 516 1502 136 laditte paillasse qu'ensuite luy déposant luy–

1022 591 1588 149 demanda comment ce coup luy etoit arrivé quil luy

1026 673 1545 134 repondit que cetoit le sieur Tache quy etoit a

1016 748 1527 149 Raccomoder un pistolet a coté de luy Lequel

1020 838 1547 153 pistolet ayant party le coup luy avait porté

1022 913 1568 145 dans le coté quil luy demanda si le sieur Tache

1016 1015 1508 143 Lavait fait exprés quil luy dit que non que

1010 1089 1586 145 cetoit un coup malheureux duquel ledit Tache

1020 1230 512 100 etoit jnnocent.

1171 1264 1453 145 Luy est tout ce qu'il a dit sçavoir Lecture a

1036 1350 1580 155 Luy faite de sa deposition a dit quelle contient

1032 1436 1584 149 verité qu'il y persiste et a signé avec nous et

1018 1513 1598 167 le Greffier commis signés a la minute Drieau,

1012 1597 1386 169 Esteve, et L.J. Rivery Greffier commis.

1238 1695 1370 132 Nicolas Joseph Malaret agé de trente

1022 1799 1572 116 trois ans resident au quartier de la grande

1014 1868 1608 151 Rivierre au camp dudit lieu lequel aprés

1010 1960 1614 159 serment par luy fait de dire verité nous avoir

1014 2060 1510 149 déclaré netre parent allié serviteur ny

1018 2133 1612 168 domestique des parties nous avoir reprensenté

1012 2233 1604 157 Lexploit dassignation aluy donné ce jour pour

1014 2307 1592 181 Deposer a larequete Du procureur du Roy

1022 2427 1233 145 par Lalliquet huissier de ce siege.

1238 2517 1333 143 Dépose sur les faits Enoncés en la

1030 2613 1588 145 remontrance en plainte dudit procureur du

1014 2688 1612 161 Roy du jour d hier dont Lecture luy a été faite

1032 2778 1598 171 par le Greffier commis que le jourd hier vers

1024 2876 1551 157 les deux heures aprés midy etant chés Le

1034 2968 1574 161 sieur Raffina dans larue Espagnolle de

1032 3070 1476 149 cette ville jl entendit un coup darme

1032 3153 1590 176 quetant sorty sur le pas de la porte Il vit
