3808 3072
638 332 1263 94 aussi luy déposant qu'il Regarde ledit

617 414 1281 99 janson comme son Ennemy En ayant Et&

592 496 1328 96 jnsulté deux fois. qui Est tout ce qu'il a dit

617 564 234 89 savoir.

739 629 1174 103 Lecture a luy faite de sa déposition

629 709 1289 106 a dit jcelle contenir verité, y a persisté Et a

621 797 1258 102 signé. ainsi signés a la minutte Laurent.

612 865 896 106 DEcopin Et Casamajor greffier.

1059 1005 868 90 Du onzieme jour d'aoust mil

1036 1083 841 86 sept cent dix neuf, au matin.

667 1181 1237 105 Joseph Gaulu Grandville, commandant

588 1266 1321 83 du quartier du port Cavaillon, y demeurant,

604 1327 1323 106 paroisse du fond de l'jsle a vache, agé d'Environ

599 1408 1307 98 cinquante quatre ans, lequel aprés serment

588 1481 1294 92 par luy fait de dire verité & qu'il nous a dit

604 1556 1305 87 nEtre parent, allié, serviteur ni Domestique

605 1631 1325 108 des parties Et nous a representé l'exploit d'assignation

595 1716 1321 87 a luy donnée par Graugé huissier, le cinquieme

604 1797 1287 85 de ce mois, pour deposer a la requête de

592 1877 1251 101 jean Thomy le procureur fiscal joint.

699 1971 1204 92 Dépose sur les faits mentionnés En

583 2044 1309 108 la plainte dudit jean Thomy de laquelle

588 2126 1313 106 luy avons fait lecture; que le lundy trente

532 2216 1362 88 un du mois de juillet dernier, ledit janson

585 2297 1299 87 passant de grand matin chez luy déposant,

590 2382 1243 97 dit a sa négresse qu'elle Eut a Envoyée

597 2474 1299 74 chercher ses mouttons parce qu'Etant accoutumés

599 2548 1254 105 d'Etre Errants, ils s'En alloient dans le bois,

319 1283 136 99 12^e

2352 346 1266 96 surquoy luy déposant luy ayant dit qu'il

2350 418 1266 95 Etoit toujours fol, continua a luy parler

2362 506 1288 91 Et luy demandoit s'jl luy Etoit arrivé quelque

2345 585 1242 94 nouvelle affaire, a quoy ledit janson

2360 670 1236 91 Repliqua qu'il avoit donné un coup de

2367 745 1244 92 pour y audit Thomy, ce qu'Entendant luy

2360 815 1290 96 deposant dit que ce n'Etoit pas grande chose,

2357 899 1280 92 Et ledit janson luy repondit qu'il Esperoit

2358 972 1260 98 que ce ne seroit Rien. qui Est tout ce qu'il

2363 1059 340 91 a dit savoir.

2365 1192 1284 93 a dit jcelle contenir verité, y a persisté Et a

2428 1112 1200 106 Lecture a luy faite de sa déposition

2360 1271 1279 97 signé ainsi signés a la minutte Gaulet Et DEcopin.

2345 1561 1288 106 par le juge Et Est Egalement signée au Bas de

2328 1629 1302 101 chacune d'jcelles par les temoins qui ont soũsigner,

2343 1704 1290 106 le juge Et le greffier; observant cependant que ledit

2338 1773 1294 111 greffier a oublié de signer la derniere déposition.

2560 1920 964 112 Soit la presente jnformation

2345 1483 1276 97 Est cottée et paraphée au Bas de chaque page

2433 1418 1211 82 La minutte de la presente jnformation

2048 1930 148 88 Ord^ce

2379 2022 1234 79 communiquée au procureur fiscal pour sur

2340 2075 1261 97 ses conclusions Etre ordonné ce que ce droit. a

2343 2162 1267 114 aquin ce douze aoust mil sept cent dix neuf.

2346 2247 883 103 signé a la minutte DEcopin.

1930 2413 396 88 Conclusions du P^r fiscal

2360 2426 1260 115 Outres parts, l'ordonnance qu'Elle nous soient

2476 2331 1116 128 Vû les jnformations cy desus Et aux

2336 2510 1280 102 communiqués. je Requiers que ledit janson

2333 2583 1278 123 soit decreté de prise de corps. fait a aquin
