2784 4128
433 940 1912 176 Ma pension est bien modique, en comparaison Surtout des

493 1096 1857 133 apoinemens qui m'étoient reglés, vous le sçavez, Monseigneur;

452 1199 1907 128 plusieurs de mes camarades lors de la réforme de 1763. en eurent

488 1316 1919 115 une sur la colonie, et une de même somme sur france. je ne mets point

397 1421 1948 117 de bornes aux bontés du Roy, ny ne veux être importun, quoique

484 1531 1900 124 j'ai beaucoup d'enfants à Elever, m'en raportant uniquement au

401 1639 1969 122 coup d'œuil que vous voudrey bien jetter sur moi. mais si vous

417 1747 1878 119 n'aviez pas d'autre moyen pour me procurer de paiement en

486 1839 1811 128 france que celui là, sans croiser vos maximes et les usages;

488 1953 1896 129 pourquoi n'aurai-je pas recours aux bontés du Roy et aux

498 2057 1875 119 votres ? J'ai bien sacrifié un bon quard de ma fortune à son

479 2169 1896 119 Service, et je l'ai servi jour et nuit de bien bonne foy, surtout

358 2256 1996 152 dans les derniers troubles des Cayes, où j'ai arrêté bien du

502 2378 1802 124 mal, cherché à concilier tant que j'ai pû; ce tems là à bien

380 2481 2023 137 dérangé ma fortune par les dépenses extraordinaires, et les pertes

518 2593 1882 133 que cela m'a occasionné. Je n'en ai pas plus parlé que de 45 nuits

507 2692 1884 126 qu'on m'a fait pour l'exemple coucher dans le corps de garder des

491 2802 1909 101 soldats, comme si j'avois été en service, tout malade que j'étois

507 2901 1875 112 et prêt à partir pour france pour cause de Scorbut et délabrement

495 3011 978 98 total; dont je me ressents encore.

672 3098 1724 128 J'ai crû, Monseigneur, que les généraux avoient rendu des

500 3219 1870 104 comptes de mon zèle en ces occasions épineuses ou ma conduite à été

502 3329 1868 99 exemplaire, et mes conseils salutaires au pays, et que tout cela

500 3437 1873 115 vous seroit mis sous les yeux cela seul, plus que mes anciens
