3232 3688
926 221 1535 100 devant En qualité de garçon chés Le Sieur

934 305 1539 108 tache En cette ville rue Espagnolle lequel–

938 397 1543 117 aprés serment par luy fait de dire verité–

930 487 1590 109 nous avoir declaté netre parent allié mais

924 579 1637 117 garcon travaillant pour Le sieur tache et a

922 669 1588 132 ses gages nous avoir representé lexploit

936 762 1613 139 Dassignation a luy donné pour deposer a

926 864 1613 123 la requete du procureur du roy de ce jour par

952 965 1115 110 S^t amand huissier de ce siege.

1186 1061 1363 113 Dépose sur les faits enoncés en la

934 1155 1609 123 remontrance en plainte du procureur du roy

926 1247 1553 113 du treize de ce mois dont lecture luy a été

938 1327 1599 150 faite par le Greffier Commis que le treize de

926 1428 1621 129 ce mois vers les dix a onze heures du matin un

924 1526 1598 121 Monsieur quil ne connoit pas vint a luy

922 1622 1486 125 Deposant pendant quil travailloit–

916 1708 1623 131 dattention a son Etably et luy demanda sil

928 1805 1539 139 pouvait luy recoller un morceau de laffu

926 1913 1617 127 dun pistolet quy etoit fendu que luy deposant

922 2018 1607 127 luy ayant repondu que ouy ledit Monsieur

914 2108 1623 145 laissa la paire de pistolet dans un coin quil

916 2208 1586 135 luy jndiqua sur son Etably sans luy dire

901 2313 1599 125 sils Etoient chargés ou non que lheure de

909 2415 1587 117 diner etant venu jl se mirent a table le

928 2505 1519 131 sieur Tache et luy que pendant quils

912 2608 1594 129 dinoient le garçon dun chaudronnier quy–

914 2712 1582 117 demeure vis a vis dudit sieur Tache vint–

918 2819 1606 125 prier ce dernier de luy permettre dacomoder

918 2915 1608 127 a son Etoc, un Etoc quy etoit gaté que ledit

909 3030 1492 100 sieur Tache luy ayant permis ledit–

916 3128 1567 107 garcon fut travailler qu'ayant fini leur

922 3222 1504 109 diné lesieur Tache et luy se leverent d
