3808 3072
634 366 914 91 qui Est tout ce qu'il a dit savoir.

641 525 1272 80 a dit jcelle contenir verité, y a persisté Et n'a

802 445 1106 94 Lecture a luu faite de sa déposition

629 602 1233 85 requis salaire ainsi ⟦signés⟧ a la minutte

633 672 1247 90 Marcolles. DEcopin Et Casamajor greffier.

1080 808 715 101 Dudit jour aprés midy.

662 909 1225 80 Pierre D'aguilhe, habitant au quartier des

629 983 1246 107 flamands, paroisse S^t Louis, y demeurant,

629 1070 1286 80 agé d'Environ quarante neuf ans, lequel aprés

616 1131 1293 84 sermant par luy fait de dire verité Et qu'il nous

626 1199 1295 91 a dit n'Etre parent, allié, serviteur ni Domestique

621 1276 1312 108 des parties Et nous a representé l'Exploit d'assignation

611 1363 1314 89 a luy donnée par Graugé huissier, le cinquieme

614 1443 1304 89 de ce mois, pour déposer a la Requête de jean

612 1515 1060 87 Thomy, le procureur fiscal joint.

670 1594 1239 100 Depose sur les faits mentionnés En

600 1670 1298 91 La plainte dudit jean Thomy de laquelle

599 1754 1322 101 luy avons fait lecture, que le lundy trente

609 1825 1270 87 unieme juillet dernier ledit janson vient

602 1911 1255 87 chez luy déposant et luy amena deux

602 1979 1311 104 négres marrons qu'il dit avoir pris sur le

599 2066 1266 86 morne S^t George, revenant du quartier

605 2152 1289 95 d'aquin, lesdits négres appartenants au sieur

605 2235 1304 77 S^te Marie, habitant du fond; que ledit janson

518 2310 1369 81 En partant de chez luy Et luy disant Adieu

575 2401 1329 95 luy dut qu'il avoit Rencontré Thomy auquel

580 2495 1300 87 jl avoit donné un coup de poing pour les

590 2570 1287 87 jnsultes qu'il luy avoit fait au sujet de

582 2640 1298 117 sa femme. Declare que le sieur Grandville

376 931 102 98 8^e

2408 353 1266 111 assigné pour comparoir ce jour d'huy, n'auroit

2391 448 1265 69 pû venir, attendû le débordemenr de la –

2389 520 1265 89 Riviere du port Cavaillon, qui sitôt que la

2393 599 1218 92 ditte Riviere seroit Rentrée dans son lit,

2389 682 1263 91 jl ne manqueroit pas de venir donner sa

2381 766 1269 92 déposition, dont jl requeroit acte, pour

2374 848 1283 87 Etre déchargé de l'amende par luy Encourruë

2365 938 1292 87 pour le présent deffaut jnvolontaire, ce que

2362 1015 1283 89 luy avons accordé. Qui Est tout ce qu'il a dit

2321 1097 270 92 savoir.

2454 1153 1188 86 Lecture a luy faite de sa déposition

2381 1230 1258 84 a dit jcelle contenir verité, y a persisté, a

2367 1320 1263 79 signé, Et aprés qu'il a Requis salaire luy

2377 1389 1246 92 avons taxé la somme de vingt quatre livres.

2377 1474 1273 94 ainsi signés a la minutte P. Daguilhe, DEcopin

2360 1558 710 92 Et Caramajor, greffier.

2763 1693 864 81 Dudit jour neuvieme aoust

2806 1773 807 99 mil sept cent dix neuf, aprés

2794 1855 199 99 midy.

2386 1930 1241 88 Pierre Petit, habitant du quartier de

2360 2024 1217 92 la Raye dudines la paroisse S^t Louis, y

2358 2100 1202 77 demeurant, agé dEnviron quarante ans,

2353 2172 1258 92 lequel aprés serment par lui fait de dire

2357 2266 1270 78 verité Et qu'il nous a dit n'Etre parent, allié,

2350 2344 1283 76 serviteur ni Domestique des partis Et nous a

2357 2426 1273 93 Représenté l'Exploit d'assignation a luy

2358 2507 1263 93 donnée par Graudé, huissier le cinquieme

2353 2589 1214 92 de ce mois, pour déposer a la Requête

2353 2669 1241 109 de jean Thomy, le procureurfiscal joint.

2064 1958 153 120 9^e
