2976 3688
1096 180 1615 106 Serviteur ni domestique des parties, nous avoir

1100 262 1605 121 representé lexploit dassignation a luy donné

1127 344 1570 133 pour deposer a la requete du procureur du Roy

1119 434 1451 129 de ce jour par Lalliquet huissier de ce siège.

1264 524 1453 107 Dépose sur les faits enoncés en la remontrance

1114 600 1575 127 en plainte dudit procureur du roy du jour d'hier

1112 688 1605 117 dont lecture luy a été faite par le greffier commis

1103 476 1599 406 que le jour d'hier sur les trois heures de l'aprés

1114 852 1597 133 midy arrivans du haut du cap le sieur Mouches

1108 942 1603 131 son capitaine luy dit que le nommé guillaume

1110 1024 1609 129 Tan leur armurier venoit detre tué dans la ruë

1106 1120 1605 140 Espagnolle que setant aussitot transporté pour

1117 1221 1572 102 le voir Il le trouva couché sur une paillasse

1114 1307 1497 110 dans une chambre de Larmurier ou le coup

1110 1395 1601 133 etoit arrivé que setant approché de luy Il luy

1102 1479 1619 139 demanda s'il le reconnoissoit a quoy Il repondit

1112 1571 1609 141 que ouy et luy demanda aussy comment le coup

1106 1661 1537 148 setait fait qu'il luy repondit que cetoit un

1112 1755 1611 127 malheur fait Innocemment nayant jamais

1106 1844 1611 127 eu aucunne dispute avec lhomme quy luy avait

1102 1940 1603 135 donné le coup, qu'au contraire il ne luy avait

1108 2046 869 127 jamais fait que du bien.

1311 2132 1382 125 Luy est tout ce quil a dit scavoir Lecture

1110 2225 1607 127 a luy faite de sa deposition a dit quelle contient

1096 2305 1580 135 verité qu'il y persiste et a signé avec nous

1084 2389 1547 139 et le greffier commis signés a la minutte.

1080 2481 1510 127 A. R. Auvray, Esteve, et L'I. Rivery–

1082 2597 637 121 Greffier Commis

1266 2679 1302 125 Jacques Nicolas Minvielle agé de

1100 2763 1554 127 vingt quatre ans second Lieutenant sur le

1096 2850 1603 129 navire le frere et la sœur du havre de present

1102 2940 1574 133 en cette rade lequel aprés serment par luy

1110 3034 1531 129 fait de dire verité nous avoir declaré netre

1114 3118 1511 131 parent allié serviteur ni domestique des

1102 3218 1511 127 parties nous avoir representé l'exploit
