3232 3688
950 194 1624 111 Beaucoup de monde courir dans une maison

955 280 1610 115 du sieur Ducrocq quy etoit aussy allé Il vit dans

948 360 1619 127 La boutique du sieur Tache un homme quil ne

955 448 1608 123 connoit pas couché sur une paillasse et le sieur

948 524 1513 160 Raffina quy pensoit une playe que Le dit

948 624 1521 117 homme avait dans Le coté que quelques –

952 725 1533 137 personnes luy ayant demandé comment ce

950 825 1529 123 coup luy Etoit arrivé que cetoit un coup

948 909 1630 133 malheureux dont Le sieur Tache etoit jnnocent

944 1028 1050 117 ne Layant pas fait exprés.

1153 1100 1435 121 quy est tout ce quil adit sçavoir Lecture

955 1190 1477 121 a lyt faite de sa deposition adit qu'elle

952 1264 1603 135 contient verité quil y persiste et a signé avec

950 1350 1523 147 nous, et Le greffier commis signés a La

942 1434 1621 151 minutte Malaret, Esteve, et L. J. Rivery

942 1567 621 127 Greffier commis

1164 1635 1414 124 Mathurin Raffina agé de vingt quatre

926 1731 1652 139 ans apoticaire en cette ville y demeurant rue

936 1819 1638 154 Espagnolle Lequel aprés serment par luy

952 1921 1622 125 fait de dire verité nous avoir declaré netre

967 2009 1570 132 parent allié serviteur ny domestique des

948 2104 1617 141 parties nous avoir representé Lexploit–

946 2194 1621 145 Dassignation a luy donné pour deposer a la

946 2305 1615 137 requete du procureur du roy de ce jour par

942 2393 1611 127 Laliquet huissier de ce siege. dépose sur les

955 2497 1547 127 faits enoncés en La remontrance en plainte du

963 2591 1592 127 procureur du roy d'ont Lecture luy a été faite

963 2684 1537 129 par Le Greffier commis Etant en datte du

946 2774 1599 139 jourdhier que vers les deux heures de Laprés

948 2868 1574 127 midy du jourdhier sortant de diner et–

934 2970 1543 132 setant mis sur le pas de sa porte Il–

938 3071 1595 129 entendit tirer un coup d'arme chés Le Sieur

944 3179 1576 132 Tache et vit tout de suite Ledit Sieur Tache
