2144 2624
201 158 452 85 M. de Perrigni–

956 159 918 103 à Perrigny le 28. decembre 1775.

150 387 303 67 M. Dutillet

361 692 1489 89 Recevez, Monsieur, avec le nouvel an les nouvelles

369 785 1559 86 assurances des sentimens que je vous ai voüés et du vif désir

370 868 1536 76 que j'ai que vous puissiez inspirer les bonnes vües que

373 937 1572 79 vous avez pour notre malheureuse colonie. puisse cette

367 1014 1590 72 année par vos mains et votre noble fermeté assurer enfin

367 1081 1628 82 le pivot sur lequel elle ne fait que tourner sans cesse depuis

364 1157 1597 74 bien des années. à cette condition je consentirois encore

366 1239 1619 70 de l'aller voir pour y chanter vos louanges avec ceux qui

361 1301 1485 85 goûteroient le bonheur sans savoir d'où il leur vient.

357 1365 1603 97 ainsi vous ne doutez pas, monsieur, de la sincérité des

351 1449 1530 91 voeux que je formes pour tout ce qui peut faire votre

352 1524 1265 91 goire, et le bonheur d'un payer que j'aime.

529 1600 1444 70 j'ai sçû que vous aviez vû, monsieur, le tableau bien

342 1667 1618 82 en abrégé mais bien naturel de mon malheur de la nuit du

345 1744 1607 97 27. au 28. aoust, et que vous y assez donné des plaintes

332 1835 823 81 auxquelles j'ai été sensible.

551 1896 1409 86 j'avois prié M^e le Comte De Sediéres de le

335 1984 1510 86 faire connoître au ministre, mais comme il a été très

341 2061 1622 97 malade et n'a pû le voir je prends le parti de le lui

338 2144 1553 96 adresser, quoique mon procureur me mande qu'il

148 2364 797 79 Monsieur De la Coste.
