2816 4160
795 522 1789 106 Services que je crois bons, et apostillés pouvoient, et je le pensois,

806 617 1857 122 m'obtenir pour votre canal, le brévet de colonel que j'avois Sollicité, que

795 723 1879 120 M. de la Roque peut vous dire avoir été dans le porte feuille de M Dubuy,

813 834 1880 122 et qui à disparu. Cette grace m'auroit flasté, et je l'ai vû accorder à M^rs

795 933 772 113 de la Vitte et de Maupoint.

950 1049 1743 134 Je n'en suis pas Jaloux, Monseigneur, mais le Roy na-il que deux

813 1174 1885 110 grace de ce genre, et ma famille ainsi que moi, ne méritont nous pas assez par

721 1268 1981 116 nos Services suivis, pour emporter un titre utile pour l'avenir, et honorable pour le

797 1368 1859 115 présent ? s'il étoit ainsi motivé comme je le crois avoir mérité, pour services

809 1476 1877 116 rendus en ces tems épineux, qu'il me flatteroit, et seroit utile à mes enfans,

793 1587 1144 88 pour leur donner les mêmes traces à suivre.

920 1687 1775 124 S'il est nécessaire, Monseigneur, je vous produirai les lettres du

790 1802 1910 116 Prince de Rohan, et les preuves des risques ou ma personnes et mes biens, et

788 1911 1919 106 mes papiers ont été pendant quelques jours par des malheureux fanatiques

793 2003 1881 123 ou selon eux réduits au désespoir et dont j'avois pitié ; pour vous ⟦.⟧uves

806 2123 1885 109 que ce n'est pas importunité de la part, et que j'ai eû titre pour espérer

795 2225 1903 109 cette marque d'honneur et de récompense. Peut-être ne seroit-elle pas tout

788 2336 1893 111 à fait inutile, et qu'il me reviendra un jour, assez de santé pour faire revivre

788 2431 1891 136 ce titre si vous vous portez à me l'obtenir du Roy tost à S^t Domingue,

790 2512 426 97 ou ailleurs.

959 2639 1678 148 Sur tant quoi, J'invoque mon zèle, mes foibles Services, et

790 2750 1572 125 plus encore vos bontés, dont je suis jaloux, et reconnoissant.

975 2868 604 117 Je suis avec respect

780 3217 732 104 Monseigneur

1754 3359 895 100 Votre très humble et trés obeissant

1722 3455 733 226 Serviteur Perrigny

716 3600 1168 206 A Vendôme Le 26 Janvier 1773.
