2304 3528
747 292 1400 127 Compte particulier de dépenses

558 407 1579 116 faittes par occanomie par le S^r De Perrigny, lors

556 505 1589 92 major, commandant pour le Roy à Léogane, pour rétablir

549 584 1578 90 les bâtimens du Gouvernement, terreurs et jardins en

549 658 1580 106 dépendans, leurs hayes et clôtures pendant les trois

550 748 1093 98 mois qu'ont duré les ouvrages.

688 840 1055 92 Pour nourriture de deux cens

541 929 1198 103 quarante-sept journées de négres, maçons

543 1003 1129 110 et charpentiers à trente sols par jour

553 1114 1518 67 cy ............... 370^lt.. 10^s

654 1154 1022 116 Pour fourniture de ses propres

533 1236 1141 110 tombereaux et mulets qui ont approché

545 1307 1382 127 majeure partie des matereaux cy .... 400.

658 1411 1032 108 Pour six négres de place qui ont

545 1487 1184 110 été employés pendant deux ans aux travaux

545 1558 1141 109 des terreins, après avoir servi les ouvriers

545 1632 1137 110 comme manoeuvres pendant les travaux.

547 1711 1133 109 le S^r De Perrigny en payoit, trois cens

545 1775 1190 112 levis de loier de chaque, et répondoit de leur

545 1846 1143 110 mortalité; ce qui faisoit pour les vingt-

549 1916 1202 110 quatre mois trois mille six cens livres. Il n'en

541 1985 1184 123 porte icy au Roy que moitié; et ne demande

547 2069 984 108 rien pour le service qu'y ont fait

549 2128 1225 118 continuellement au vû de tout le quartier

553 2237 1412 103 Ses propres negres cy ........ 1800.

768 2363 1368 97 Total cy ...... 2570^lt. 10^s.

562 2500 1473 108 certifié veritable comme cy dessus, au montant de

558 2593 1583 125 deux mille cinq cens soixante dix livres dix sols Perrigny
