2720 3512
1018 401 1430 108 pour y loger presque tout un Régiment officiers et soldats sans y

1010 479 346 96 faire de dépense.

1077 558 1498 93 En vain le S. de Perigny, dans les Derniers tems de sa résidence à S^t D^gue

1018 647 1571 88 s'est-il pourvû vers M. de Bongars, le Defaut de signature de M. de Clugny

1010 729 1544 70 au pied des Etats dont M. Lagneau delarisse lui avoit donné un double

1008 807 1526 90 ci-joint l'a empêché de lui octroyer la demande des 6014^lt à quoy il

1006 889 1589 92 s'étoit réduit dès tout principe de demande et il l'a renvoyé à se pourvoir

1014 975 628 68 au Ministre de la Marine.

1118 1067 1387 111 Pourquoi, le S. de Perigny a l'honneur de recourir à vous,

1008 1182 1548 94 Monseigneur, pourque vû l'Etat de dépense ci-joint certifié

1018 1276 1534 85 par M. Lagneay de Larisse et l'exposé au présent mémoire, vous ayez

1020 1352 1565 87 la bonté de lui allouer la modique somme de 6014^lt à quoi il s'en réduit,

1022 1443 1547 82 consentant perdre tout a fait le reste qui lui est bien légitimement

961 1516 1630 93 dû, depuis 1763 et que vous veuilliez bien lui en faire expédier l'ordonnance

1002 1603 1589 96 sur la Caisse de S^t Domingue & ferez justice. et ne Cessera l'Exposant

956 1687 1582 121 de faire des voeux, Monseigneur, pour votre santé et prospérité ※
