3232 3688
887 178 1594 145 dans ledit coté que luy deposant ayant demandé

885 268 1627 131 audit homme comment cela luy etoit arrivé qu'il–

877 366 1541 140 luy repondit que cetoit le sieur Tache quy

881 450 1615 129 desarmait un pistolet de son Etoc lequel avait

893 534 1562 156 party et luy avait porté dans le coté mais que

889 618 1599 158 cetoit un coup fait innocemment de la part du

889 694 1619 170 sieur Tache que luy ayant aussy demandé sil

889 786 1580 176 avait Eu quelque discussion avec le dit sieur Tache

889 876 1625 187 qu'il luy dit que non qu au contraire ledit Tache

885 979 1605 180 Laimoit beaucoup et que ce netoit qu'un malheur

889 1073 1596 174 auquel le dit Tache navait aucune part Et

895 1186 1215 162 quil netoit point reprehensible.

1137 1284 1377 131 Luy est tout ce quil a dit sçavoir Lecture

899 1374 1621 136 a luy faite de sa déposition a dit qu'elle contient

895 1467 1625 145 verité quil y persiste et a signé avec nous et

901 1555 1621 141 le Greffier commis signés a la minutte Rocheron,

899 1647 1367 145 Esteve, et L. J. Rivery Greffier commis.

1116 1772 1396 131 Jean Antoine Drieu dit Lataille agé de

895 1856 1638 147 trente quatre ans aubergiste En cette ville y demeurant

893 1948 1603 156 rue Espagnolle lequel aprés serment par luy

895 2044 1625 148 fait de dire verité nous avoir declaré netre parent

893 2128 1554 148 allié serviteur ni domestique des parties nous

897 2200 1597 176 avoit représenté Lexploit dassignation a luy

895 2298 1576 168 donné pour deposer a la requete du procureur

893 2380 1580 197 du roy ce jour par Lalliquet huissier de ce siége

1143 2501 1277 158 Depose sur les faits enoncés en la–

889 2581 1617 176 remontrance en plainte du procureur du roy du

887 2677 1615 181 jourdhier dont Lecture luy a été faite parle

895 2778 1625 166 Greffier commis quetant en sa maison vers les

897 2882 1509 156 deux heures de laprés midy le jourdhier Il

889 2970 1627 158 Entendit un coup darme quetant sorty Il vit

899 3065 1634 141 du monde courir chés le sieur Tache quil y fut

901 3167 1613 162 aussy qu'alors qu'il fut arrivé chés le dit Tache
