3232 3712
643 897 408 134 (#présentes)

1124 290 1419 126 qu'a compter de ce jour, il soit reconnus –

1111 406 1526 140 libre, & jouisse pleinement et paisiblement

1091 556 1561 126 de tous les droits & prérogatives accordés aux

1086 686 1543 145 affranchis par sa majesté, par ses édits &

1117 806 1203 115 declarations, les concernans./

1002 1057 1584 126 promet et s'oblige envers le dit Augustin –

1307 923 1328 124 Et par ces mêmes # le dit S^r Gourgue–

1064 1189 1547 118 mûlatre, de lui faire apprendre un métier lors

1066 1313 1569 149 que son âge et ses forces le permettront, afin

1072 1441 1549 120 de lui procurer les facultés de subvenir à ses

1076 1585 1561 114 dépenses & entretiens et éviter par ce moyen –

1113 1691 1300 119 qu'il devienne à charge à la Colonie.

1280 1800 1401 157 Lobligeant en outre ledit S^r Gourgue de

1095 1957 1446 123 nourir entretenir, blanchir et loger le dit

1124 2066 1381 142 Augustin jusqu'à ce qu'il soit en état

1122 2204 1375 130 de gagner sa vie à tout quoi ledit S^r

1105 2336 1557 165 Gourgues affecte oblige & Iposteque Généralle¬

1031 2489 1629 138 –ment tous ses biens meubles et immeubles–

1169 2621 788 132 présent & avenir.. /–

1330 2753 1254 148 Pour faire insinuer ces présentes au

1062 2885 1547 175 Greffe du siège Royal de Cayenne, les parties

1064 3027 1518 157 en donnent pouvoir au porteur, ou d'une

1091 3138 1464 190 Expédition d'icelle duement Collatinnés et

1119 3274 836 138 d'en requérir Acte. / –

2714 1858 390 103 # écrire ny signer
