2368 3680
224 318 409 141 M. de le C.

1401 472 206 132 C※

638 997 546 135 Monseigneur,

1245 1054 787 166 M. de Villeneuve 4 j^er

460 1449 1695 186 M^e le C^te de Sédiéres s'étant trouvé malade à

456 1557 1637 176 Paris, et n'ayant pû vous remettre lui-même le

464 1629 1709 194 procès verbal que j'avois eû l'honneur de vous adresser

458 1721 1717 178 de mon désastre à Saint Domingue par l'ouragan

462 1780 1693 229 de septembre dernier, j'ai l'honneur de vous l'adresser

470 1872 1673 227 cy-inclus, en vous priant d'y jetter les yeux et d'y

472 2056 380 107 avoir égard.

648 2050 1538 170 cela ne donne pas un dégré de justice de plus

470 2130 1763 188 aux demandes que j'ai eû l'honneur de vous faire; cela n'en

476 2216 1759 192 Eud l'effet que plus désirable pour moi. au reste vous

478 2304 1759 196 avez en main touttes sortes de moyens pour m'en donner

478 2389 1750 184 un équivalent proportionné aux pertes que j'ai faites

476 2484 1691 177 aux services que j'ai rendus, et aux sacrifices que je

478 2602 1016 143 serai toujours prêt à faire.

693 2659 1523 143 j'ai, Monseigneur, plusieurs enfans dont j'en

478 2721 1746 180 destinerois un pour la marine le jour où il vous plaira

480 2792 1755 192 l'admettre pour la Compagnie des gardes de Rochefort.

486 2894 1775 186 j'espére qu'il y remplacera ses oncles, qui y ont laissés une

488 2982 1757 178 bonne réputation, et je le recommande à vos bontés pour
