2304 3592
428 302 1711 164 L'an mil sept cent soixante quinze et le premier jour de sept⟦⟧

359 423 623 101 neuf heures du matin

393 456 1705 130 nous pierre Legout notaire du roy en la Sénéchaussée de S^t Louis

387 516 1775 142 partie du Sud de S^t Domingue résidant aux cayes fond de l'isle à vache

379 582 1777 132 sous signé et en présence des témoins cy après nommés aussy soussignés

387 652 1789 134 à la requisition du sieur Denis fredureau de Milledroüin procureur

385 720 1797 128 gérant les habitations de Monsieur De perrigny chevalier de S^t Louis, ancien

381 768 1799 147 Lieutenant du roy à Léogane et habitant en cette plaine du fond, de present

383 842 1781 143 en france, nous somme l'après transporté sur la principalle des dittes

377 898 1779 155 habitations située en cette plaine du fond paroisse de ⟦Tor⟧beck, à l'effet

379 965 1791 150 conformement à la ditte requisition de constater par procéz verbal, aprés

377 1031 1803 150 visitte et vérification des lieux, les degradations survenuës sur laditte habitation

379 1095 1799 154 par l'ouragan arrivé en cette partie de la colonie dans la nuit du vingt

379 1139 1795 178 sept au vingt huit du moi passé, et constater l'etat actuel dans lequel

375 1209 1795 179 elles se trouvent à quoy nous avons procédé en commençant par laditte principalle

371 1339 619 125 habitation ainsy qu'il suit

381 1337 1787 189 premierement avoir trouvé la maison principale de faitée en entier et

381 1410 1791 170 environ au tiers découverte, trois madriers du plancher de la chambre

383 1464 1789 194 servant autre fois de cabinet à M. de Perrigny enlevés et déplacés, le cabinet

387 1528 1783 192 servant de garderobe défoncé et ses portes et fenêtres Brisées, ainsy que

375 1610 1781 182 la cloison, et les portes et fenêtres de la garderibe de M^de de perrigny

385 1764 453 91 egalement Brisées.

381 1726 1789 197 plus avons trouvé les fenêtres du cabinet nord au dessus de la Salle Brisées et

381 1801 1793 182 les plombs de toutes le ⟦arotes⟧ de la maison enlevés et jettés partue dans le

379 1869 1793 182 petit jardin et partie dans la savane, ainsy que l'⟦au⟧vent qui etait au dessous de

379 1915 1803 216 la porte et des fenêtres de la salle du côté du petit jardin que nous avons trouvé

395 2083 527 86 brisé et par morçeaux

387 2091 1739 132 plus avons trouvé le poullailler et le colombier entièrement renversés –

389 2155 1693 135 plus la cuisine défaîtée, et au quart ou environ découverte –

395 2209 1689 157 plus la case servant à la négresse christine au deux tiers renversée –

387 2314 1349 140 plus le moulin à eau au trois quarts découvert. –

389 2384 1561 138 plus la Sucrerie et ses fourneaux totalement découverts –

393 2456 1781 142 plus la purgerie en Brut, dans laquelle avons trouvé la quantité de

393 2524 1773 140 soixante cinq Bariques de sucre Brut non livrable, dont partie se

389 2596 1787 131 trouve réduite au quart, est le surplus au tiers, ou à moitié, paraissant avoir

391 2646 1783 155 eté fondu par la pluie, laditte purgerie au trois quarts découverte, une

389 2709 1791 150 ferme entiere du côté du nord au pignon ayant été enlevée et jettée dans

383 2783 1775 146 la cour de la ditte purgerie, le surplus de laditte purgerie aussy en plus

385 2883 1028 124 grande partie découverte, ainsy que l'etuve

391 2911 1759 154 plus le Bacq à sirop, que le dit sieur requerant nous a déclaré etre au trois

393 2987 1747 148 quarts plein hors de l'evenement, etre présentement plein ainsy que son Bassin,

393 3081 956 121 le tout en fermentation et hors de vente

397 3152 840 122 plus la forge totalement découverte

395 3206 1769 132 plus trois cazes à Bagasses, dont celle du nord à moitié pleine de chauffage
