2848 3680
956 196 1581 131 sortir en criant sans cependant quil put–

954 273 1577 146 Entendre ce quil disait etant un peu Eloigné

954 368 1597 145 de luy quayant vu du monde courir chés ledit

956 457 1581 139 sieur Tache Il y courut aussy et y trouva un

954 547 1595 137 homme Etendu a terre quy avait recu un coup

956 635 1550 152 darme a feu chargé a trois balles dans Le

958 721 1593 156 coté droit quayant été aporté une paillasse

960 809 1550 166 on luy aida a mettre Le dit homme dessus et¬

960 909 1579 166 ensuite Il visita La playe dudit homme y

965 997 1498 172 mit le premier appareil que quelques–

975 1093 1541 164 personnes luy ayant demandé comment ce

971 1187 1500 166 coup luy Etoit arrivé et si le sieur Tache

975 1285 1570 170 Lavait fait exprés Il repondit que lon ne

975 1373 1592 162 devait point accuser Le dit Tache que cetoit

983 1459 1597 178 un coup malheureux fait jnnocemment

977 1561 1609 178 de sa part quil ne Lavait certainement point

985 1670 1607 163 fait exprés etant trés bien Ensemble quaprés

983 1774 1521 164 que luy deposant luy eut mis le premier

985 1846 1548 192 appareil jl le seigna et Le chirurgien du–

973 1952 1621 182 Roy etant venu voir ledit homme jl se retira.

989 2046 1548 186 ajoute Le deposant que Lors quil Entra Le

997 2144 1583 186 pistolet quy avait party etoit Encore dans

991 2293 793 119 Letoc du sieur Tache.

1183 2347 1407 155 Luy Est tout ce qu il a dit scavoir lecture

997 2439 1497 161 a luy faite de sa deposition a dit quelle

989 2531 1603 169 contient verité qu'il y persiste et a signé avec

989 2600 1574 184 nous et le Greffier commis signés a la

997 2706 1572 170 minutte Rafina, Esteve, et L. J. Rivery

997 2841 679 154 Greffier commis.

1216 2892 1392 156 Du quinze may mil sept cent soixante

1026 3021 1000 129 six trois heures de relevée

1234 3076 1378 141 Manuel Ravet agé de vingt cinq ans

1009 3170 1589 166 arquebusier de son metier travaillant ci
