2816 3632
1031 256 1466 149 Particulier Civil et Criminel de

1029 419 1484 160 Ce siege, a M. Joseph Gaubert de

1003 597 1526 125 Lahaye avocat en parlement procureur

1021 712 1498 163 plus ancien gradué de ce siege par

1015 857 1473 168 Nous pris pour assesseur au Cap

991 1018 1524 138 Le dix sept septembre mil sept cent

1027 1174 1480 133 Soixante six. signés au Registre

1011 1317 1514 133 Esteve, S^t Martin, et Gaubert de–

989 1458 1512 164 Lahaye, et à l'exped^on L.J.Rivery

1140 1759 1393 151 L'an mil sept cent soixante six

1039 1920 1512 126 Le dix huit septembre la sentance

1053 2062 1500 157 cy dessus, et des autres parts a été

1039 2205 1522 163 par moy G^r Commis soussigné Communiqué

1069 2372 1496 136 au procureur du Roy, lequel à declaré

1059 2504 1508 159 ne point se porter appellant de sad.

1033 2633 1500 187 Sentance. fait les jours et au susd.

1021 2810 1540 142 Et à M. le procureur du roy signé

1068 2932 1466 161 ainsi signé dumesnil Et L. J.–

1043 3073 1118 171 Rivery G.^r Commis
