3808 3008
608 409 1244 85 fait étoit à la connoissance de tous les habitans du  –

601 489 1306 89 quartier. Janson eut voulu oublier la réalité d'un affront

598 576 1299 80 aussi sensible, mais l'amour propre, qui maitrise si –

600 656 1263 84 impérieurement certaines années, luy rappeloit sans –

596 741 1287 74 cesse ce souvenir amer, il n'est donc point étonnant, qu'il

598 815 1304 79 en ait voulu tirer vengeance. Elle luy étoit défendüe, mais

595 897 1293 80 il avoit dévant ses yeux ces Exemples frapans de nos

591 975 1276 79 premiers Colons qui étoient accoutumés à se faire

596 1057 1287 79 eux même raison, quand ils se croyoient offensés. Cet

595 1143 1270 73 exemple étoit dangereux, mais il a pû être excusé

601 1219 1277 77 dans un homme dont l'imagination étoit vivement

596 1295 1259 78 affectée de son déshonneur. Un malheureux Colon qui

588 1378 1259 77 n'auroit point cherché les occasions de laver sa

585 1453 1292 86 honte dans le sang de son rival auroit été forcé de

595 1532 1210 70 se banir de la société et de déserter la Colonie.

660 1615 1200 86 Le délit éxiste, il est vray; mais il faut observer

586 1694 1234 85 que Janson n'a tirer son coup de Pistolet qu'aprés.

585 1771 1238 85 avoir dit à Thomy d'en faire autant; des qu'il a

591 1858 1261 80 prévénu son adversaire il n'avoit donc point envie

593 1933 1244 94 de l'assasiner, Gillet, Témoin qui dépose de visu,

588 2013 394 79 atteste ce fait.

585 2083 1247 106 C'est aussi de cette maniêre que l'a pensé Thomy lui

581 2174 1257 98 même, en se désistant de la plainte et de tout ce qui

585 2250 1262 114 s'en étoit ensuivi. Cet Acte qui fut passé le 17. mars

580 2329 1200 124 1728. est la preuve la plus complette qu'il n'a –

576 2414 1229 127 jamais régardé Janson comme assassin, parce que

586 2489 1204 136 s'il l'eut réconnû pour tel il eut réjetté avec –

2362 434 1265 145 Indignation les propositions d'arrangement qui luy

2358 524 366 79 étoient faites.

2362 611 1260 129 Le malheureux Janson a payé du déshonneur une

2340 678 1274 140 démarche imprudente; il a été flétri d'un Oprobre

2343 758 1235 144 Cruel. S'il se fut défendû, s'il eut allégué qu'il –

2340 852 1245 125 avoit été provoqué au Combat, il est à présumer qu'il

2341 930 1268 139 en eut été quitte pour de simples dommages et interets,

2335 1011 941 111 ou pour une peine infiniment moindre.

2340 1089 1250 149 La Contumace a été executée. Est-il juste, aujourd'huy

2323 1169 1227 124 qu'une famille honnête soit sous le Coup d'un –

2310 1248 1253 132 Jugement qui la déshonnore suivant nos préjugés ?

2285 1323 1237 132 nous estimons qu'il y a lieu d'obtenir des lettre de –

2308 1405 1227 147 rehabilitation, qui mettront cette famille à l'abri

2308 1483 410 102 du Réproche.

2472 1572 182 92 Valliese

3090 1641 290 100 Montarchin
