2784 4128
175 30 1012 252 Juin. 1767 Lettres de grace

234 428 791 113 On a demandé la procedure¬

185 534 824 112 a M^rs de Rohan et de Bongars¬

190 630 376 181 Le 23 juin 1767

1305 490 818 133 Mémoire

1216 699 1359 161 Pour le Sieur Tach Arquebusier

1512 811 1104 154 au Cap, île et côte S^t. Domingue

1136 1116 1494 131 L'Exposant avoit pensé n'avoir qu'à verser des

966 1222 1657 110 Larmes sur la porte d'un homme, dont il a été la Cause

954 1316 1680 101 innocentes dans l'instant–meme où il luy donnoit une–

952 1401 1675 112 preuve de l'affection qu'il lui avoit toujours portée : mais

954 1479 1685 124 une sentence de mort que les Juges du Cap ont residué

959 1575 1666 112 contre lui, a ajouté à son affliction, la douleur d'avoir–

961 1660 1637 112 à solliciter des Lettres de Grace, dans un Cas le plus–

963 1758 1531 111 graciable en effet qui se présenta jamais. La–

970 1846 1595 112 rigueur de ce Jugement aura dequoi surprendre. Il

959 1930 1643 113 servira de preuve que la droiture de sentiments la mieux

968 2018 1535 107 établie, ne suffit pas toujours au Magistrat, pour

975 2100 1609 108 l'empêcher de commettre une injustice énorme et

977 2206 370 75 meurtriere.

1170 2279 1437 131 L'Exposant réside dans la ville du Cap–

984 2391 1634 108 Il y a toujours exercé avec une conduite irréprochable, –

982 2474 1643 119 la profession d'arquebusier. Il s'occupoit dans sa Boutique

973 2566 1664 117 le 13 du mois de Mai 1766. lorsqu'un S^r Vrigneau habitant

980 2655 1657 124 du Cap, le chargea de recoler un petit morceau de bois

982 2747 1632 126 à l'afut de son Pistolet. L'Exposant ne put point –

980 2829 1631 129 faire cette oppération dans le moment, il la remit à

989 2937 399 115 l'après midi.

1165 3006 1442 110 Dans cet intervalle, entra dans la Boutique de

986 3102 1607 122 l'Esposant, un nommé Tan, garçon du S^r Billouet M^e–

982 3187 1606 108 chaudronier dont la Maison étoit dans la même rue,

1007 3272 1593 129 et en face de celle de l'Exposant. Le nommé Tan qui

993 3364 1611 119 étoit lié avec lui, par les services qu'il en recevoit, étoit

1005 3451 1595 142 venu le prier ce jour-là de lui permettre d'accommoder

1806 24 224 306 Tach
