3232 3704
903 189 1620 117 autrement que Mormand fut chés le sieur Tache

918 269 1607 144 pour accomoder a son Etoc quelques outils

916 347 1603 142 dont Il avait besoin qu'un moment aprés luy

916 438 1579 162 déposant fut aussy chés ledit sieur Tache pour

930 518 1630 152 chercher une gouge dont Il avait besoin–

920 609 1622 168 qu'en entrant dans la boutique Il demanda au

914 701 1632 190 garçon du sieur Tache une gouge que pour lors

911 802 1619 175 setant tourné du coté du sieur Tache Il vit

918 895 1616 177 que ledit sieur Tache tenoit un pistolet a la

920 1008 1591 152 main mais quil ne fit nullement attention

918 1078 1640 187 comment ledit sieur Tache tenoit ledit pistolet

918 1187 1616 162 ni ce qu'il en fesait etant sorty dans lememe

916 1281 1587 167 moment pour retourner en samaison a son

914 1389 1628 164 ouvrage quetant prest de rentrer en sa maison

918 1479 1591 175 quy Est vis-a-vis celle dudit sieur Tache qu'il

911 1584 1623 169 Entendit un coup darme partir que setant

922 1685 1525 167 detourné Il entendit crier chés le sieur

920 1779 1620 169 Tache ou il courut tout de suite quy etant

918 1868 1618 189 rentré Il trouva le garçon de luy deposant

928 1975 1616 173 lequel luy dit, la mon bourgeois Je suis mort,

918 2090 1607 157 et le sieur Tache qui crioit en disant ah mon

922 2175 1599 181 Dieu je viens de faire un malheur que luy

920 2282 1570 174 déposant ayant relevé son garçon Il le

932 2391 1587 154 conduisit sur une paillasse au bout de la

916 2489 1632 171 Boutique avec quelqu'autres personnel quy

920 2596 1622 161 laiderent, que layant fait coucher sur ladite

934 2681 1606 191 paillasse Il luy demanda quy est ce quy luy

924 2802 1566 155 avait donné ce coup quil luy repondit que

926 2893 1583 166 cetoit le sieur Tache mais quil lavait

932 3006 1458 150 fait jnnocemment, ajoute quil ne se

940 3099 1602 142 ressouvient pas si le sieur Vrigneau Laissant

936 3189 1591 177 les pistolets sur letably du sieur Tache, la
