3232 3704
1099 290 1513 138 Militaire de S^t Louis et Brigadier des armées

1097 425 1496 132 du Roi, Gouverneur pour S. M. es L'Ile &

1093 557 1504 138 Colonie de Cayenne, et Provinse de la Guyane

1088 689 890 117 française en Amerique ※  –

1076 903 1538 146 Jean Baptiste Le Roi de Preville

1088 1053 1573 105 Conseiller du Roi en ses Conseils, commissaire

1099 1183 1484 121 des Colonies, et ordonnateur es dit Lieux

1191 1308 1435 132 Vu la requête à nous présentée par le sieur

1105 1434 1495 131 Sebastien Gourgue, en cette Colonie, aux

1121 1565 1497 114 fins d'obtenir la permission D'affranchir

1115 1699 1495 118 le nommé Augustin, mulatre âgé de dix

1113 1835 1365 105 Ans son Esclave. Notre apointement

1103 1969 1571 113 et permission au bas d'icelle requête ensemble

1126 2092 1539 142 L'Expédition de l'acte passé en conséquence

1111 2226 1561 126 par Mê Constant & son confrére Notaire

1111 2368 1017 111 Royaux en cette Colonie ※

1064 2621 1591 150 des pouvoirs à nous donnes par le Roy avons

1377 2516 1227 117 Tout vû & Consideré, nous en vertu

1119 2751 1569 168 déclaré, et déclarons libres au nom de Sa Majesté

1167 2885 1503 164 Le nommé Augustin mulâtre âgé de dix ans

1121 3024 1557 144 et avons Homologué l'acte d'affranchissement

1158 3156 1442 165 a luy passé par ledit S^r Gouegue au

1144 3310 1505 145 raport de M^r Constant, et son Confrére –
