3232 3680
908 235 1577 114 Boutique dans une autre chambre que pour–

930 314 1528 133 lors cet homme parloit bien distinctement,–

930 392 1551 157 qu'il a dit qu'il souffrait beaucoup et avait de

926 480 1596 157 grandes douleurs dans le ventre et qu'en effet Il

928 578 1633 137 avoit reçu le coup du coté droit un peu au dessous

930 656 1624 153 des côtes mais que cet homme a en meme temps

924 750 1473 143 dit et déclaré que cetoit par accident et

930 850 1579 149 jnnocemment que le coup du pistolet etoit

940 946 1600 153 party larmurier quy accomodoit pour lors

934 1044 1606 139 ledit pistolet nayant aucun dessein de le tuer

932 1151 1592 116 nayant meme aucune raison pour en avoir

928 1255 1614 108 conçu le dessein ajoute le deposant avoir oui

928 1341 1561 114 dire que Larmurier dont Il Ignore le nom

924 1431 1604 122 avait reçu lesdits pistolets en roque duneautre

922 1539 1628 108 paire quil avoit cedé qu'un armurier voisin

920 1619 1585 128 avait chargé ledits postelets avec la charge

924 1721 1553 121 de ceux par luy cedés mais quil len avait

930 1817 1590 127 averty qu'aureste Il ne scait ces derniers

943 1931 900 123 faits que par oui dire.

1098 2011 1444 119 luy Est tout ce quil a dit scavoir lecture

930 2105 1547 129 a luy faite de sa deposition adit qu'elle

932 2203 1518 129 contient verité quil y persiste et a signé

932 2289 1577 141 avec nous et le greffier commis signés a la

924 2381 1604 152 minutte J. Rolland, Esteve, et L.J. Rivery

920 2512 646 117 greffier commis.

1168 2602 1362 108 Du quatorze may mil sept cent soixante

914 2700 912 100 six sept heures du matin.

1188 2786 1330 110 Augustin Robert Auvray capitaine en–

926 2874 1594 123 second sur le navire le frere et la sœur du havre

924 2972 1604 108 de present mouillé en cette rade agé de quarante

926 3052 1565 137 sept ans lequel aprés serment par luy fait de

916 3144 1612 131 dire verité nous avoir declaré netre parent allié
