2816 3544
1051 318 1635 91 est un toisé qu'il avoit fait desdits ouvrages, d'ordre de m^rs

1025 405 1556 83 Bart et de Clugny le 1^er Septembre 1762, au nom de

1024 474 1673 89 l'entrepreneur denommé au devis, comme au toisé pour la forme

1029 541 1653 100 requise à la chambre des comptes, mais donc le reçû n'existe

1035 604 1660 120 pas, parce qu'à défait de payement par le Roy le S^r De Perrigny

1033 677 1668 122 a payé postérieurement tous les ouvriers particuliers et fournisseurs

1025 754 1627 112 de ses deniers, dont il a touttes les quittances en bonne forme, et

1025 822 1674 134 qui ont été rédigées par ordre dans le compte des dépenses seules

1029 897 1672 140 jugées nécéssaires, dont copie cy-jointe, aussi visé de l'ingénieur le

1027 982 1661 122 16. juin 1767; celles d'agrément ayant été supprimées en entier et

1025 1076 975 103 perdües pour le compte du supliant.

1183 1139 1369 101 Tout ce que le S^r De Perrigny peut vous observer,

1025 1210 1664 122 Monseigneur, c'est que lorsqu'il est entré au Gouvernement

1025 1281 1672 126 de Leogane, tout étoit dans le plus triste état, et que lorsqu'il

1024 1356 1677 142 en est sorti, M^e De Clugny qui en fit la visite lui-même, ainsy

1022 1449 1681 110 que venoient de la faire M. le Compte De Langeron com̃andant

1024 1508 1665 128 des troupes et M. De Kerdisien tremais commissaire général

1024 1596 1587 116 et ordonnateur au Cap, le trouverent suffisant pour y,

1022 1663 1666 134 loger presque tout un Régiment, officiers et soldats, conformément

1020 1736 1666 124 aux ordres de M^e le Vicomte de Belsunce annoncés dans la lettre

1029 1805 1627 142 de M. De Clugny en datte du 22. Juillet 1763, sans y

1014 1917 482 112 faire de dépense.

1157 1972 1529 105 Pourquoi le S^r De Perrigny a l'honneur de recourir à

1022 2043 1666 122 vous, Monseigneur, pour que, vû l'état de dépense cy-joint

1014 2120 1597 122 certiffié par M. Lagueau de Laris et l'exposé au présent

1016 2197 1652 128 mémoire, vous ayez la bonté de supléer par la plénitude

1016 2285 1636 109 de votre puissance et votre équité, à ce qui peut rester de

1020 2356 1673 114 défectueux dans la forme et lui allouer par une ordonance

1024 2439 1640 116 à prendre sur la caisse de saint Domingue la modique

1014 2508 1675 124 somme de Six mille quatorze livres à quoi il s'est réduit

1014 2596 1490 117 consentant perdre tout-à-fait le reste qui lui est bien

1014 2665 1674 128 légitimement dû depuis 1763; Sauf a ordonner ce qu'il vous

1010 2752 1666 118 plaira pour le compte particulier cy-joint au montant de

1002 2821 1668 118 Deux mille cinq cens soixante dix livres dix sols, dont le S^r De

1010 2906 1664 110 Perrigny ne peut produire de recû, mais qu'il certiffie être vrai, et

1006 2976 1668 115 croit être fondé à le demander; et ne cessera le supliant de faire

1016 3063 1144 114 des voeux pour votre santé et prospérité.

2211 3079 419 98 Perrigny
