3232 3624
863 235 1458 199 dud. Tach pour Reparation de quoy

843 386 1496 147 Condamnons led. Tach à être pendu

815 497 1585 183 Et Etranglé jusqua ce que mort sensuive

860 573 1538 251 à une potence qui à cet Effet sera

843 791 1529 159 dressée sur la place publique du

819 930 1555 147 marché de cette ville ce qui sera

890 1077 1468 153 Executé par Effigie en un tableau

847 1218 1494 163 qui sera attaché à lad potence

861 1356 1507 176 par l'executeur de la haute justice

857 1528 1440 124 declarons ses Biens aquis et

809 1640 1486 202 Confisqués au profit du Roy

879 1840 1501 145 ou à qui jl apartiendra sur jceux

879 2009 1301 117 préalablement pris la somme de

859 2156 1484 135 Mille livres en cas que confiscation

855 2313 1384 125 N'ait lieu au profit de sa

823 2468 1555 147 Majesté. deliberé en la chambre

833 2603 1538 178 Criminelle de ce siege par nous

882 2778 1486 135 Con^er du Roy juge susd. ou Etoient

851 2905 1418 133 de l'avis de M. Bernard S^t

785 3074 1530 177 Martin Cons^er du Roy lieutenant
