<?xml version="1.0" encoding="UTF-8"?>
<alto xmlns:xsi="http://www.w3.org/2001/XMLSchema-instance"
      xmlns="http://www.loc.gov/standards/alto/ns-v4#"
      xsi:schemaLocation="http://www.loc.gov/standards/alto/ns-v4# http://www.loc.gov/standards/alto/v4/alto-4-2.xsd">
  <Description>
    <MeasurementUnit>pixel</MeasurementUnit>
    <sourceImageInformation>
      <fileName>FRCAOM06_COLE_241620A_0144.jpg</fileName>
    </sourceImageInformation>
  </Description>
  <Tags>
    <OtherTag ID="QZ7" LABEL="CustomZone" DESCRIPTION="block type CustomZone"/><OtherTag ID="QZ8" LABEL="DamageZone" DESCRIPTION="block type DamageZone"/><OtherTag ID="QZ9" LABEL="DigitizationArtefactZone" DESCRIPTION="block type DigitizationArtefactZone"/><OtherTag ID="QZ10" LABEL="DropCapitalZone" DESCRIPTION="block type DropCapitalZone"/><OtherTag ID="QZ11" LABEL="GraphicZone" DESCRIPTION="block type GraphicZone"/><OtherTag ID="QZ12" LABEL="MainZone" DESCRIPTION="block type MainZone"/><OtherTag ID="QZ13" LABEL="MarginTextZone" DESCRIPTION="block type MarginTextZone"/><OtherTag ID="QZ14" LABEL="MusicZone" DESCRIPTION="block type MusicZone"/><OtherTag ID="QZ15" LABEL="NumberingZone" DESCRIPTION="block type NumberingZone"/><OtherTag ID="QZ17" LABEL="QuireMarksZone" DESCRIPTION="block type QuireMarksZone"/><OtherTag ID="QZ18" LABEL="RunningTitleZone" DESCRIPTION="block type RunningTitleZone"/><OtherTag ID="QZ19" LABEL="SealZone" DESCRIPTION="block type SealZone"/><OtherTag ID="QZ20" LABEL="StampZone" DESCRIPTION="block type StampZone"/><OtherTag ID="QZ21" LABEL="TableZone" DESCRIPTION="block type TableZone"/><OtherTag ID="QZ22" LABEL="TitlePageZone" DESCRIPTION="block type TitlePageZone"/>
    <OtherTag ID="LT7" LABEL="CustomLine" DESCRIPTION="line type CustomLine"/><OtherTag ID="LT8" LABEL="DefaultLine" DESCRIPTION="line type DefaultLine"/><OtherTag ID="LT9" LABEL="DropCapitalLine" DESCRIPTION="line type DropCapitalLine"/><OtherTag ID="LT10" LABEL="HeadingLine" DESCRIPTION="line type HeadingLine"/><OtherTag ID="LT11" LABEL="InterlinearLine" DESCRIPTION="line type InterlinearLine"/><OtherTag ID="LT12" LABEL="MusicLine" DESCRIPTION="line type MusicLine"/>
  </Tags>
  <Layout>
    <Page WIDTH="2976"
          HEIGHT="3856"
          PHYSICAL_IMG_NR="28"
          ID="eSc_dummypage_">
      <PrintSpace HPOS="0"
                  VPOS="0"
                  WIDTH="2976"
                  HEIGHT="3856">
        <TextBlock HPOS="910"
                   VPOS="214"
                   WIDTH="1841"
                   HEIGHT="3254"
                   ID="eSc_textblock_de1c8296"
                   TAGREFS="QZ12">
          <Shape><Polygon POINTS="910 214 910 3468 2751 3468 2751 214"/></Shape>
          <TextLine ID="eSc_line_add70c8f"
                    TAGREFS="LT8"
                    BASELINE="1206 364 1975 357 2680 368" 
                    HPOS="1204"
                    VPOS="261"
                    WIDTH="1476"
                    HEIGHT="163">
            <Shape><Polygon POINTS="1204 407 1321 422 1324 422 1326 422 1328 422 1347 407 1392 372 1501 372 1549 404 1574 422 1576 422 1579 422 1581 424 1741 424 1741 422 1744 422 1746 422 1778 402 1780 400 1906 392 1951 400 1962 402 1964 402 1966 402 1971 400 2020 374 2095 400 2155 419 2157 419 2159 419 2161 419 2204 398 2245 379 2324 394 2326 394 2459 374 2515 387 2517 387 2519 387 2521 387 2523 387 2541 374 2676 394 2680 368 2676 317 2594 317 2592 317 2564 302 2562 302 2560 302 2558 302 2536 310 2463 263 2461 263 2459 263 2457 263 2393 269 2391 269 2388 269 2333 317 2331 319 2157 319 2153 317 2073 263 2071 263 2069 263 2016 263 2013 263 2011 263 2009 263 1956 304 1921 284 1919 284 1917 284 1915 284 1804 317 1799 317 1797 317 1705 261 1703 261 1701 261 1465 261 1463 261 1461 261 1459 261 1407 299 1396 291 1394 291 1392 291 1390 291 1330 302 1304 291 1302 291 1300 291 1298 291 1296 291 1266 317 1206 317 1206 364"/></Shape>
            <String CONTENT="Aujourd&#x27;huy est Comparu devant"
                    HPOS="1204"
                    VPOS="261"
                    WIDTH="1476"
                    HEIGHT="163"
                    ></String>
          </TextLine>
          <TextLine ID="eSc_line_74686a2c"
                    TAGREFS="LT8"
                    BASELINE="951 511 2669 541" 
                    HPOS="949"
                    VPOS="434"
                    WIDTH="1720"
                    HEIGHT="144">
            <Shape><Polygon POINTS="951 511 949 537 1407 537 1416 541 1429 552 1431 552 1433 552 1435 552 1437 552 1476 541 1497 537 1641 537 1649 544 1658 550 1660 550 1662 550 1664 550 1731 544 1804 537 1814 544 1838 565 1840 565 1842 565 1844 565 2022 546 2054 544 2071 546 2178 571 2181 571 2183 571 2232 548 2238 546 2294 546 2361 546 2363 548 2421 576 2423 576 2425 578 2534 578 2534 576 2667 550 2669 541 2667 496 2485 494 2483 492 2412 458 2410 458 2408 458 2348 460 2346 460 2277 488 2234 458 2232 458 2230 458 2178 454 2176 454 2108 456 2106 456 2103 456 2058 484 1981 458 1979 458 1977 458 1975 458 1900 482 1829 449 1827 449 1782 447 1780 447 1778 447 1692 479 1688 479 1681 477 1632 464 1630 464 1628 464 1626 464 1594 477 1591 477 1589 477 1555 460 1553 460 1551 460 1549 460 1501 475 1499 475 1345 475 1343 473 1276 439 1274 439 1272 439 1174 449 1156 437 1154 437 1152 437 1060 434 1058 434 1056 434 1054 434 1006 467 951 467 951 511"/></Shape>
            <String CONTENT="Les notaires du Roy au Cap soussignés"
                    HPOS="949"
                    VPOS="434"
                    WIDTH="1720"
                    HEIGHT="144"
                    ></String>
          </TextLine>
          <TextLine ID="eSc_line_b3d708f3"
                    TAGREFS="LT8"
                    BASELINE="861 777 1990 822 2641 826" 
                    HPOS="859"
                    VPOS="715"
                    WIDTH="1782"
                    HEIGHT="154">
            <Shape><Polygon POINTS="861 777 859 794 989 820 992 820 1114 809 1154 837 1156 837 1159 837 1161 837 1231 829 1279 841 1281 841 1283 841 1343 833 1439 846 1441 846 1444 846 1478 833 1504 846 1506 846 1508 846 1510 846 1600 822 1776 846 1778 846 1911 831 1966 854 1969 854 1971 854 1973 854 1975 854 1988 846 2097 867 2223 869 2226 869 2228 869 2279 846 2309 854 2311 854 2313 854 2316 854 2318 854 2333 844 2406 856 2408 856 2496 848 2556 869 2558 869 2560 869 2639 850 2641 826 2639 760 2562 769 2459 754 2431 751 2429 751 2427 751 2425 751 2423 754 2365 788 2326 769 2324 769 2322 769 2320 769 2268 788 2219 749 2215 745 2213 745 2211 745 2063 741 2061 741 2058 741 2050 745 1990 775 1962 756 1960 756 1958 756 1956 756 1954 756 1951 756 1941 764 1891 749 1889 749 1887 749 1799 762 1656 749 1654 749 1482 764 1386 762 1347 739 1345 739 1343 739 1341 739 1339 739 1287 754 1259 743 1257 743 1255 743 1253 743 1216 756 1047 751 998 717 996 717 994 717 992 717 989 717 987 717 942 739 904 715 902 715 899 715 861 715 861 777"/></Shape>
            <String CONTENT="demeurant en cette ville Lequel a dit"
                    HPOS="859"
                    VPOS="715"
                    WIDTH="1782"
                    HEIGHT="154"
                    ></String>
          </TextLine>
          <TextLine ID="eSc_line_5510c1e9"
                    TAGREFS="LT8"
                    BASELINE="989 659 2684 689" 
                    HPOS="989"
                    VPOS="574"
                    WIDTH="1695"
                    HEIGHT="152">
            <Shape><Polygon POINTS="989 659 992 702 1058 683 1227 676 1283 683 1311 704 1313 706 1315 706 1317 706 1319 706 1321 706 1328 704 1371 683 1396 694 1399 694 1401 694 1467 687 1484 700 1484 702 1486 702 1489 702 1491 702 1493 702 1495 702 1523 683 1574 698 1576 698 1579 698 1643 685 1744 700 1746 700 1748 700 1797 687 1831 704 1834 704 1836 704 1838 704 1840 704 1842 704 1857 694 1872 704 1891 719 1894 719 1896 719 1958 721 1960 724 2071 724 2071 721 2073 721 2125 704 2142 700 2208 700 2215 704 2245 726 2247 726 2249 726 2251 726 2408 704 2418 704 2573 704 2579 704 2618 717 2620 717 2622 717 2682 704 2684 689 2684 649 2511 644 2508 642 2455 610 2453 610 2451 610 2448 610 2446 610 2444 610 2406 636 2376 640 2346 642 2238 642 2230 636 2223 629 2221 629 2219 629 2217 629 2185 634 2157 638 2151 634 2114 606 2112 606 2110 606 2108 606 2106 606 2082 616 2052 604 2050 604 2048 604 2046 604 2020 616 1960 589 1958 589 1889 589 1887 589 1885 589 1816 623 1801 631 1681 631 1664 621 1621 591 1619 591 1617 591 1615 591 1587 595 1566 582 1564 582 1561 582 1559 582 1557 582 1510 593 1345 578 1343 578 1341 578 1281 610 1257 623 1236 608 1189 576 1186 576 1184 576 1045 574 1043 574 1041 574 989 597 989 659"/></Shape>
            <String CONTENT="Sieur Mathurin Raffina apoticaire"
                    HPOS="989"
                    VPOS="574"
                    WIDTH="1695"
                    HEIGHT="152"
                    ></String>
          </TextLine>
          <TextLine ID="eSc_line_1346e17d"
                    TAGREFS="LT8"
                    BASELINE="977 916 2661 959" 
                    HPOS="974"
                    VPOS="861"
                    WIDTH="1687"
                    HEIGHT="137">
            <Shape><Polygon POINTS="977 916 974 929 1178 940 1257 978 1259 978 1313 981 1454 983 1456 983 1459 983 1461 983 1497 959 1531 985 1534 985 1536 985 1609 987 1611 987 1613 987 1615 987 1664 957 1737 953 1771 951 1782 953 1816 966 1819 966 1821 966 1868 957 1874 955 1876 957 1902 970 1904 970 1906 970 1960 959 1962 959 1964 959 2048 972 2050 972 2103 964 2136 957 2148 964 2204 998 2206 998 2208 998 2211 998 2213 998 2268 976 2440 989 2442 989 2526 974 2545 972 2558 976 2611 996 2613 996 2616 996 2618 996 2658 978 2661 959 2658 919 2568 921 2560 914 2538 897 2536 897 2534 897 2496 895 2406 893 2403 893 2401 893 2356 910 2335 916 2305 908 2238 889 2236 889 2168 889 2166 889 2163 889 2114 904 2086 910 2037 901 1981 891 1979 891 1977 891 1975 891 1962 899 1951 906 1876 897 1840 893 1838 893 1810 895 1741 901 1726 893 1718 886 1716 886 1714 886 1711 886 1709 886 1694 893 1675 899 1407 895 1392 884 1369 867 1366 867 1364 867 1317 865 1315 865 1313 865 1253 880 1236 884 1216 880 1197 874 1195 874 1193 874 1191 874 1189 874 1182 878 1171 886 1154 878 1122 861 1120 861 1118 861 1116 861 1075 876 1073 876 1051 861 1049 861 1047 861 1045 861 977 871 977 916"/></Shape>
            <String CONTENT="et declaré que ce jour environ d&#x27;eux heures"
                    HPOS="974"
                    VPOS="861"
                    WIDTH="1687"
                    HEIGHT="137"
                    ></String>
          </TextLine>
          <TextLine ID="eSc_line_0d293329"
                    TAGREFS="LT8"
                    BASELINE="927 1045 2412 1083 2682 1079" 
                    HPOS="925"
                    VPOS="964"
                    WIDTH="1757"
                    HEIGHT="154">
            <Shape><Polygon POINTS="927 1045 925 1066 951 1077 953 1077 955 1077 957 1077 989 1066 1004 1062 1019 1066 1045 1075 1047 1075 1049 1075 1124 1068 1159 1066 1165 1071 1182 1081 1184 1081 1186 1081 1189 1081 1234 1073 1285 1090 1287 1090 1289 1090 1291 1090 1336 1077 1386 1094 1388 1094 1390 1094 1392 1094 1431 1086 1636 1101 1639 1101 1724 1083 1804 1083 1936 1083 1939 1086 1986 1109 1988 1109 1990 1109 1992 1109 2046 1088 2050 1088 2063 1088 2183 1105 2185 1105 2187 1105 2219 1092 2221 1092 2320 1092 2322 1094 2356 1118 2358 1118 2361 1118 2363 1118 2680 1101 2682 1079 2680 1011 2633 1008 2631 1008 2628 1008 2545 1045 2412 1043 2348 1000 2343 998 2341 998 2339 998 2337 998 2324 1000 2221 1023 2144 1002 2142 1002 2140 1002 2138 1002 2078 1017 1986 1017 1932 998 1930 998 1928 998 1926 998 1868 1026 1729 1026 1707 1008 1705 1008 1703 1008 1701 1008 1699 1008 1662 1023 1489 1021 1441 1002 1439 1002 1437 1002 1435 1002 1384 1017 1313 1015 1212 970 1210 970 1208 970 927 964 927 1045"/></Shape>
            <String CONTENT="de Rellevée ayant entendu un Coup de"
                    HPOS="925"
                    VPOS="964"
                    WIDTH="1757"
                    HEIGHT="154"
                    ></String>
          </TextLine>
          <TextLine ID="eSc_line_ba6d0f5e"
                    TAGREFS="LT8"
                    BASELINE="959 1178 2408 1212 2680 1208" 
                    HPOS="957"
                    VPOS="1109"
                    WIDTH="1723"
                    HEIGHT="137">
            <Shape><Polygon POINTS="959 1178 957 1193 1238 1223 1240 1223 1304 1210 1360 1223 1362 1223 1364 1223 1478 1210 1504 1227 1506 1227 1508 1227 1510 1227 1591 1216 1621 1231 1624 1231 1626 1231 1628 1231 1692 1212 1791 1212 1814 1212 1816 1212 1885 1236 1887 1236 2009 1240 2011 1242 2071 1242 2071 1240 2073 1240 2112 1221 2204 1236 2206 1236 2208 1236 2264 1223 2378 1227 2401 1246 2403 1246 2406 1246 2408 1246 2466 1244 2468 1244 2470 1244 2491 1229 2613 1242 2616 1242 2678 1229 2680 1208 2671 1146 2605 1165 2577 1143 2575 1143 2573 1143 2571 1143 2568 1143 2566 1143 2526 1169 2491 1169 2418 1167 2373 1143 2365 1139 2363 1139 2361 1139 2358 1139 2348 1143 2298 1163 2258 1143 2247 1137 2245 1137 2243 1137 2241 1137 2230 1141 2200 1158 2144 1158 2088 1143 2086 1143 2084 1143 2082 1143 2056 1156 2028 1141 2016 1135 2013 1135 2011 1135 2009 1135 1992 1141 1964 1152 1941 1141 1915 1128 1913 1128 1823 1128 1821 1128 1819 1128 1791 1139 1782 1143 1776 1139 1756 1126 1754 1126 1752 1126 1750 1126 1748 1126 1718 1139 1696 1150 1628 1150 1609 1139 1572 1122 1570 1122 1568 1122 1566 1122 1525 1139 1512 1143 1501 1137 1467 1120 1465 1120 1463 1120 1461 1120 1426 1137 1422 1139 1416 1137 1339 1116 1336 1116 1334 1116 1332 1116 1253 1137 1240 1139 1219 1137 1049 1109 1009 1109 1006 1109 1004 1109 959 1131 959 1178"/></Shape>
            <String CONTENT="Pistolet jl se seroit Transporté vers le"
                    HPOS="957"
                    VPOS="1109"
                    WIDTH="1723"
                    HEIGHT="137"
                    ></String>
          </TextLine>
          <TextLine ID="eSc_line_9a3a4bc5"
                    TAGREFS="LT8"
                    BASELINE="942 1321 2678 1353" 
                    HPOS="942"
                    VPOS="1263"
                    WIDTH="1736"
                    HEIGHT="135">
            <Shape><Polygon POINTS="942 1321 942 1345 1139 1345 1146 1349 1176 1373 1178 1373 1180 1373 1182 1375 1264 1375 1264 1373 1266 1373 1334 1353 1349 1349 1366 1353 1454 1377 1456 1377 1459 1377 1461 1377 1512 1356 1514 1356 1606 1353 1617 1358 1626 1366 1628 1366 1630 1366 1752 1371 1754 1371 1816 1364 1868 1358 1945 1366 2026 1375 2028 1375 2031 1375 2050 1368 2067 1362 2080 1368 2101 1383 2103 1383 2106 1383 2108 1383 2110 1383 2161 1371 2163 1371 2166 1371 2215 1392 2217 1392 2219 1394 2309 1394 2309 1392 2311 1392 2313 1392 2341 1375 2348 1373 2395 1373 2403 1377 2442 1396 2444 1396 2446 1398 2553 1398 2553 1396 2556 1396 2583 1381 2598 1373 2673 1381 2678 1353 2673 1293 2648 1306 2575 1293 2573 1293 2571 1293 2568 1293 2530 1313 2446 1315 2241 1313 2217 1296 2215 1296 2213 1296 2211 1296 2208 1296 2187 1302 2168 1289 2161 1285 2159 1285 2157 1285 2086 1283 1913 1281 1911 1281 1870 1287 1801 1302 1752 1289 1750 1289 1748 1289 1651 1298 1636 1287 1621 1274 1619 1274 1617 1274 1615 1274 1613 1274 1589 1287 1570 1298 1527 1298 1493 1287 1491 1287 1489 1287 1364 1293 1347 1285 1330 1276 1328 1276 1326 1276 1324 1276 1306 1285 1291 1291 1156 1291 1131 1283 1060 1263 1058 1263 1056 1263 942 1281 942 1321"/></Shape>
            <String CONTENT="lieu ou jl croyoit avoir êté tiré, qu&#x27;en effet"
                    HPOS="942"
                    VPOS="1263"
                    WIDTH="1736"
                    HEIGHT="135"
                    ></String>
          </TextLine>
          <TextLine ID="eSc_line_753d0334"
                    TAGREFS="LT8"
                    BASELINE="972 1469 2082 1488 2598 1508" 
                    HPOS="972"
                    VPOS="1409"
                    WIDTH="1626"
                    HEIGHT="131">
            <Shape><Polygon POINTS="972 1469 972 1510 1126 1499 1276 1516 1285 1516 1287 1516 1289 1516 1291 1516 1317 1499 1332 1512 1334 1512 1336 1512 1339 1512 1341 1512 1369 1499 1441 1512 1444 1512 1521 1499 1600 1512 1602 1512 1604 1512 1645 1499 1746 1518 1748 1518 1750 1518 1780 1503 1943 1518 1945 1518 2084 1505 2196 1529 2198 1529 2290 1510 2408 1525 2410 1525 2481 1516 2534 1538 2536 1538 2538 1538 2541 1538 2568 1525 2590 1540 2598 1508 2596 1443 2369 1426 2367 1426 2365 1426 2363 1426 2341 1441 2309 1460 2230 1460 2206 1441 2187 1424 2185 1424 2183 1424 2155 1422 2153 1422 2151 1422 2118 1439 2095 1454 2076 1439 2050 1420 2048 1420 2046 1420 1932 1418 1930 1418 1928 1418 1887 1439 1874 1446 1711 1448 1692 1437 1677 1431 1675 1431 1673 1431 1671 1431 1649 1437 1636 1441 1628 1437 1576 1409 1574 1409 1572 1409 1478 1411 1476 1411 1407 1437 1390 1441 1244 1439 1236 1435 1176 1418 1174 1418 1171 1418 1120 1428 1099 1420 1096 1420 1094 1420 1092 1420 1090 1420 1073 1435 1071 1435 972 1435 972 1469"/></Shape>
            <String CONTENT="ayant aproché de la maison du sieur Tach."
                    HPOS="972"
                    VPOS="1409"
                    WIDTH="1626"
                    HEIGHT="131"
                    ></String>
          </TextLine>
          <TextLine ID="eSc_line_08023f6b"
                    TAGREFS="LT8"
                    BASELINE="957 1623 2564 1662" 
                    HPOS="955"
                    VPOS="1572"
                    WIDTH="1609"
                    HEIGHT="126">
            <Shape><Polygon POINTS="957 1623 955 1632 1152 1662 1154 1662 1156 1662 1204 1649 1261 1664 1264 1664 1266 1664 1268 1664 1270 1664 1306 1643 1349 1662 1351 1662 1354 1662 1356 1662 1401 1645 1439 1662 1441 1662 1444 1662 1559 1658 1613 1677 1615 1677 1617 1677 1619 1677 1664 1658 1694 1685 1696 1685 1699 1685 1701 1685 1703 1685 1767 1660 1883 1670 1885 1670 1887 1670 1919 1658 1947 1679 1949 1679 1951 1679 1954 1679 2024 1677 2048 1694 2050 1694 2052 1694 2116 1696 2204 1698 2206 1698 2208 1698 2211 1698 2245 1677 2515 1692 2517 1692 2519 1692 2562 1673 2564 1662 2562 1604 2418 1613 2348 1602 2311 1595 2309 1595 2307 1595 2305 1595 2298 1600 2271 1619 2245 1600 2236 1593 2234 1593 2232 1593 2091 1589 2088 1589 2046 1598 1984 1613 1930 1600 1928 1600 1926 1600 1851 1610 1793 1595 1756 1587 1754 1587 1752 1587 1750 1587 1735 1595 1718 1604 1660 1595 1647 1593 1645 1593 1643 1593 1639 1595 1619 1604 1493 1604 1448 1602 1435 1593 1407 1572 1405 1572 1403 1572 1401 1572 1399 1572 1347 1591 1330 1598 1148 1595 1139 1589 1120 1580 1118 1580 1116 1580 1064 1589 1062 1589 1060 1589 1017 1574 1015 1574 1013 1574 1011 1574 957 1587 957 1623"/></Shape>
            <String CONTENT="armurier demeurant en cette ville rüe"
                    HPOS="955"
                    VPOS="1572"
                    WIDTH="1609"
                    HEIGHT="126"
                    ></String>
          </TextLine>
          <TextLine ID="eSc_line_414b08a4"
                    TAGREFS="LT8"
                    BASELINE="951 1773 2682 1825" 
                    HPOS="949"
                    VPOS="1705"
                    WIDTH="1733"
                    HEIGHT="163">
            <Shape><Polygon POINTS="951 1773 949 1825 1045 1829 1047 1829 1049 1829 1051 1829 1069 1818 1124 1831 1133 1831 1135 1831 1144 1831 1210 1820 1236 1833 1238 1833 1240 1833 1356 1838 1358 1838 1360 1838 1364 1835 1444 1805 1669 1810 1741 1846 1752 1850 1754 1850 1996 1855 1998 1855 2001 1855 2011 1853 2103 1825 2193 1840 2196 1840 2198 1840 2223 1831 2253 1846 2256 1846 2258 1846 2260 1846 2303 1831 2403 1846 2406 1846 2517 1838 2678 1868 2682 1825 2682 1775 2650 1765 2648 1765 2646 1765 2583 1775 2536 1782 2318 1778 2296 1769 2243 1748 2241 1748 2238 1748 2236 1748 2206 1760 2176 1739 2174 1739 2172 1739 2170 1739 2168 1739 2118 1765 2108 1769 2035 1769 2026 1763 1992 1735 1990 1735 1988 1735 1956 1733 1954 1733 1703 1754 1669 1756 1634 1756 1630 1752 1594 1722 1591 1722 1589 1722 1531 1722 1529 1722 1527 1722 1525 1722 1484 1748 1444 1718 1441 1718 1439 1718 1302 1713 1300 1713 1298 1713 1240 1743 1169 1743 1167 1741 1146 1728 1144 1728 1141 1728 1139 1728 1137 1728 1126 1735 1094 1707 1092 1707 1090 1707 1019 1705 1017 1705 1015 1705 951 1733 951 1773"/></Shape>
            <String CONTENT="Espagnole Il l&#x27;en auroit vu sortir en criant,"
                    HPOS="949"
                    VPOS="1705"
                    WIDTH="1733"
                    HEIGHT="163"
                    ></String>
          </TextLine>
          <TextLine ID="eSc_line_c0e25cda"
                    TAGREFS="LT8"
                    BASELINE="953 1947 1634 1975 2577 1990" 
                    HPOS="951"
                    VPOS="1880"
                    WIDTH="1626"
                    HEIGHT="137">
            <Shape><Polygon POINTS="953 1947 951 1990 1021 1992 1024 1992 1026 1992 1028 1992 1088 1970 1184 1972 1212 1994 1212 1996 1214 1996 1216 1996 1219 1996 1231 1994 1317 1981 1343 1996 1347 2000 1349 2000 1351 2000 1467 2002 1469 2002 1471 2002 1482 1998 1523 1981 1542 1994 1544 1994 1546 1994 1549 1994 1602 1983 1724 2002 1789 2011 1791 2011 1855 2005 1924 1996 1949 2005 1960 2009 1962 2009 1964 2009 1966 2009 1975 2005 1992 1998 2121 2000 2133 2009 2153 2017 2155 2017 2157 2017 2236 2009 2305 2002 2337 2011 2354 2015 2356 2015 2358 2015 2361 2015 2369 2011 2382 2005 2395 2011 2406 2017 2408 2017 2410 2017 2412 2017 2414 2017 2421 2011 2431 2007 2573 2013 2577 1990 2575 1945 2543 1945 2538 1942 2504 1915 2502 1915 2500 1915 2448 1910 2446 1910 2444 1910 2442 1910 2397 1940 2378 1953 2318 1953 2301 1938 2262 1906 2260 1906 2258 1906 2138 1902 2136 1902 2133 1902 2076 1934 2056 1945 2035 1934 2020 1925 2018 1925 2016 1925 2013 1925 2011 1925 2003 1932 1992 1940 1979 1932 1969 1923 1966 1923 1964 1923 1962 1923 1906 1930 1859 1895 1857 1895 1855 1895 1853 1895 1718 1928 1684 1934 1538 1934 1525 1923 1508 1908 1506 1908 1504 1908 1501 1908 1499 1908 1463 1921 1441 1930 1356 1930 1339 1919 1266 1880 1264 1880 1176 1880 1174 1880 1171 1880 1169 1880 1118 1915 1107 1921 1017 1917 1015 1913 1002 1902 1002 1900 1000 1900 998 1900 996 1900 994 1900 953 1910 953 1947"/></Shape>
            <String CONTENT="que Comme jl a entendu demander un"
                    HPOS="951"
                    VPOS="1880"
                    WIDTH="1626"
                    HEIGHT="137"
                    ></String>
          </TextLine>
          <TextLine ID="eSc_line_7a40d3b2"
                    TAGREFS="LT8"
                    BASELINE="949 2112 2654 2161" 
                    HPOS="947"
                    VPOS="2032"
                    WIDTH="1707"
                    HEIGHT="170">
            <Shape><Polygon POINTS="949 2112 947 2122 1171 2163 1174 2163 1255 2155 1369 2167 1371 2167 1373 2167 1465 2140 1467 2140 1469 2140 1671 2174 1673 2174 1675 2174 1714 2155 1752 2167 1754 2167 1756 2167 1846 2163 1868 2176 1870 2176 1872 2176 1874 2176 1876 2176 1879 2176 1891 2165 1924 2174 1926 2174 1928 2174 1930 2174 1932 2174 1958 2155 2007 2165 2009 2165 2011 2165 2048 2157 2088 2176 2091 2176 2093 2176 2200 2161 2204 2161 2208 2161 2260 2176 2262 2176 2264 2176 2328 2172 2371 2197 2373 2197 2376 2197 2431 2200 2433 2202 2476 2202 2476 2200 2478 2200 2481 2200 2508 2180 2607 2187 2609 2187 2611 2187 2652 2174 2654 2161 2654 2114 2631 2114 2628 2112 2581 2077 2579 2077 2577 2077 2575 2077 2502 2080 2500 2080 2444 2101 2412 2077 2410 2077 2408 2077 2309 2071 2307 2071 2305 2071 2221 2097 2208 2101 2163 2099 2161 2095 2125 2065 2123 2065 2121 2065 2118 2065 2116 2065 2067 2092 2058 2097 2020 2097 1981 2092 1977 2088 1943 2060 1941 2060 1939 2060 1902 2060 1900 2060 1898 2060 1896 2060 1857 2084 1849 2090 1797 2090 1754 2082 1690 2069 1688 2069 1649 2077 1619 2084 1604 2075 1572 2056 1570 2056 1568 2056 1566 2056 1564 2056 1519 2071 1465 2054 1463 2054 1461 2054 1459 2054 1426 2069 1407 2077 1176 2073 1150 2060 1101 2035 1099 2035 979 2032 977 2032 974 2032 972 2032 949 2045 949 2112"/></Shape>
            <String CONTENT="Chirurgien jl seroit entré chez Ledit Sieur"
                    HPOS="947"
                    VPOS="2032"
                    WIDTH="1707"
                    HEIGHT="170"
                    ></String>
          </TextLine>
          <TextLine ID="eSc_line_fbaea85d"
                    TAGREFS="LT8"
                    BASELINE="953 2298 2680 2330" 
                    HPOS="951"
                    VPOS="2208"
                    WIDTH="1729"
                    HEIGHT="159">
            <Shape><Polygon POINTS="953 2298 951 2324 1051 2324 1092 2328 1184 2343 1186 2343 1189 2343 1236 2330 1249 2328 1259 2332 1294 2345 1296 2345 1298 2345 1544 2337 1600 2335 1609 2337 1649 2352 1651 2352 1654 2352 1859 2341 1868 2341 1874 2341 1990 2358 1992 2358 2091 2343 2099 2343 2101 2343 2123 2360 2125 2360 2127 2360 2129 2360 2286 2347 2288 2347 2290 2347 2307 2360 2309 2360 2311 2360 2313 2360 2429 2350 2431 2350 2433 2350 2493 2360 2496 2360 2558 2354 2583 2367 2586 2367 2588 2367 2678 2352 2680 2330 2680 2264 2650 2253 2648 2253 2646 2253 2541 2260 2498 2245 2496 2245 2493 2245 2491 2245 2461 2257 2408 2283 2262 2283 2183 2249 2136 2230 2133 2230 2080 2227 2078 2227 2076 2227 2073 2227 2052 2245 2024 2266 1990 2257 1988 2257 1986 2257 1984 2257 1981 2257 1954 2275 1842 2253 1840 2253 1838 2253 1836 2253 1810 2272 1761 2255 1759 2255 1756 2255 1754 2255 1752 2255 1733 2270 1705 2257 1703 2257 1701 2257 1699 2257 1654 2270 1630 2253 1628 2253 1626 2253 1624 2253 1621 2253 1587 2262 1564 2247 1561 2247 1559 2247 1557 2247 1555 2247 1521 2266 1465 2266 1420 2245 1418 2245 1416 2245 1315 2264 1276 2260 1216 2217 1212 2212 1210 2212 1208 2212 953 2208 953 2298"/></Shape>
            <String CONTENT="Tach ou jl a trouvé un homme étendu"
                    HPOS="951"
                    VPOS="2208"
                    WIDTH="1729"
                    HEIGHT="159"
                    ></String>
          </TextLine>
          <TextLine ID="eSc_line_09fc70bb"
                    TAGREFS="LT8"
                    BASELINE="942 2467 2275 2499 2688 2499" 
                    HPOS="940"
                    VPOS="2380"
                    WIDTH="1748"
                    HEIGHT="154">
            <Shape><Polygon POINTS="940 2512 1041 2514 1043 2514 1045 2514 1047 2514 1111 2484 1186 2484 1210 2499 1212 2499 1214 2499 1216 2499 1328 2489 1409 2517 1414 2517 1416 2517 1418 2517 1420 2517 1424 2517 1480 2497 1512 2517 1525 2525 1527 2525 1529 2525 1673 2527 1675 2527 1677 2527 1679 2527 1694 2517 1703 2512 1714 2517 1729 2523 1731 2523 1733 2523 1735 2523 1750 2517 1795 2499 1836 2499 1872 2519 1894 2529 1896 2529 1898 2529 1900 2529 1928 2519 1969 2502 2018 2519 2026 2521 2028 2521 2031 2521 2033 2521 2039 2519 2065 2508 2129 2519 2144 2521 2146 2521 2163 2519 2245 2508 2316 2521 2395 2534 2397 2534 2399 2534 2444 2521 2472 2512 2493 2521 2504 2525 2506 2525 2508 2525 2536 2521 2553 2519 2558 2521 2577 2534 2579 2534 2581 2534 2583 2534 2686 2521 2688 2499 2688 2439 2656 2429 2654 2429 2652 2429 2650 2429 2648 2429 2635 2439 2594 2465 2391 2450 2388 2450 2213 2457 2151 2422 2131 2410 2129 2410 2127 2410 2005 2401 2003 2401 1896 2412 1894 2414 1891 2414 1814 2448 1576 2444 1538 2420 1536 2420 1534 2420 1531 2420 1529 2420 1527 2420 1495 2439 1426 2439 1377 2433 1321 2392 1315 2386 1313 2386 1311 2386 944 2380 942 2467 940 2512"/></Shape>
            <String CONTENT="Sur le carreau quon lui a dit avoir reçu"
                    HPOS="940"
                    VPOS="2380"
                    WIDTH="1748"
                    HEIGHT="154"
                    ></String>
          </TextLine>
          <TextLine ID="eSc_line_b079b17e"
                    TAGREFS="LT8"
                    BASELINE="927 2637 1435 2643 2151 2667 2650 2667" 
                    HPOS="925"
                    VPOS="2564"
                    WIDTH="1725"
                    HEIGHT="148">
            <Shape><Polygon POINTS="927 2637 925 2654 1009 2671 1011 2671 1013 2671 1062 2656 1075 2654 1201 2658 1246 2694 1249 2694 1251 2694 1253 2697 1296 2697 1296 2694 1298 2694 1300 2694 1345 2662 1347 2658 1351 2662 1360 2669 1362 2669 1364 2669 1366 2669 1495 2664 1549 2662 1557 2664 1589 2677 1591 2677 1594 2679 1720 2679 1780 2705 1782 2705 2106 2712 2108 2712 2110 2712 2163 2686 2187 2692 2189 2692 2191 2692 2193 2692 2230 2679 2264 2692 2266 2692 2268 2692 2408 2690 2440 2712 2442 2712 2444 2712 2446 2712 2448 2712 2493 2690 2571 2703 2573 2703 2575 2703 2648 2682 2650 2667 2650 2596 2566 2594 2564 2594 2562 2594 2558 2596 2496 2630 2425 2630 2395 2617 2393 2617 2391 2617 2350 2624 2309 2596 2305 2592 2303 2592 2301 2592 2264 2587 2262 2587 2217 2596 2097 2622 1898 2619 1881 2604 1879 2604 1876 2604 1874 2604 1872 2604 1842 2615 1756 2598 1643 2574 1553 2574 1551 2574 1549 2574 1546 2574 1516 2598 1499 2609 1452 2609 1441 2598 1429 2587 1426 2587 1424 2587 1422 2587 1373 2598 1341 2607 1328 2598 1276 2568 1274 2568 1272 2568 1161 2566 1159 2566 1156 2566 1092 2598 1004 2564 1002 2564 1000 2564 998 2564 927 2596 927 2637"/></Shape>
            <String CONTENT="un Coup de Pistolet, qu&#x27;ayant demandé"
                    HPOS="925"
                    VPOS="2564"
                    WIDTH="1725"
                    HEIGHT="148"
                    ></String>
          </TextLine>
          <TextLine ID="eSc_line_448682e1"
                    TAGREFS="LT8"
                    BASELINE="934 2799 1945 2834 2628 2838" 
                    HPOS="932"
                    VPOS="2742"
                    WIDTH="1696"
                    HEIGHT="141">
            <Shape><Polygon POINTS="934 2799 932 2823 1024 2825 1062 2842 1064 2842 1066 2842 1069 2842 1124 2827 1144 2823 1159 2829 1199 2847 1201 2847 1204 2847 1206 2847 1208 2847 1229 2832 1242 2842 1244 2842 1246 2842 1249 2842 1373 2838 1446 2857 1448 2857 1609 2862 1611 2862 1613 2862 1654 2842 1686 2859 1688 2859 1690 2859 1692 2859 1754 2840 1767 2838 1784 2842 1853 2855 1855 2855 1915 2849 1960 2866 1962 2866 1964 2866 1966 2866 1990 2855 2123 2862 2125 2862 2127 2862 2129 2862 2144 2849 2146 2849 2313 2851 2313 2853 2335 2866 2337 2866 2339 2866 2341 2866 2425 2855 2466 2883 2468 2883 2470 2883 2472 2883 2626 2857 2628 2838 2628 2776 2491 2774 2489 2774 2487 2774 2485 2774 2425 2793 2386 2774 2378 2769 2376 2769 2373 2769 2371 2769 2369 2769 2365 2774 2354 2782 2343 2774 2339 2769 2337 2769 2335 2769 2238 2767 2236 2767 2234 2767 2232 2767 2226 2772 2191 2793 2142 2793 2112 2772 2110 2772 2108 2772 2106 2772 2103 2772 2061 2795 2005 2795 1971 2772 1956 2759 1954 2759 1951 2759 1857 2757 1855 2757 1853 2757 1851 2757 1834 2769 1808 2791 1782 2791 1613 2787 1570 2769 1568 2769 1566 2769 1564 2769 1561 2769 1544 2782 1474 2782 1448 2767 1429 2757 1426 2757 1424 2757 1377 2767 1356 2772 1347 2767 1313 2744 1311 2744 1309 2744 1270 2742 1268 2742 1266 2742 1212 2765 1197 2774 1184 2765 1154 2748 1152 2748 1150 2748 1148 2748 1146 2748 1144 2748 1122 2765 1103 2752 1101 2752 1099 2752 1096 2752 1094 2752 1051 2765 1034 2769 1013 2765 974 2757 972 2757 934 2763 934 2799"/></Shape>
            <String CONTENT="a cet homme qui L&#x27;avoit Blessé jl"
                    HPOS="932"
                    VPOS="2742"
                    WIDTH="1696"
                    HEIGHT="141"
                    ></String>
          </TextLine>
          <TextLine ID="eSc_line_687f673f"
                    TAGREFS="LT8"
                    BASELINE="932 2992 2603 3041" 
                    HPOS="929"
                    VPOS="2917"
                    WIDTH="1674"
                    HEIGHT="169">
            <Shape><Polygon POINTS="932 2992 929 3007 953 3024 955 3024 957 3024 959 3024 1041 3011 1116 3029 1118 3029 1120 3029 1165 3016 1216 3048 1219 3048 1221 3048 1319 3050 1321 3050 1324 3050 1371 3033 1461 3054 1624 3059 1626 3059 1628 3059 1694 3039 1754 3048 1756 3048 1759 3048 1784 3037 1810 3050 1812 3050 1814 3050 1816 3050 1874 3035 1964 3052 1966 3052 2091 3041 2163 3063 2166 3063 2168 3063 2170 3063 2198 3048 2307 3048 2331 3065 2333 3065 2335 3065 2337 3065 2380 3056 2436 3082 2438 3082 2530 3086 2532 3086 2534 3086 2601 3054 2603 3041 2601 2999 2534 2999 2528 2994 2461 2960 2459 2960 2324 2958 2322 2958 2320 2958 2258 2986 2251 2990 2247 2986 2215 2960 2213 2960 2211 2960 2208 2960 2206 2960 2185 2966 2170 2954 2170 2951 2168 2951 2166 2951 2163 2951 2161 2951 2103 2981 2097 2986 2088 2981 2026 2947 2024 2947 2022 2947 2020 2947 1962 2973 1909 2973 1859 2949 1857 2949 1855 2949 1853 2949 1810 2973 1804 2977 1735 2977 1536 2971 1527 2964 1486 2932 1484 2932 1482 2932 1441 2930 1439 2930 1437 2930 1343 2958 1332 2960 1120 2958 1101 2949 1002 2917 1000 2917 998 2917 996 2917 932 2941 932 2992"/></Shape>
            <String CONTENT="lui a repondu que cétoit un Coup"
                    HPOS="929"
                    VPOS="2917"
                    WIDTH="1674"
                    HEIGHT="169"
                    ></String>
          </TextLine>
          <TextLine ID="eSc_line_394b596f"
                    TAGREFS="LT8"
                    BASELINE="938 3187 2699 3221" 
                    HPOS="936"
                    VPOS="3108"
                    WIDTH="1763"
                    HEIGHT="148">
            <Shape><Polygon POINTS="938 3187 936 3215 949 3224 951 3224 953 3224 955 3224 1006 3211 1045 3202 1075 3213 1101 3221 1103 3221 1105 3221 1163 3213 1212 3206 1272 3215 1306 3219 1309 3219 1330 3215 1354 3211 1401 3217 1444 3221 1484 3247 1486 3247 1489 3247 1709 3251 1711 3251 1714 3251 1795 3221 1808 3217 1814 3221 1855 3254 1857 3254 1859 3254 1928 3256 1930 3256 2018 3234 2176 3226 2202 3226 2208 3226 2258 3243 2260 3243 2262 3243 2264 3243 2322 3228 2326 3228 2341 3228 2616 3254 2618 3254 2620 3254 2697 3232 2699 3221 2695 3181 2588 3183 2579 3179 2504 3136 2502 3136 2363 3131 2279 3131 2277 3131 2275 3131 2196 3172 2172 3172 2091 3172 2086 3170 2024 3125 2022 3125 2020 3125 2018 3125 2016 3125 1939 3157 1879 3140 1876 3140 1874 3140 1872 3140 1870 3140 1827 3166 1821 3168 1707 3168 1703 3164 1690 3155 1688 3155 1686 3155 1684 3155 1641 3161 1604 3138 1602 3138 1600 3138 1482 3114 1480 3114 1478 3114 1399 3159 1304 3159 1276 3159 1276 3157 1156 3108 1154 3108 1107 3108 1105 3108 1103 3108 1026 3151 974 3138 972 3138 970 3138 968 3138 938 3151 938 3187"/></Shape>
            <String CONTENT="malheureux et que le sieur Tach ne"
                    HPOS="936"
                    VPOS="3108"
                    WIDTH="1763"
                    HEIGHT="148"
                    ></String>
          </TextLine>
          <TextLine ID="eSc_line_aafdb53a"
                    TAGREFS="LT8"
                    BASELINE="919 3371 2708 3399" 
                    HPOS="912"
                    VPOS="3316"
                    WIDTH="1794"
                    HEIGHT="135">
            <Shape><Polygon POINTS="912 3402 954 3390 1025 3415 1089 3393 1230 3435 1301 3396 1343 3415 1362 3396 1401 3438 1481 3438 1584 3396 1626 3428 1725 3441 1754 3415 1954 3402 1979 3428 2002 3409 2133 3447 2240 3447 2339 3412 2426 3435 2458 3412 2509 3435 2554 3422 2593 3451 2702 3451 2706 3396 2689 3383 2548 3364 2484 3380 2458 3354 2246 3374 2220 3351 2191 3374 2121 3329 2079 3367 2031 3338 1954 3374 1799 3338 1709 3361 1610 3319 1459 3319 1365 3357 1179 3316 1121 3348 919 3357 915 3370 912 3402"/></Shape>
            <String CONTENT="L&#x27;avoit pas fait exprés, de laquelle–"
                    HPOS="912"
                    VPOS="3316"
                    WIDTH="1794"
                    HEIGHT="135"
                    ></String>
          </TextLine>
        </TextBlock>
      </PrintSpace>
    </Page>
  </Layout>
</alto>
