3808 3072
769 322 1154 102 Depose sur les faits mentionnés En la

658 418 1280 75 plainte dudit jean Thomy de laquelle luy

662 489 1246 82 avons fait Lecture. qu'il n'a aucune –

655 573 1278 78 connoissance de cette affaire. qui Est tout

648 650 574 66 ce qu'il a dit savoir.

711 725 1209 87 Lecture a lui faite de sa déposition

657 798 1281 75 a dit jcelle contenir verité, y a persisté Et

653 882 1280 87 a signé. ainsi signés a la minutte P. Petit.

631 969 981 75 DEcopin. Et Casamajor. Greffier.

1082 1080 827 70 Du dixieme jour d'aoust

1063 1148 848 111 mil sept cent dix neuf, aud

1058 1228 242 63 matin.

626 1293 1292 111 Denis jacques Pelerin, habitant du

633 1390 1292 101 quartier Et paroisse du fond de l'Isle a vache,

623 1474 1237 89 y demeurant, agé d'Environ vingt cinq ans

607 1559 1292 89 lequel aprés serment par luy fait de dire

628 1631 1281 94 verité Et qu'il nous a dit nEtre parent, allié,

611 1718 1295 75 serviteur ni Domestique des parties Et nous a

621 1790 1273 95 Représenté l'exploit d'assignation a luy

616 1872 1283 87 donnée par Grauge huissier le quatrieme

619 1949 1253 87 de ce mois, pour deposer a la requête de

617 2030 1267 91 jean Thomy, le procureur fiscal joint.

691 2123 1213 97 Dépose sur les faits mentionnés en la

599 2218 1293 86 plainte dudit jean Thomy de laquelle

578 2310 1279 84 luy avons fait lecture, que le dimanche

501 2380 1398 99 trente juillet dernier Etant a S^t Louis avec

599 2466 1278 94 le nommé janson, dans la chambre du

582 2554 1268 91 sieur Giraud, jceluy dit janson dit a luy

588 2645 1292 85 déposant, que ledit Thomy mourroit de

341 1332 97 96 10^e

2363 366 1282 82 sa main ou que ledit Thomy le tueroit ou

2375 448 1240 98 quelque discours a peu prés semblable,

2384 534 1282 87 mais de la même force. qui Est tout ce qu'il

2386 609 478 70 a dit savoir. /

2435 679 1233 109 Lecture a luy faite de sa déposition

2384 768 1280 105 a dit jcelle contenir verité, y a persisté Et a signé.

2382 853 1241 95 ainsi signés a la minutte Pelerin. DEcopin.

2375 933 676 91 Et Casamajor, greffier.

2783 1041 748 141 Dudit jour aprés midy.

2338 1266 1307 87 du quartier du port Cavaillon, paroisse Saint

2393 1192 1264 76 Jacques Joseph Melchior Laurent, habitant

2372 1349 1285 79 Louis, y demeurant, agé dEnviron vingt huit

2372 1414 1265 89 ans, Lequel aprés serment par luy fait de

2374 1491 1275 85 dire verité Et qu'il nous a dit n'Etre parent, allié,

2358 1573 1272 75 serviteur ni Domestique des parties Et qu'il nous

2370 1641 1231 89 a representé l'Exploit d'assignation a luy

2375 1720 1245 102 donnée par Graudé huissier le quatrieme

2369 1812 1283 85 de ce mois, pour déposer a la requête de jean

2360 1879 1034 104 Thomy, le procureur fiscal joint.

2468 1966 1155 107 Dépose sur les faits mentionnés En la

2360 2068 1270 82 plainte dudit Jean Thomy de laquelle luy

2348 2146 1287 76 avons fait lecture, que le dimabche trentieme

2345 2225 1295 68 juillet dernier, luy déposant Etant En la maison

2350 2300 1217 79 du sieur Rossignol son cousin, le nommé

2341 2377 1267 80 janson y vint a cheval avec son négre,

2333 2466 1237 87 lequel aprés plusieurs Discours dit qu'il

2343 2544 1282 75 alloit chercher ledit Thomy pour luy faire

2341 2612 1270 99 mettre le pistolet a la main; Declare

2053 1259 133 51 11^e
