<?xml version="1.0" encoding="UTF-8"?>
<alto xmlns:xsi="http://www.w3.org/2001/XMLSchema-instance"
      xmlns="http://www.loc.gov/standards/alto/ns-v4#"
      xsi:schemaLocation="http://www.loc.gov/standards/alto/ns-v4# http://www.loc.gov/standards/alto/v4/alto-4-2.xsd">
  <Description>
    <MeasurementUnit>pixel</MeasurementUnit>
    <sourceImageInformation>
      <fileName>FRCAOM06_COLE_241523A_0043.jpg</fileName>
    </sourceImageInformation>
  </Description>
  <Tags>
    <OtherTag ID="QZ7" LABEL="CustomZone" DESCRIPTION="block type CustomZone"/><OtherTag ID="QZ8" LABEL="DamageZone" DESCRIPTION="block type DamageZone"/><OtherTag ID="QZ9" LABEL="DigitizationArtefactZone" DESCRIPTION="block type DigitizationArtefactZone"/><OtherTag ID="QZ10" LABEL="DropCapitalZone" DESCRIPTION="block type DropCapitalZone"/><OtherTag ID="QZ11" LABEL="GraphicZone" DESCRIPTION="block type GraphicZone"/><OtherTag ID="QZ12" LABEL="MainZone" DESCRIPTION="block type MainZone"/><OtherTag ID="QZ13" LABEL="MarginTextZone" DESCRIPTION="block type MarginTextZone"/><OtherTag ID="QZ14" LABEL="MusicZone" DESCRIPTION="block type MusicZone"/><OtherTag ID="QZ15" LABEL="NumberingZone" DESCRIPTION="block type NumberingZone"/><OtherTag ID="QZ17" LABEL="QuireMarksZone" DESCRIPTION="block type QuireMarksZone"/><OtherTag ID="QZ18" LABEL="RunningTitleZone" DESCRIPTION="block type RunningTitleZone"/><OtherTag ID="QZ19" LABEL="SealZone" DESCRIPTION="block type SealZone"/><OtherTag ID="QZ20" LABEL="StampZone" DESCRIPTION="block type StampZone"/><OtherTag ID="QZ21" LABEL="TableZone" DESCRIPTION="block type TableZone"/><OtherTag ID="QZ22" LABEL="TitlePageZone" DESCRIPTION="block type TitlePageZone"/>
    <OtherTag ID="LT7" LABEL="CustomLine" DESCRIPTION="line type CustomLine"/><OtherTag ID="LT8" LABEL="DefaultLine" DESCRIPTION="line type DefaultLine"/><OtherTag ID="LT9" LABEL="DropCapitalLine" DESCRIPTION="line type DropCapitalLine"/><OtherTag ID="LT10" LABEL="HeadingLine" DESCRIPTION="line type HeadingLine"/><OtherTag ID="LT11" LABEL="InterlinearLine" DESCRIPTION="line type InterlinearLine"/><OtherTag ID="LT12" LABEL="MusicLine" DESCRIPTION="line type MusicLine"/>
  </Tags>
  <Layout>
    <Page WIDTH="2752"
          HEIGHT="3568"
          PHYSICAL_IMG_NR="76"
          ID="eSc_dummypage_">
      <PrintSpace HPOS="0"
                  VPOS="0"
                  WIDTH="2752"
                  HEIGHT="3568">
        <TextBlock HPOS="9"
                   VPOS="232"
                   WIDTH="596"
                   HEIGHT="3142"
                   ID="eSc_textblock_617f3f10"
                   TAGREFS="QZ9">
          <Shape><Polygon POINTS="9 242 52 3374 605 3374 605 232"/></Shape>
          <TextLine ID="eSc_line_22e30aa5"
                    TAGREFS="LT8"
                    BASELINE="75 333 422 340" 
                    HPOS="73"
                    VPOS="273"
                    WIDTH="349"
                    HEIGHT="101">
            <Shape><Polygon POINTS="75 333 73 360 170 368 172 368 174 368 194 358 210 352 297 352 309 356 370 374 372 374 374 374 376 374 420 354 422 340 422 279 394 279 392 279 390 279 388 279 344 307 251 307 198 279 192 275 190 275 142 273 140 273 138 273 128 279 113 287 75 279 75 333"/></Shape>
            <String CONTENT=""
                    HPOS="73"
                    VPOS="273"
                    WIDTH="349"
                    HEIGHT="101"
                    ></String>
          </TextLine>
          <TextLine ID="eSc_line_b9dbc38b"
                    TAGREFS="LT8"
                    BASELINE="113 491 249 491" 
                    HPOS="113"
                    VPOS="449"
                    WIDTH="136"
                    HEIGHT="94">
            <Shape><Polygon POINTS="113 491 113 543 166 543 166 541 168 541 170 541 170 539 174 537 192 519 247 529 249 491 247 449 113 455 113 491"/></Shape>
            <String CONTENT=""
                    HPOS="113"
                    VPOS="449"
                    WIDTH="136"
                    HEIGHT="94"
                    ></String>
          </TextLine>
          <TextLine ID="eSc_line_e8b980c4"
                    TAGREFS="LT8"
                    BASELINE="128 628 251 628" 
                    HPOS="128"
                    VPOS="580"
                    WIDTH="123"
                    HEIGHT="76">
            <Shape><Polygon POINTS="247 618 243 592 188 580 186 580 128 586 128 628 128 642 164 656 166 656 168 656 251 650 251 628 249 618 247 618"/></Shape>
            <String CONTENT=""
                    HPOS="128"
                    VPOS="580"
                    WIDTH="123"
                    HEIGHT="76"
                    ></String>
          </TextLine>
          <TextLine ID="eSc_line_a16b895f"
                    TAGREFS="LT8"
                    BASELINE="146 1004 241 1008" 
                    HPOS="144"
                    VPOS="967"
                    WIDTH="97"
                    HEIGHT="89">
            <Shape><Polygon POINTS="226 977 218 973 146 967 146 1004 144 1032 178 1054 180 1054 182 1054 184 1054 186 1054 206 1048 212 1046 235 1056 241 1008 241 983 226 977"/></Shape>
            <String CONTENT=""
                    HPOS="144"
                    VPOS="967"
                    WIDTH="97"
                    HEIGHT="89"
                    ></String>
          </TextLine>
          <TextLine ID="eSc_line_1d3f5916"
                    TAGREFS="LT8"
                    BASELINE="47 1221 247 1215" 
                    HPOS="45"
                    VPOS="1175"
                    WIDTH="202"
                    HEIGHT="81">
            <Shape><Polygon POINTS="239 1175 45 1175 47 1221 47 1244 170 1256 172 1256 174 1256 176 1256 204 1238 210 1236 243 1236 247 1215 241 1181 239 1175"/></Shape>
            <String CONTENT=""
                    HPOS="45"
                    VPOS="1175"
                    WIDTH="202"
                    HEIGHT="81"
                    ></String>
          </TextLine>
          <TextLine ID="eSc_line_5cbcebc2"
                    TAGREFS="LT8"
                    BASELINE="43 1373 116 1367" 
                    HPOS="41"
                    VPOS="1339"
                    WIDTH="77"
                    HEIGHT="74">
            <Shape><Polygon POINTS="99 1339 63 1343 61 1347 41 1367 43 1373 45 1413 118 1407 116 1367 114 1363 99 1339"/></Shape>
            <String CONTENT=""
                    HPOS="41"
                    VPOS="1339"
                    WIDTH="77"
                    HEIGHT="74"
                    ></String>
          </TextLine>
          <TextLine ID="eSc_line_6b6f7b0c"
                    TAGREFS="LT8"
                    BASELINE="49 1716 273 1720" 
                    HPOS="47"
                    VPOS="1667"
                    WIDTH="226"
                    HEIGHT="81">
            <Shape><Polygon POINTS="49 1716 47 1738 113 1730 122 1738 128 1742 128 1744 130 1744 132 1744 134 1744 136 1744 164 1736 174 1732 176 1734 190 1746 192 1746 194 1746 196 1748 249 1748 249 1746 251 1746 253 1746 271 1730 273 1720 273 1680 255 1667 253 1667 251 1667 249 1667 49 1676 49 1716"/></Shape>
            <String CONTENT=""
                    HPOS="47"
                    VPOS="1667"
                    WIDTH="226"
                    HEIGHT="81"
                    ></String>
          </TextLine>
          <TextLine ID="eSc_line_1f310a55"
                    TAGREFS="LT8"
                    BASELINE="43 1789 107 1789" 
                    HPOS="43"
                    VPOS="1742"
                    WIDTH="64"
                    HEIGHT="65">
            <Shape><Polygon POINTS="43 1807 107 1805 107 1789 105 1752 77 1756 45 1742 43 1789 43 1807"/></Shape>
            <String CONTENT=""
                    HPOS="43"
                    VPOS="1742"
                    WIDTH="64"
                    HEIGHT="65"
                    ></String>
          </TextLine>
          <TextLine ID="eSc_line_ea219cc2"
                    TAGREFS="LT8"
                    BASELINE="116 1859 285 1853" 
                    HPOS="114"
                    VPOS="1809"
                    WIDTH="171"
                    HEIGHT="78">
            <Shape><Polygon POINTS="116 1859 116 1887 285 1869 285 1853 281 1821 168 1809 166 1809 164 1809 114 1823 116 1859"/></Shape>
            <String CONTENT=""
                    HPOS="114"
                    VPOS="1809"
                    WIDTH="171"
                    HEIGHT="78"
                    ></String>
          </TextLine>
          <TextLine ID="eSc_line_ccf5275d"
                    TAGREFS="LT8"
                    BASELINE="39 2107 146 2105" 
                    HPOS="37"
                    VPOS="2045"
                    WIDTH="109"
                    HEIGHT="105">
            <Shape><Polygon POINTS="39 2107 41 2150 146 2118 146 2105 140 2045 37 2059 39 2107"/></Shape>
            <String CONTENT=""
                    HPOS="37"
                    VPOS="2045"
                    WIDTH="109"
                    HEIGHT="105"
                    ></String>
          </TextLine>
          <TextLine ID="eSc_line_f1f39322"
                    TAGREFS="LT8"
                    BASELINE="134 2249 263 2249" 
                    HPOS="134"
                    VPOS="2178"
                    WIDTH="129"
                    HEIGHT="107">
            <Shape><Polygon POINTS="134 2249 134 2285 263 2263 263 2249 263 2184 218 2178 216 2178 214 2178 212 2178 212 2180 194 2194 186 2204 134 2204 134 2249"/></Shape>
            <String CONTENT=""
                    HPOS="134"
                    VPOS="2178"
                    WIDTH="129"
                    HEIGHT="107"
                    ></String>
          </TextLine>
          <TextLine ID="eSc_line_70ce0042"
                    TAGREFS="LT8"
                    BASELINE="51 2333 111 2337" 
                    HPOS="47"
                    VPOS="2287"
                    WIDTH="64"
                    HEIGHT="81">
            <Shape><Polygon POINTS="51 2333 47 2368 107 2360 111 2337 109 2287 53 2297 51 2333"/></Shape>
            <String CONTENT=""
                    HPOS="47"
                    VPOS="2287"
                    WIDTH="64"
                    HEIGHT="81"
                    ></String>
          </TextLine>
          <TextLine ID="eSc_line_82ccafe9"
                    TAGREFS="LT8"
                    BASELINE="87 2404 271 2398" 
                    HPOS="83"
                    VPOS="2346"
                    WIDTH="188"
                    HEIGHT="70">
            <Shape><Polygon POINTS="87 2404 87 2414 269 2416 271 2398 269 2364 216 2346 214 2346 212 2346 83 2366 87 2404"/></Shape>
            <String CONTENT=""
                    HPOS="83"
                    VPOS="2346"
                    WIDTH="188"
                    HEIGHT="70"
                    ></String>
          </TextLine>
          <TextLine ID="eSc_line_69335266"
                    TAGREFS="LT8"
                    BASELINE="158 2479 426 2473" 
                    HPOS="156"
                    VPOS="2428"
                    WIDTH="270"
                    HEIGHT="89">
            <Shape><Polygon POINTS="158 2479 158 2517 245 2499 263 2505 265 2505 267 2505 269 2505 271 2505 271 2503 283 2493 335 2507 364 2513 366 2513 368 2513 390 2503 404 2495 422 2499 426 2473 420 2434 241 2448 224 2430 222 2430 222 2428 220 2428 218 2428 216 2428 156 2428 158 2479"/></Shape>
            <String CONTENT=""
                    HPOS="156"
                    VPOS="2428"
                    WIDTH="270"
                    HEIGHT="89"
                    ></String>
          </TextLine>
          <TextLine ID="eSc_line_6347d65c"
                    TAGREFS="LT8"
                    BASELINE="43 2557 122 2553" 
                    HPOS="41"
                    VPOS="2509"
                    WIDTH="81"
                    HEIGHT="73">
            <Shape><Polygon POINTS="43 2557 43 2582 120 2568 122 2553 116 2509 41 2517 43 2557"/></Shape>
            <String CONTENT=""
                    HPOS="41"
                    VPOS="2509"
                    WIDTH="81"
                    HEIGHT="73"
                    ></String>
          </TextLine>
          <TextLine ID="eSc_line_799aafde"
                    TAGREFS="LT8"
                    BASELINE="101 2622 263 2622" 
                    HPOS="101"
                    VPOS="2572"
                    WIDTH="162"
                    HEIGHT="68">
            <Shape><Polygon POINTS="101 2622 101 2640 263 2632 263 2622 263 2588 150 2572 148 2572 146 2572 101 2586 101 2622"/></Shape>
            <String CONTENT=""
                    HPOS="101"
                    VPOS="2572"
                    WIDTH="162"
                    HEIGHT="68"
                    ></String>
          </TextLine>
          <TextLine ID="eSc_line_7be23705"
                    TAGREFS="LT8"
                    BASELINE="124 2769 261 2765" 
                    HPOS="120"
                    VPOS="2719"
                    WIDTH="141"
                    HEIGHT="71">
            <Shape><Polygon POINTS="124 2769 124 2790 261 2790 261 2765 257 2731 120 2719 124 2769"/></Shape>
            <String CONTENT=""
                    HPOS="120"
                    VPOS="2719"
                    WIDTH="141"
                    HEIGHT="71"
                    ></String>
          </TextLine>
          <TextLine ID="eSc_line_47ab0d89"
                    TAGREFS="LT8"
                    BASELINE="120 2941 261 2941" 
                    HPOS="120"
                    VPOS="2882"
                    WIDTH="141"
                    HEIGHT="77">
            <Shape><Polygon POINTS="120 2941 120 2959 261 2959 261 2941 261 2896 243 2884 241 2884 239 2884 188 2882 186 2882 184 2882 182 2882 162 2899 120 2899 120 2941"/></Shape>
            <String CONTENT=""
                    HPOS="120"
                    VPOS="2882"
                    WIDTH="141"
                    HEIGHT="77"
                    ></String>
          </TextLine>
          <TextLine ID="eSc_line_ba845941"
                    TAGREFS="LT8"
                    BASELINE="132 3076 253 3070" 
                    HPOS="128"
                    VPOS="3028"
                    WIDTH="125"
                    HEIGHT="72">
            <Shape><Polygon POINTS="132 3076 132 3088 168 3100 170 3100 172 3100 251 3082 253 3070 249 3038 168 3028 166 3028 164 3028 128 3040 132 3076"/></Shape>
            <String CONTENT=""
                    HPOS="128"
                    VPOS="3028"
                    WIDTH="125"
                    HEIGHT="72"
                    ></String>
          </TextLine>
          <TextLine ID="eSc_line_e0e437f5"
                    TAGREFS="LT8"
                    BASELINE="53 3161 414 3161" 
                    HPOS="53"
                    VPOS="3082"
                    WIDTH="361"
                    HEIGHT="103">
            <Shape><Polygon POINTS="410 3090 390 3082 53 3090 53 3161 53 3185 138 3175 178 3181 196 3183 198 3183 200 3183 206 3179 220 3173 275 3177 368 3185 370 3185 372 3185 414 3171 414 3161 412 3090 410 3090"/></Shape>
            <String CONTENT=""
                    HPOS="53"
                    VPOS="3082"
                    WIDTH="361"
                    HEIGHT="103"
                    ></String>
          </TextLine>
          <TextLine ID="eSc_line_40241c10"
                    TAGREFS="LT8"
                    BASELINE="43 3268 519 3256" 
                    HPOS="41"
                    VPOS="3217"
                    WIDTH="478"
                    HEIGHT="101">
            <Shape><Polygon POINTS="41 3260 43 3268 43 3298 192 3318 194 3318 196 3318 235 3304 265 3290 410 3288 454 3308 459 3310 461 3310 463 3310 519 3308 519 3256 513 3217 410 3227 396 3221 388 3217 386 3217 384 3217 382 3217 372 3223 356 3229 301 3225 245 3221 243 3221 241 3221 216 3229 198 3233 178 3231 134 3223 132 3223 45 3234 41 3260"/></Shape>
            <String CONTENT=""
                    HPOS="41"
                    VPOS="3217"
                    WIDTH="478"
                    HEIGHT="101"
                    ></String>
          </TextLine>
        </TextBlock>
        <TextBlock HPOS="986"
                   VPOS="303"
                   WIDTH="1699"
                   HEIGHT="2133"
                   ID="eSc_textblock_a06e67ff"
                   TAGREFS="QZ12">
          <Shape><Polygon POINTS="986 303 986 2417 2666 2436 2685 303"/></Shape>
          <TextLine ID="eSc_line_a27b5ae0"
                    TAGREFS="LT8"
                    BASELINE="1025 384 1689 380 2611 392" 
                    HPOS="1023"
                    VPOS="329"
                    WIDTH="1588"
                    HEIGHT="91">
            <Shape><Polygon POINTS="2601 336 2559 336 2557 336 2555 336 2553 336 2522 356 2422 356 2375 336 2373 336 2371 336 2369 336 2367 336 2363 336 2305 354 2266 338 2258 334 2256 334 2254 334 2204 338 2036 352 2012 338 1998 333 1996 333 1770 333 1768 333 1766 333 1764 333 1752 340 1736 352 1703 352 1687 340 1685 340 1683 340 1681 340 1663 342 1598 348 1568 342 1518 331 1516 331 1463 342 1437 348 1415 342 1383 334 1381 334 1379 334 1253 344 1215 346 1197 344 1100 329 1098 329 1036 342 1025 354 1025 384 1023 396 1136 410 1138 410 1140 410 1165 398 1167 396 1171 398 1187 408 1189 408 1191 408 1193 408 1278 398 1298 396 1312 398 1381 412 1383 412 1385 412 1421 398 1423 398 1435 398 1538 408 1540 408 1615 400 1629 398 1637 400 1675 410 1677 410 1679 410 1927 400 1954 400 1980 400 2303 418 2305 420 2440 420 2440 418 2442 418 2462 408 2547 418 2549 418 2551 418 2609 402 2611 392 2609 340 2601 336"/></Shape>
            <String CONTENT="sols, non compris les nourritures d&#x27;ouvriers, fournitires des"
                    HPOS="1023"
                    VPOS="329"
                    WIDTH="1588"
                    HEIGHT="91"
                    ></String>
          </TextLine>
          <TextLine ID="eSc_line_9d8be27d"
                    TAGREFS="LT8"
                    BASELINE="1029 451 2617 455" 
                    HPOS="1027"
                    VPOS="406"
                    WIDTH="1590"
                    HEIGHT="73">
            <Shape><Polygon POINTS="1029 451 1027 463 1064 477 1066 477 1068 477 1518 469 1744 465 1931 465 1954 473 1976 479 1978 479 1980 479 1982 479 2002 473 2030 467 2093 475 2135 479 2137 479 2180 475 2276 467 2613 479 2617 455 2615 408 2512 408 2510 408 2508 408 2476 424 2444 408 2442 408 2440 408 2438 408 2341 410 2339 410 2301 426 2020 426 1988 412 1976 408 1974 408 1972 408 1941 412 1875 424 1828 414 1816 412 1814 412 1788 414 1722 422 1699 416 1669 406 1667 406 1665 406 1663 406 1631 416 1607 422 1576 416 1532 408 1530 408 1528 408 1526 408 1516 416 1508 424 1461 424 1451 418 1433 406 1431 406 1429 406 1427 406 1350 418 1324 422 1310 418 1272 408 1270 408 1268 408 1266 408 1229 420 1217 422 1029 422 1029 451"/></Shape>
            <String CONTENT="negres, domestiques et autres, des voitures, cannevas, toiles &amp; C"
                    HPOS="1027"
                    VPOS="406"
                    WIDTH="1590"
                    HEIGHT="73"
                    ></String>
          </TextLine>
          <TextLine ID="eSc_line_b355fcaf"
                    TAGREFS="LT8"
                    BASELINE="1023 531 1558 523 2585 527" 
                    HPOS="1021"
                    VPOS="473"
                    WIDTH="1564"
                    HEIGHT="80">
            <Shape><Polygon POINTS="1023 531 1023 545 1290 553 1292 553 1372 545 1405 541 1427 543 1483 553 1485 553 1526 543 1548 539 1598 543 1669 549 1671 549 1746 543 1788 539 1820 541 1903 551 1905 551 1966 541 1982 539 1988 541 2014 553 2016 553 2018 553 2020 553 2042 543 2077 553 2079 553 2081 553 2083 553 2105 541 2111 539 2212 539 2220 539 2272 551 2274 551 2319 541 2339 553 2341 553 2343 553 2345 553 2583 537 2585 527 2579 479 2551 495 2363 495 2292 479 2282 477 2280 477 2278 477 2276 477 2276 479 2248 495 2129 495 2107 477 2101 473 2099 473 2097 473 2002 473 2000 473 1998 473 1984 477 1935 495 1786 495 1762 477 1758 473 1756 473 1754 473 1639 473 1637 473 1635 473 1633 473 1629 475 1605 495 1572 495 1544 475 1542 473 1540 473 1538 473 1481 473 1479 473 1461 475 1364 493 1316 475 1310 473 1308 473 1306 473 1304 473 1302 473 1300 475 1278 491 1209 481 1207 481 1149 493 1138 483 1136 483 1134 483 1132 483 1130 483 1108 491 1086 475 1086 473 1084 473 1082 473 1080 473 1021 473 1023 531"/></Shape>
            <String CONTENT="tout quoi je certiffie sincére et véritable à Leogane ce"
                    HPOS="1021"
                    VPOS="473"
                    WIDTH="1564"
                    HEIGHT="80"
                    ></String>
          </TextLine>
          <TextLine ID="eSc_line_49c94201"
                    TAGREFS="LT8"
                    BASELINE="1029 602 2617 594" 
                    HPOS="1027"
                    VPOS="549"
                    WIDTH="1590"
                    HEIGHT="95">
            <Shape><Polygon POINTS="1029 602 1029 630 1090 624 1106 630 1134 642 1136 642 1138 644 1191 644 1191 642 1193 642 1231 630 1257 620 1352 618 1366 628 1368 628 1370 628 1372 628 1374 628 1376 628 1391 618 1421 628 1457 640 1459 640 1461 642 1516 642 1516 640 1592 628 1655 616 1671 626 1687 640 1689 640 1691 640 1693 642 1736 642 1736 640 1738 640 1788 626 1828 614 1998 614 2050 616 2062 624 2081 638 2083 638 2085 638 2087 640 2190 640 2190 638 2192 638 2194 638 2214 624 2230 612 2369 612 2393 622 2422 636 2424 636 2426 638 2541 638 2541 636 2615 620 2617 594 2611 558 2533 562 2520 558 2492 549 2490 549 2488 549 2486 549 2484 549 2470 558 2464 560 2397 560 2397 558 2365 549 2363 549 2361 549 2359 549 2337 560 2331 564 2262 564 2254 560 2222 549 2220 549 2218 549 2139 562 2119 564 2111 562 2085 551 2083 551 2081 551 1962 560 1933 551 1931 551 1929 551 1927 551 1877 564 1871 564 1861 564 1774 553 1772 553 1770 553 1768 553 1750 564 1746 568 1621 568 1615 566 1564 553 1562 553 1447 553 1445 553 1443 553 1441 553 1421 568 1419 570 1205 570 1205 568 1165 555 1163 555 1161 555 1159 555 1106 568 1050 555 1048 555 1046 555 1044 555 1042 555 1027 564 1029 602"/></Shape>
            <String CONTENT="Trente juin mil sept cent soixante trois. signé Perrigny."
                    HPOS="1027"
                    VPOS="549"
                    WIDTH="1590"
                    HEIGHT="95"
                    ></String>
          </TextLine>
          <TextLine ID="eSc_line_da689865"
                    TAGREFS="LT8"
                    BASELINE="1023 824 2627 814" 
                    HPOS="1021"
                    VPOS="763"
                    WIDTH="1606"
                    HEIGHT="91">
            <Shape><Polygon POINTS="1023 824 1023 842 1155 838 1163 842 1175 852 1177 852 1179 852 1181 852 1183 852 1185 852 1197 844 1340 854 1342 854 1433 840 1441 840 1447 840 1500 852 1502 852 1504 852 1550 840 1568 836 1613 840 1719 848 1720 848 1954 838 2075 832 2111 836 2198 848 2200 848 2202 848 2230 836 2232 834 2234 836 2252 846 2254 846 2256 846 2258 846 2625 832 2627 814 2621 773 2549 780 2516 773 2478 763 2476 763 2474 763 2472 763 2438 773 2403 782 2335 775 2333 775 2262 784 2238 775 2216 765 2214 765 2212 765 2210 765 2186 775 2163 786 2044 786 2026 775 2000 763 1998 763 1996 763 1994 763 1992 763 1972 775 1925 763 1923 763 1921 763 1919 763 1885 777 1859 786 1824 777 1780 765 1778 765 1776 765 1774 765 1772 765 1754 777 1744 784 1730 777 1707 767 1705 767 1703 767 1701 767 1679 777 1657 790 1435 790 1421 779 1403 765 1401 765 1399 765 1344 765 1342 765 1021 780 1023 824"/></Shape>
            <String CONTENT="Nous Ingénieur ordinaire du Roy, certiffions, qu&#x27;en vertu"
                    HPOS="1021"
                    VPOS="763"
                    WIDTH="1606"
                    HEIGHT="91"
                    ></String>
          </TextLine>
          <TextLine ID="eSc_line_b524184f"
                    TAGREFS="LT8"
                    BASELINE="1027 913 1915 892 2631 886" 
                    HPOS="1025"
                    VPOS="834"
                    WIDTH="1606"
                    HEIGHT="107">
            <Shape><Polygon POINTS="1027 913 1027 925 1042 937 1044 937 1046 937 1092 939 1094 939 1096 939 1098 939 1118 925 1229 941 1231 941 1233 941 1235 941 1264 921 1268 919 1280 921 1342 931 1344 931 1346 931 1383 919 1393 917 1403 919 1457 937 1459 937 1461 937 1463 937 1465 937 1494 919 1502 919 1566 925 1568 925 1671 917 1792 909 1855 909 1867 917 1887 929 1889 929 1891 929 1893 929 2115 925 2117 925 2143 913 2155 909 2280 911 2282 911 2284 911 2311 901 2347 913 2371 919 2373 919 2375 919 2377 919 2405 911 2448 901 2629 909 2631 886 2627 854 2581 854 2541 834 2539 834 2444 834 2442 834 2440 834 2438 834 2403 856 2248 838 2246 838 2155 840 2153 840 2111 862 1929 844 1927 844 1832 866 1784 850 1782 850 1780 850 1778 850 1746 868 1707 868 1685 854 1683 854 1681 854 1679 854 1677 854 1645 872 1592 872 1560 852 1558 852 1556 852 1502 852 1500 852 1498 852 1455 876 1366 876 1340 862 1338 862 1336 862 1334 862 1332 862 1310 876 1195 868 1193 868 1114 880 1084 864 1082 864 1080 864 1078 864 1025 882 1027 913"/></Shape>
            <String CONTENT="des ordres de messieurs Bart et Clugny, Général et Intendant"
                    HPOS="1025"
                    VPOS="834"
                    WIDTH="1606"
                    HEIGHT="107"
                    ></String>
          </TextLine>
          <TextLine ID="eSc_line_ec839886"
                    TAGREFS="LT8"
                    BASELINE="1019 997 2629 959" 
                    HPOS="1017"
                    VPOS="913"
                    WIDTH="1612"
                    HEIGHT="105">
            <Shape><Polygon POINTS="1019 997 1019 1012 1217 1016 1219 1016 1221 1016 1243 1010 1261 1004 1290 1008 1354 1018 1356 1018 1473 1006 1489 1004 1492 1004 1520 1014 1522 1014 1524 1014 1613 1003 1695 993 1722 1001 1738 1006 1740 1006 1742 1006 1744 1006 1746 1006 1754 1001 1768 993 1816 1001 1861 1006 1863 1006 1865 1006 1887 999 1903 993 1929 999 1956 1003 1958 1003 1990 997 2050 985 2147 995 2200 999 2202 999 2204 999 2224 993 2264 981 2293 991 2295 991 2297 991 2299 991 2375 977 2627 985 2629 959 2625 927 2476 913 2474 913 2472 913 2470 913 2450 931 2448 933 2405 933 2403 931 2377 915 2375 915 2373 915 2371 915 2248 935 2242 935 2236 935 2117 921 2115 921 2032 941 2024 941 2012 941 1895 927 1893 927 1891 927 1839 945 1835 945 1832 945 1784 937 1782 937 1780 937 1744 947 1742 947 1726 937 1724 937 1722 937 1720 937 1719 937 1693 949 1689 951 1481 953 1479 953 1429 939 1427 939 1425 939 1423 939 1389 955 1385 955 1284 941 1282 941 1280 941 1278 941 1255 959 1253 959 1249 959 1185 943 1183 943 1181 943 1116 961 1114 963 1017 963 1019 997"/></Shape>
            <String CONTENT="à Saint Domingue, nous nous sommes transportés à l&#x27;ancien"
                    HPOS="1017"
                    VPOS="913"
                    WIDTH="1612"
                    HEIGHT="105"
                    ></String>
          </TextLine>
          <TextLine ID="eSc_line_842e1804"
                    TAGREFS="LT8"
                    BASELINE="1011 1078 1887 1052 2629 1046" 
                    HPOS="1009"
                    VPOS="991"
                    WIDTH="1620"
                    HEIGHT="115">
            <Shape><Polygon POINTS="1011 1078 1011 1106 1142 1088 1272 1098 1274 1098 1276 1098 1278 1098 1346 1086 1381 1096 1391 1098 1393 1098 1395 1098 1419 1094 1508 1078 1685 1086 1782 1090 1784 1090 1820 1082 1843 1076 1861 1080 1867 1082 1869 1082 1871 1082 1873 1082 1875 1082 1877 1080 1889 1070 2028 1076 2064 1076 2065 1076 2111 1072 2196 1066 2202 1070 2214 1078 2216 1078 2218 1078 2220 1078 2222 1078 2244 1068 2256 1064 2337 1064 2343 1066 2367 1076 2369 1076 2371 1076 2373 1076 2403 1064 2412 1060 2442 1062 2555 1074 2557 1074 2629 1056 2629 1046 2625 991 2587 991 2585 991 2583 991 2581 991 2547 1012 2474 999 2472 999 2470 999 2428 1016 2371 1016 2333 999 2331 999 2329 999 2327 999 2290 1018 2218 1018 2171 1003 2165 1001 2163 1001 2087 1001 2085 1001 2083 1001 2081 1001 2077 1004 2054 1024 1943 1024 1907 1012 1905 1012 1903 1012 1834 1026 1800 1012 1784 1006 1782 1006 1780 1006 1720 1014 1659 1024 1639 1018 1619 1010 1617 1010 1615 1010 1613 1010 1590 1018 1578 1022 1536 1020 1439 1014 1437 1014 1435 1014 1413 1024 1383 1036 1009 1036 1011 1078"/></Shape>
            <String CONTENT="Gouvernement Général de Leogane où résidoit alors Mons^r"
                    HPOS="1009"
                    VPOS="991"
                    WIDTH="1620"
                    HEIGHT="115"
                    ></String>
          </TextLine>
          <TextLine ID="eSc_line_a395a3da"
                    TAGREFS="LT8"
                    BASELINE="1009 1157 1927 1129 2615 1119" 
                    HPOS="1007"
                    VPOS="1072"
                    WIDTH="1608"
                    HEIGHT="115">
            <Shape><Polygon POINTS="1009 1157 1009 1177 1066 1169 1124 1169 1132 1175 1146 1187 1147 1187 1149 1187 1151 1187 1302 1183 1304 1183 1306 1183 1324 1169 1342 1157 1401 1167 1409 1167 1411 1167 1425 1165 1514 1153 1594 1161 1631 1163 1633 1163 1635 1163 1647 1159 1663 1153 1683 1157 1711 1163 1713 1163 1715 1163 1717 1163 1728 1155 1736 1151 1780 1153 1824 1157 1826 1157 1859 1151 1895 1145 1921 1149 1954 1155 1956 1155 1958 1155 1976 1147 1982 1145 1988 1147 2028 1165 2030 1165 2032 1165 2034 1165 2087 1145 2171 1145 2216 1161 2218 1161 2220 1161 2339 1135 2353 1133 2363 1135 2458 1155 2460 1155 2462 1155 2508 1135 2615 1125 2615 1119 2613 1084 2591 1074 2589 1074 2587 1074 2585 1074 2583 1074 2567 1084 2561 1088 2551 1086 2506 1072 2504 1072 2502 1072 2500 1072 2456 1084 2418 1076 2416 1076 2414 1076 2387 1090 2377 1096 2252 1096 2244 1094 2220 1078 2218 1078 2216 1078 2214 1078 2089 1096 2052 1102 2026 1098 1952 1086 1950 1086 1949 1086 1905 1102 1891 1106 1857 1102 1740 1090 1738 1090 1736 1090 1734 1090 1713 1106 1707 1112 1598 1112 1592 1110 1574 1100 1572 1100 1570 1100 1510 1112 1487 1115 1471 1112 1451 1108 1449 1108 1447 1108 1286 1117 1259 1117 1257 1117 1219 1106 1217 1106 1215 1106 1213 1106 1185 1119 1165 1106 1163 1106 1161 1106 1086 1106 1084 1106 1029 1108 1027 1108 1025 1108 1007 1117 1009 1157"/></Shape>
            <String CONTENT="De Perrigny, ancien commandant de ce quartier, à l&#x27;effet"
                    HPOS="1007"
                    VPOS="1072"
                    WIDTH="1608"
                    HEIGHT="115"
                    ></String>
          </TextLine>
          <TextLine ID="eSc_line_b7a934f6"
                    TAGREFS="LT8"
                    BASELINE="1021 1236 2230 1201 2621 1201" 
                    HPOS="1019"
                    VPOS="1155"
                    WIDTH="1602"
                    HEIGHT="107">
            <Shape><Polygon POINTS="1021 1236 1021 1248 1203 1262 1205 1262 1207 1262 1239 1252 1352 1254 1354 1254 1356 1254 1393 1242 1399 1240 1411 1240 1496 1250 1498 1250 1568 1238 1580 1234 1800 1230 1804 1232 1830 1246 1832 1246 1834 1246 1978 1230 2085 1238 2087 1238 2089 1238 2127 1226 2145 1221 2163 1225 2202 1236 2204 1236 2206 1236 2208 1236 2260 1223 2286 1217 2299 1223 2323 1232 2325 1232 2327 1232 2414 1230 2416 1230 2418 1230 2432 1219 2438 1215 2448 1219 2462 1225 2464 1225 2466 1225 2621 1215 2621 1201 2619 1167 2531 1159 2529 1159 2385 1171 2345 1155 2343 1155 2280 1155 2278 1155 2222 1167 2177 1159 2175 1159 2173 1159 2117 1179 2115 1179 2075 1171 2073 1171 2028 1181 1984 1163 1982 1163 1980 1163 1881 1183 1861 1167 1859 1167 1857 1167 1855 1167 1853 1167 1782 1187 1746 1171 1744 1171 1742 1171 1657 1183 1615 1173 1613 1173 1611 1173 1487 1195 1459 1187 1457 1187 1455 1187 1453 1187 1429 1197 1397 1183 1395 1183 1393 1183 1391 1183 1362 1199 1360 1201 1241 1203 1229 1203 1092 1187 1090 1187 1088 1187 1019 1207 1021 1236"/></Shape>
            <String CONTENT="d&#x27;examiner et constater les dépenses que cet officier pouvoit"
                    HPOS="1019"
                    VPOS="1155"
                    WIDTH="1602"
                    HEIGHT="107"
                    ></String>
          </TextLine>
          <TextLine ID="eSc_line_27cf7d37"
                    TAGREFS="LT8"
                    BASELINE="1009 1314 2117 1284 2629 1278" 
                    HPOS="1007"
                    VPOS="1226"
                    WIDTH="1622"
                    HEIGHT="102">
            <Shape><Polygon POINTS="1009 1314 1009 1328 1792 1310 1808 1316 1818 1318 1820 1318 1822 1318 1849 1314 1917 1304 1968 1312 1984 1314 1986 1314 2024 1310 2159 1298 2295 1306 2317 1306 2319 1306 2321 1306 2323 1306 2339 1294 2375 1304 2377 1304 2379 1304 2381 1304 2629 1298 2629 1278 2627 1242 2599 1226 2597 1226 2595 1226 2482 1228 2480 1228 2478 1228 2458 1246 2282 1250 2240 1234 2238 1234 2236 1234 2234 1234 2186 1254 2127 1254 2065 1256 2042 1244 2040 1244 2038 1244 2036 1244 2004 1256 1952 1242 1950 1242 1949 1242 1947 1242 1945 1242 1923 1256 1879 1244 1877 1244 1875 1244 1873 1244 1822 1262 1822 1264 1742 1264 1653 1266 1498 1252 1496 1252 1494 1252 1443 1270 1393 1256 1391 1256 1389 1256 1387 1256 1340 1272 1312 1258 1310 1258 1253 1258 1251 1258 1165 1280 1062 1280 1040 1266 1038 1266 1036 1266 1034 1266 1032 1266 1007 1280 1009 1314"/></Shape>
            <String CONTENT="avoir faites de ses deniers en cet endroit; Nous certiffions"
                    HPOS="1007"
                    VPOS="1226"
                    WIDTH="1622"
                    HEIGHT="102"
                    ></String>
          </TextLine>
          <TextLine ID="eSc_line_7cec9c44"
                    TAGREFS="LT8"
                    BASELINE="1013 1391 1675 1371 2629 1355" 
                    HPOS="1011"
                    VPOS="1308"
                    WIDTH="1618"
                    HEIGHT="111">
            <Shape><Polygon POINTS="1013 1391 1013 1419 1072 1417 1074 1417 1076 1417 1096 1403 1153 1411 1155 1411 1270 1399 1292 1409 1294 1409 1296 1409 1391 1395 1479 1403 1481 1403 1526 1393 1560 1403 1572 1405 1574 1405 1576 1405 1578 1405 1580 1405 1584 1401 1592 1395 1613 1401 1625 1403 1627 1403 1629 1403 1631 1403 1645 1399 1683 1389 1750 1395 1766 1397 1768 1397 1800 1395 1889 1385 1899 1391 1907 1397 1909 1397 1911 1397 1913 1397 1915 1397 1939 1389 1950 1387 1970 1389 2040 1397 2042 1397 2117 1383 2151 1379 2194 1381 2333 1391 2335 1391 2482 1387 2484 1387 2529 1373 2587 1385 2589 1385 2591 1385 2629 1367 2629 1355 2623 1308 2426 1328 2349 1316 2337 1314 2335 1314 2333 1314 2331 1314 2329 1316 2305 1330 2117 1322 2052 1320 2050 1320 2014 1326 1935 1339 1667 1343 1635 1336 1611 1330 1609 1330 1607 1330 1605 1330 1604 1330 1594 1338 1586 1341 1566 1338 1528 1332 1526 1332 1524 1332 1494 1339 1469 1347 1399 1343 1294 1336 1292 1336 1290 1336 1249 1347 1231 1353 1159 1353 1146 1349 1108 1339 1106 1339 1104 1339 1102 1339 1076 1353 1070 1355 1011 1355 1013 1391"/></Shape>
            <String CONTENT="qu&#x27;en ce tems nous délivrâmes un certifficat des dépenses les"
                    HPOS="1011"
                    VPOS="1308"
                    WIDTH="1618"
                    HEIGHT="111"
                    ></String>
          </TextLine>
          <TextLine ID="eSc_line_3eae52f6"
                    TAGREFS="LT8"
                    BASELINE="1005 1476 1655 1449 2627 1439" 
                    HPOS="1003"
                    VPOS="1385"
                    WIDTH="1624"
                    HEIGHT="119">
            <Shape><Polygon POINTS="1005 1476 1005 1504 1086 1502 1088 1502 1142 1482 1183 1500 1185 1500 1187 1500 1189 1500 1195 1500 1286 1482 1374 1494 1389 1496 1391 1496 1393 1496 1395 1496 1397 1494 1423 1472 1481 1492 1489 1494 1490 1494 1492 1494 1546 1492 1548 1492 1554 1490 1596 1466 2020 1460 2044 1472 2046 1472 2048 1472 2194 1462 2208 1470 2218 1478 2220 1478 2222 1478 2224 1480 2274 1480 2274 1478 2276 1478 2295 1468 2317 1458 2337 1468 2357 1476 2359 1476 2361 1476 2470 1474 2472 1474 2494 1462 2512 1454 2623 1458 2627 1439 2623 1391 2577 1385 2575 1385 2573 1385 2571 1385 2563 1391 2541 1409 2444 1403 2442 1403 2367 1415 2315 1415 2293 1401 2288 1395 2286 1395 2284 1395 2282 1395 2280 1395 2266 1401 2254 1407 2242 1401 2214 1389 2212 1389 2210 1389 2131 1403 2107 1391 2105 1391 2103 1391 1978 1393 1976 1393 1933 1411 1921 1417 1913 1411 1885 1395 1883 1395 1881 1395 1879 1395 1788 1397 1786 1397 1784 1397 1752 1417 1744 1421 1732 1417 1717 1413 1715 1413 1713 1413 1637 1421 1570 1427 1554 1423 1490 1403 1489 1403 1487 1403 1437 1405 1435 1405 1391 1427 1381 1433 1358 1429 1290 1417 1288 1417 1286 1417 1255 1433 1249 1437 1120 1437 1116 1437 1096 1423 1094 1423 1092 1423 1090 1423 1088 1423 1086 1423 1068 1437 1064 1441 1003 1441 1005 1476"/></Shape>
            <String CONTENT="plus urgentes faites par mons. S^r De Perrigny, que le"
                    HPOS="1003"
                    VPOS="1385"
                    WIDTH="1624"
                    HEIGHT="119"
                    ></String>
          </TextLine>
          <TextLine ID="eSc_line_c0781a16"
                    TAGREFS="LT8"
                    BASELINE="1003 1554 1859 1526 2623 1520" 
                    HPOS="1001"
                    VPOS="1462"
                    WIDTH="1622"
                    HEIGHT="119">
            <Shape><Polygon POINTS="1003 1554 1003 1560 1090 1581 1092 1581 1149 1571 1276 1577 1278 1577 1280 1577 1310 1561 1385 1567 1387 1567 1489 1552 1643 1552 1667 1567 1669 1567 1671 1567 1673 1569 1717 1569 1717 1567 1719 1567 1720 1567 1746 1548 1835 1544 1839 1544 1843 1544 1911 1544 1943 1561 1945 1561 1947 1561 1949 1561 2093 1540 2123 1558 2125 1558 2127 1558 2129 1558 2341 1536 2561 1546 2563 1546 2565 1546 2623 1526 2623 1520 2621 1486 2567 1462 2565 1462 2563 1462 2561 1462 2516 1488 2478 1488 2470 1488 2410 1476 2408 1476 2337 1490 2321 1478 2319 1478 2317 1478 2315 1478 2313 1478 2292 1486 2270 1472 2268 1472 2266 1472 2196 1470 2194 1470 2008 1498 2006 1498 2004 1498 1921 1476 1919 1476 1917 1476 1915 1476 1877 1492 1855 1478 1853 1478 1851 1478 1849 1478 1802 1480 1800 1480 1742 1502 1570 1484 1568 1484 1566 1484 1564 1484 1534 1508 1532 1510 1455 1512 1348 1512 1344 1512 1298 1498 1296 1498 1294 1498 1292 1498 1290 1498 1270 1514 1268 1516 1215 1516 1215 1514 1171 1494 1169 1494 1128 1494 1126 1494 1001 1518 1003 1554"/></Shape>
            <String CONTENT="certifficat joint à l&#x27;état général ayant été perdû dans le"
                    HPOS="1001"
                    VPOS="1462"
                    WIDTH="1622"
                    HEIGHT="119"
                    ></String>
          </TextLine>
          <TextLine ID="eSc_line_9881bffe"
                    TAGREFS="LT8"
                    BASELINE="999 1633 1960 1607 2625 1603" 
                    HPOS="997"
                    VPOS="1563"
                    WIDTH="1628"
                    HEIGHT="96">
            <Shape><Polygon POINTS="999 1633 999 1645 1094 1659 1096 1659 1189 1657 1191 1657 1249 1641 1259 1639 1274 1641 1346 1649 1348 1649 1350 1649 1381 1639 1393 1635 1405 1637 1451 1651 1453 1651 1455 1651 1726 1633 1752 1641 1754 1641 1756 1641 1758 1641 1792 1631 1804 1625 2054 1623 2064 1625 2107 1637 2109 1637 2111 1637 2200 1621 2222 1619 2325 1619 2329 1619 2375 1633 2377 1633 2379 1633 2514 1619 2575 1629 2577 1629 2579 1629 2625 1613 2625 1603 2619 1565 2254 1577 2210 1569 2182 1565 2180 1565 2178 1565 2177 1565 2171 1571 2155 1581 2105 1581 2056 1571 1998 1563 1996 1563 1887 1565 1885 1565 1867 1575 1857 1581 1847 1575 1835 1567 1834 1567 1832 1567 1784 1567 1782 1567 1703 1577 1586 1591 1520 1579 1487 1573 1485 1573 1447 1579 1374 1595 1336 1581 1324 1577 1322 1577 1320 1577 1318 1577 1308 1581 1276 1599 1185 1599 1110 1585 1098 1583 1096 1583 997 1585 999 1633"/></Shape>
            <String CONTENT="transport des bureaux de l&#x27;intendance, nous ne pouvons"
                    HPOS="997"
                    VPOS="1563"
                    WIDTH="1628"
                    HEIGHT="96"
                    ></String>
          </TextLine>
          <TextLine ID="eSc_line_421403fb"
                    TAGREFS="LT8"
                    BASELINE="1003 1710 2617 1684" 
                    HPOS="1001"
                    VPOS="1637"
                    WIDTH="1616"
                    HEIGHT="103">
            <Shape><Polygon POINTS="1003 1710 1003 1722 1124 1740 1126 1740 1249 1738 1251 1738 1310 1718 1312 1718 1314 1718 1354 1732 1356 1732 1358 1732 1360 1732 1383 1720 1411 1734 1413 1734 1415 1734 1417 1734 1419 1734 1445 1718 1548 1732 1550 1732 1552 1732 1604 1716 1734 1718 1736 1718 1738 1718 1752 1712 1760 1708 1780 1712 1867 1728 1869 1728 1871 1728 1927 1710 1933 1708 1954 1708 2069 1716 2071 1716 2113 1706 2135 1702 2155 1706 2210 1716 2212 1716 2282 1704 2295 1702 2379 1702 2420 1702 2446 1716 2448 1716 2450 1716 2452 1716 2478 1702 2571 1710 2573 1710 2575 1710 2617 1698 2617 1684 2613 1655 2529 1637 2527 1637 2525 1637 2523 1637 2502 1655 2403 1655 2373 1637 2371 1637 2369 1637 2367 1637 2365 1637 2307 1659 2272 1659 2246 1639 2244 1639 2242 1639 2240 1639 2238 1639 2236 1639 2210 1657 2178 1643 2177 1643 2175 1643 2173 1643 2149 1653 2133 1641 2131 1641 2129 1641 2127 1641 1992 1643 1933 1657 1889 1645 1887 1645 1885 1645 1883 1645 1881 1645 1855 1665 1806 1647 1804 1647 1802 1647 1800 1647 1756 1657 1713 1649 1711 1649 1709 1649 1655 1667 1633 1649 1631 1649 1629 1649 1627 1649 1625 1649 1623 1649 1611 1659 1554 1651 1552 1651 1550 1651 1485 1671 1437 1663 1435 1663 1298 1672 1251 1655 1249 1655 1247 1655 1245 1655 1181 1672 1042 1669 1040 1669 1038 1669 1001 1678 1003 1710"/></Shape>
            <String CONTENT="nous refuser à justiffier de la légitimité de la somme düe"
                    HPOS="1001"
                    VPOS="1637"
                    WIDTH="1616"
                    HEIGHT="103"
                    ></String>
          </TextLine>
          <TextLine ID="eSc_line_99d49b41"
                    TAGREFS="LT8"
                    BASELINE="1003 1793 1980 1770 2595 1768" 
                    HPOS="1001"
                    VPOS="1710"
                    WIDTH="1594"
                    HEIGHT="115">
            <Shape><Polygon POINTS="1003 1793 1003 1825 1122 1805 1193 1817 1195 1817 1197 1817 1225 1805 1274 1815 1276 1815 1358 1803 1536 1817 1538 1817 1540 1817 1542 1817 1544 1817 1566 1803 1631 1815 1633 1815 1635 1815 1637 1815 1661 1795 1816 1801 1818 1801 1869 1791 1937 1791 1964 1809 1966 1809 1968 1809 1970 1809 1972 1809 2188 1785 2329 1801 2331 1801 2333 1801 2383 1785 2408 1799 2410 1799 2412 1799 2595 1797 2595 1768 2591 1714 2418 1710 2416 1710 2414 1710 2412 1710 2403 1718 2383 1734 2353 1734 2323 1720 2299 1712 2297 1712 2295 1712 2293 1712 2258 1722 2210 1736 2145 1726 2081 1716 2079 1716 2077 1716 2075 1716 2058 1728 2036 1744 1941 1744 1877 1734 1808 1722 1806 1722 1804 1722 1776 1736 1754 1748 1720 1738 1673 1724 1671 1724 1669 1724 1667 1724 1665 1724 1637 1740 1619 1752 1522 1754 1483 1754 1471 1746 1451 1730 1449 1730 1447 1730 1445 1730 1443 1730 1407 1748 1393 1754 1377 1748 1328 1730 1326 1730 1324 1730 1322 1730 1274 1752 1262 1758 1001 1758 1003 1793"/></Shape>
            <String CONTENT="par sa Majesté, qui se montoit à six mille quatorze"
                    HPOS="1001"
                    VPOS="1710"
                    WIDTH="1594"
                    HEIGHT="115"
                    ></String>
          </TextLine>
          <TextLine ID="eSc_line_a66577b4"
                    TAGREFS="LT8"
                    BASELINE="1009 1875 1479 1857" 
                    HPOS="1007"
                    VPOS="1809"
                    WIDTH="472"
                    HEIGHT="91">
            <Shape><Polygon POINTS="1009 1875 1009 1895 1058 1900 1060 1900 1062 1900 1080 1893 1088 1889 1092 1891 1108 1898 1110 1898 1112 1898 1114 1898 1142 1889 1167 1881 1211 1887 1266 1893 1268 1893 1270 1893 1272 1893 1286 1883 1296 1877 1338 1881 1417 1887 1419 1887 1421 1887 1423 1887 1423 1885 1433 1875 1437 1871 1475 1873 1479 1857 1477 1825 1449 1809 1447 1809 1445 1809 1370 1811 1368 1811 1312 1833 1300 1839 1130 1843 1126 1843 1060 1823 1058 1823 1056 1823 1054 1823 1007 1845 1009 1875"/></Shape>
            <String CONTENT="livres cinq sols."
                    HPOS="1007"
                    VPOS="1809"
                    WIDTH="472"
                    HEIGHT="91"
                    ></String>
          </TextLine>
          <TextLine ID="eSc_line_a2d994a2"
                    TAGREFS="LT8"
                    BASELINE="1153 1946 2583 1912" 
                    HPOS="1151"
                    VPOS="1857"
                    WIDTH="1432"
                    HEIGHT="123">
            <Shape><Polygon POINTS="1153 1946 1153 1954 1191 1970 1193 1970 1195 1970 1274 1954 1286 1964 1288 1964 1290 1964 1292 1964 1320 1960 1342 1978 1344 1978 1346 1978 1348 1980 1405 1980 1405 1978 1572 1946 1574 1946 1738 1970 1740 1970 1893 1966 1895 1966 1897 1966 1933 1940 1972 1958 1974 1958 1976 1958 1978 1958 2038 1936 2244 1958 2246 1958 2248 1958 2349 1928 2353 1928 2355 1928 2397 1940 2399 1940 2401 1940 2583 1922 2583 1912 2579 1871 2454 1857 2452 1857 2450 1857 2407 1875 2401 1879 2329 1885 2319 1879 2299 1861 2297 1861 2295 1861 2252 1861 2250 1861 2248 1861 2246 1861 2246 1863 2234 1873 2200 1863 2198 1863 2196 1863 2167 1865 2165 1865 2163 1865 2163 1867 2143 1885 2135 1893 2020 1893 1978 1893 1974 1889 1941 1869 1939 1869 1937 1869 1935 1869 1933 1869 1931 1869 1901 1893 1897 1895 1893 1893 1853 1871 1851 1871 1849 1871 1802 1873 1800 1873 1798 1873 1780 1887 1681 1875 1679 1875 1677 1875 1675 1875 1675 1877 1647 1900 1643 1904 1489 1906 1479 1906 1342 1883 1340 1883 1338 1883 1336 1883 1296 1912 1239 1912 1201 1887 1199 1887 1197 1887 1195 1887 1193 1887 1191 1887 1151 1910 1153 1946"/></Shape>
            <String CONTENT="A Leogane le seize juin mil sept cent"
                    HPOS="1151"
                    VPOS="1857"
                    WIDTH="1432"
                    HEIGHT="123"
                    ></String>
          </TextLine>
          <TextLine ID="eSc_line_a13bd1af"
                    TAGREFS="LT8"
                    BASELINE="1007 2035 1853 2009 2492 2002" 
                    HPOS="1005"
                    VPOS="1950"
                    WIDTH="1487"
                    HEIGHT="117">
            <Shape><Polygon POINTS="1007 2035 1007 2051 1066 2051 1098 2065 1100 2065 1102 2065 1217 2053 1239 2067 1241 2067 1243 2067 1245 2067 1362 2063 1364 2063 1366 2063 1383 2049 1417 2061 1419 2061 1421 2061 1582 2059 1584 2059 1649 2035 1655 2031 1736 2031 1740 2033 1778 2053 1780 2053 1782 2055 1835 2055 1835 2053 1875 2051 1877 2051 1925 2027 1931 2023 2111 2021 2125 2021 2222 2035 2224 2035 2226 2035 2258 2021 2347 2027 2349 2027 2490 2011 2492 2002 2488 1972 2436 1972 2414 1956 2412 1956 2410 1956 2408 1956 2407 1956 2405 1956 2381 1974 2335 1974 2319 1974 2250 1950 2248 1950 2246 1950 2244 1950 2192 1974 2153 1954 2151 1954 2149 1954 2060 1956 2058 1956 2056 1956 2028 1976 1972 1978 1927 1966 1925 1966 1923 1966 1921 1966 1873 1978 1835 1960 1834 1960 1832 1960 1830 1960 1784 1984 1762 1976 1760 1976 1758 1976 1671 1990 1665 1990 1663 1990 1613 1966 1611 1966 1609 1966 1550 1968 1548 1968 1498 1994 1494 1996 1393 1996 1348 1972 1346 1972 1344 1972 1342 1972 1340 1972 1306 1996 1253 1984 1251 1984 1249 1984 1247 1984 1221 2000 1219 2002 1167 2002 1165 2002 1138 1978 1136 1978 1134 1978 1086 1978 1084 1978 1082 1978 1080 1978 1042 2004 1040 2006 1005 2006 1007 2035"/></Shape>
            <String CONTENT="soixante sept. signé Lagneay de Larris"
                    HPOS="1005"
                    VPOS="1950"
                    WIDTH="1487"
                    HEIGHT="117"
                    ></String>
          </TextLine>
          <TextLine ID="eSc_line_8d6f0368"
                    TAGREFS="LT8"
                    BASELINE="1126 2122 2607 2101" 
                    HPOS="1124"
                    VPOS="2051"
                    WIDTH="1483"
                    HEIGHT="107">
            <Shape><Polygon POINTS="1126 2122 1130 2152 1151 2132 1187 2142 1189 2142 1191 2142 1298 2130 1324 2148 1336 2156 1338 2156 1340 2156 1342 2158 1391 2158 1391 2156 1393 2156 1421 2146 1469 2128 1506 2142 1508 2142 1510 2142 1580 2130 1602 2142 1615 2152 1617 2152 1619 2152 1621 2152 1623 2152 1643 2142 1675 2124 1722 2124 1796 2136 1798 2136 1800 2136 1816 2128 1832 2138 1843 2146 1845 2146 1847 2146 1849 2146 1851 2146 1875 2138 1901 2126 2022 2120 2165 2120 2186 2132 2202 2142 2204 2142 2206 2142 2208 2144 2288 2144 2288 2142 2290 2142 2313 2130 2339 2117 2393 2128 2450 2140 2452 2140 2581 2138 2583 2138 2585 2138 2607 2124 2607 2101 2597 2051 2567 2071 2476 2069 2444 2055 2438 2053 2436 2053 2434 2053 2432 2053 2430 2053 2428 2055 2403 2073 2335 2075 2250 2075 2218 2059 2206 2055 2204 2055 2202 2055 2167 2057 2165 2057 2163 2057 2159 2061 2135 2079 2067 2079 1964 2077 1949 2065 1939 2059 1937 2059 1935 2059 1933 2059 1891 2061 1889 2061 1887 2061 1879 2067 1859 2081 1746 2071 1665 2063 1663 2063 1592 2073 1502 2087 1417 2079 1415 2079 1278 2089 1257 2081 1229 2071 1227 2071 1225 2071 1124 2083 1126 2122"/></Shape>
            <String CONTENT="Pour copie certiffiée conforme à l&#x27;original qui est"
                    HPOS="1124"
                    VPOS="2051"
                    WIDTH="1483"
                    HEIGHT="107"
                    ></String>
          </TextLine>
          <TextLine ID="eSc_line_1281947d"
                    TAGREFS="LT8"
                    BASELINE="1088 2202 2155 2182 2539 2180" 
                    HPOS="1085"
                    VPOS="2084"
                    WIDTH="1452"
                    HEIGHT="151">
            <Shape><Polygon POINTS="1886 2111 1767 2111 1642 2117 1636 2114 1558 2114 1529 2117 1142 2119 1130 2084 1085 2200 1085 2227 1127 2212 1163 2235 1249 2235 1285 2212 1383 2230 1445 2206 1484 2230 1603 2203 1788 2218 1951 2197 2112 2197 2142 2215 2189 2197 2243 2218 2305 2191 2359 2215 2537 2212 2537 2179 2329 2152 2115 2155 2088 2128 2049 2149 1981 2119 1886 2111"/></Shape>
            <String CONTENT="entre mes mains à Vendôme le 24. mars 1775"
                    HPOS="1085"
                    VPOS="2084"
                    WIDTH="1452"
                    HEIGHT="151"
                    ></String>
          </TextLine>
          <TextLine ID="eSc_line_a2023dd0"
                    TAGREFS="LT8"
                    BASELINE="2113 2291 2617 2283" 
                    HPOS="2111"
                    VPOS="2212"
                    WIDTH="506"
                    HEIGHT="125">
            <Shape><Polygon POINTS="2113 2291 2113 2337 2167 2337 2167 2335 2169 2335 2171 2335 2171 2333 2190 2313 2238 2305 2391 2317 2393 2317 2395 2317 2428 2303 2498 2325 2500 2325 2615 2329 2617 2283 2611 2222 2549 2224 2545 2222 2523 2212 2522 2212 2520 2212 2438 2226 2430 2226 2426 2226 2389 2214 2387 2214 2385 2214 2383 2214 2359 2228 2347 2216 2347 2214 2345 2214 2343 2214 2341 2214 2339 2214 2337 2214 2321 2224 2297 2212 2295 2212 2293 2212 2230 2222 2159 2214 2157 2214 2155 2214 2111 2230 2113 2291"/></Shape>
            <String CONTENT="Perrigny"
                    HPOS="2111"
                    VPOS="2212"
                    WIDTH="506"
                    HEIGHT="125"
                    ></String>
          </TextLine>
        </TextBlock>
        <TextBlock HPOS="1852"
                   VPOS="2303"
                   WIDTH="343"
                   HEIGHT="286"
                   ID="eSc_textblock_e3d863d5"
                   TAGREFS="QZ20">
          <Shape><Polygon POINTS="1852 2303 1852 2589 2195 2589 2195 2303"/></Shape>
        </TextBlock>
      </PrintSpace>
    </Page>
  </Layout>
</alto>
