3808 3008
1984 250 414 80 du 7. aoust. 1719.

1989 370 376 92 information.

2060 609 65 72 8^e

2086 700 137 247 Mvy

2794 411 821 98 criminel du siege royal de S^t Louis.

2811 317 816 110 Extrait des minuttes du greffe

2440 491 1180 115 Information faite par nous M^e jean

2310 593 1334 85 Baptiste DEcopin, lieutenant civil et criminel

2380 663 1227 75 de la partie du sud de S^t Domingue, A la requête

2372 736 1225 77 de Jean Thomy, demandeur Et complaignant,

2358 800 1229 85 habitant demeurant au quartier des anglois;

2355 872 1249 90 Le Procureur fiscal joint. Contre Matthieu

2358 955 1261 91 janson, habitant du port Cavaillon, deffendeur

2343 1031 1242 88 Et Accusé, A laquelle jnformation avons

2378 1112 779 76 procédé ainsi qu'il Ensuit.

2766 1206 833 119 Du septieme aoust mil sept

2766 1310 734 65 cent dix neuf, au matin.

2443 1413 1060 89 Claude joseph La Place, major du

2355 1492 1230 82 regiment des milices de la partie du sud de saint

2355 1565 1252 84 Domingue, demeurant en ce quartier et paroisse

2358 1632 1259 80 d'aquin, agé de trente six ans ou environ, lequel

2348 1697 1232 102 aprés serment par luy fait de dire verité et qu'il

2346 1781 1179 85 nous a dit n'Etre parent, allié, serviteur ni

2340 1854 1277 106 Domestique des parties et nous a représenté l'Exploit

2336 1926 1266 106 d'assignation a luy donnée par Graugé huissier

2333 2007 1220 91 le troisieme du courant, pour déposer à la

2333 2088 1271 116 requête dudit jean Thomy, Le procureur fiscal,

2326 2165 176 70 joint.

2479 2219 1123 100 Dépose sur les faits mentionnés en la –

2325 2309 1215 77 plainte dudit jean Thomy de laquelle luy

2318 2377 1250 104 avons fait faire Lecture, que le jour de

2323 2463 1225 83 dimanche trentieme de juillet dernier, la

2303 2528 1247 105 nuit environ onze heures, il trouva au pied

2313 2605 1269 113 du morne S^t George Le nommé anson, habitant
