3808 3040
641 336 1235 91 que le dit janson venoit de donner au Coup

625 417 1209 79 de pistolet audit Thomy Et qu'il En Etoit

609 493 1281 81 témoin, a quoy ledit Coutois Repliqua qu'il

628 569 1270 67 n'avoit Rien vû; cependant luy coutois dit

625 650 1275 76 a lui déposant qu'il croyoit avoir vû du

613 711 1302 103 sang au coté dudit Thomy et que s'en allant

618 787 1302 108 chez luy il avoit trouvé au Bout de la place

631 874 1278 93 de lui déposant ledit janson qui allumoit

608 957 1274 107 sa pipe, lequel aprés plusieurs discours luy

621 1021 1222 95 demanda ou Etoit Thomy, a quoy ledit

616 1097 1299 103 Coutois luy repondit qu'il croyoit qu'il Etoit

618 1187 1277 88 allé a la messe a aquin avec le nommé

621 1253 1239 113 Gillet, surquoy ledit janson Repliqua:

621 1340 1235 110 si je scavois trouver ce Bougre la je

616 1428 1293 124 piqueray des deux. En même tems luy janson

614 1511 1247 95 Remonta a cheval Et s'enfuit au galop

618 1596 1250 91 du coté de l'habitation dudit Coutois. qui

609 1677 879 103 Est tout ce qu'il a dit sçavoir.

672 1764 1226 115 Lecture a luy faite de sa déposition

613 1867 1294 90 a dit jcelle contenir verité, y a persisté, a

596 1947 1284 89 signé, Et aprés qu'il a requis salaire luy avons

599 2021 1264 98 taxé la somme de six livres. ainsi signés

609 2107 1281 93 a la minutte Flatron. DEcopin. Et Casamajor

604 2187 235 79 Greffier.

1064 2290 642 113 Dudit jour au matin.

643 2391 1242 103 Antoine Vincent, habitant demeurant

596 2494 1272 91 au quartier Et paroisse d'Aquin, agé d'Environ

599 2575 1274 106 trente six ans, lequel aprés serment par

2393 352 1269 83 Luy fait de dire verité Et qu'il nous a dit

2392 432 1260 91 n'Etre parent, allié, serviteur ni Domestique

2402 510 1259 77 des parties Et nous a representé l'Exploit

2402 584 1220 94 d'assignation a luy donnée, par Graugé

2395 663 1279 91 huissier, le troisieme dud mois, pour déposer

2393 726 1237 103 a la requête de jean Thomy, le procureur

2390 800 436 84 fiscal joint.

2545 884 1051 107 Dépose sur les faits mentionnés

2380 974 1286 84 en la plainte dudit jean Thomy de laquelle

2371 1053 1252 93 luy avoir fait Lecture, que le dimanche

2333 1136 1285 80 trentieme juillet dernier, Environ Cinq heures

2366 1204 1283 94 du soir, luy déposant Retournant sur son

2350 1283 1290 83 habitation Et venant de chés le sieur Gillet,

2361 1357 1240 90 il Remontra a la descente du morne des

2373 1440 1281 95 anglois lesdits sieurs Thomy Et Gillet, que ledit

2351 1523 1299 93 Gillet dit à luy déposant qu'il n'avoit qu'a

2360 1602 1282 90 Retourner sur ses pas parce que ledit Thomy

2360 1680 1252 100 Etoit blessé d'un Coup de pistolet que luy

2368 1764 1249 80 avoit donné le nommé janson; que lui

2356 1840 1228 88 Déposant Etant Retourné chés Gillet

2363 1918 1279 86 avec les susnommés il fit dépouiller ledit

2363 1992 1281 98 Thomy Et trouva qu'il Etoit Blessé au coté

2366 2085 1252 103 gauche d'un coup de pistolet a plomb,

2353 2165 1272 121 dont le sang sortoit et que luy déposant

2366 2249 1267 122 apperçus dans la playe Environ quinze

2365 2342 1243 95 a seize grains de plomb; que ledit Thomy

2356 2432 1239 89 dit a luy déposant ainsi que Gilet qu'ils

2361 2504 1272 90 avoient Remontré ledit janson Environ

2353 2592 1275 91 par le travers de la Barriere de l'habitation

316 2409 91 109 3^e
