2464 3608
249 228 349 171 8 f^er 1781

575 416 311 105 Inscrit

1706 158 467 106 ne le 12 fev. 1765.

1120 246 967 122 Colonies M. Taffart (Jean)

1000 477 1191 126 M. Taffart ancien officier avec rang de

805 585 1372 106 Lieutenant colonel rappelle la promesse que M.

809 681 1386 116 de Sartine lui avoit faite de placer dans la Compagnie

815 779 1374 114 des Cadets Gentilshommes un de ses fils agé de 16. ans

813 885 1380 107 Il espere que Monseigneur aura égard a cette promesse

830 986 1355 110 et aux services qu'il a rendus en partie sous ses ordres.

1064 1140 1123 102 Le S^r Taffart, neveu de l'Intendant de

1052 1240 1129 92 S^t Domingue, n'a pas été compris dans la

1052 1340 1149 87 premiere nomination des Cadets gentilshommes

1044 1425 1153 100 parce qu'il n'avoit pas l'age nécessaire, mais

1048 1521 1141 94 il a été donné a sa famille des assurances

1038 1627 1151 88 positives pour la prochaine promotion. Ce

1022 1717 1165 111 jeune homme a presentement 15. ans révolus.
