2912 3680
1574 171 1012 109 Extrait des minuttes du greffe

1572 263 812 98 du siege royal du cap

1241 353 1390 123 A Monsieur Monsieur le sénéchal

1265 490 270 94 du cap

1155 562 1487 122 Vous remontre le procureur du Roy audit

1044 658 1596 116 siége que la visite du cadavre du feu René

1042 736 1555 122 Robert Guillaume Tan natif de la ville

1032 821 1556 148 dargentan en Normandie armurier abord

1044 917 1530 146 du navire le frere et la sœur du havre de

1030 1011 1595 156 grace ayant été faite par les chirurgiens

1032 1118 1583 143 en consequence de votre ordonnance de ce jour

1028 1216 1607 129 ce concideré Il vous plaise monsieur ordonner

1032 1312 1560 147 que ledit cadavre sera inhumé dans le–

1034 1414 1524 137 cimetiere de cette paroisse et que votre–

1038 1498 1597 147 ordonnance a intervenir sera transcrite sur

1036 1615 1462 128 les registres mortuaires de la susditte–

1044 1698 1555 144 paroisse de notre dame de l'assomption et

1038 1795 1491 147 ordonner en outre que la presente soit–

1040 1891 1514 147 jointe a notre precedente Remontrance

1034 1989 1544 145 en plainte rendue contre le nommé Etienne

1040 2081 1589 135 Tache dattée de ce jour et ferés bien au cap

1047 2169 1570 149 ce treize may mil sept cent soixante six

1026 2267 1276 151 signé à la minutte Dumesnil.

1224 2367 1364 133 Vu la presente nous ordonnons que le–

1028 2463 1499 125 cadavre dudit guillaume Tan sera–

1020 2539 1591 141 transporté dans le cimetiere de cette paroisse

1028 2631 1599 143 a leffet dy etre jnhumé ordonnons en outre que

1026 2715 1552 151 la presente demeurera jointe a la procedure

1038 2798 1579 156 par nous instruite a la requete du remontrant

1028 2901 1587 132 contre le nommé Tache Au Cap le treize may

1028 2978 1583 166 mil sept cent soixante six signé à la

1030 3109 642 110 minutte Esteve.

1934 3099 407 176 La Roque

498 3203 520 100 collationnée
