3872 3008
661 312 1299 107 faisant Route pour saint Louis, qu'un jnstant

666 394 1270 103 aprés Elle Entendit tirer un coup de pistolet,

673 477 1285 99 qu'Environ une demie heure aprés le nommé

665 533 1270 118 humbert Cobert dit Coutois vint chés Elle

671 616 1299 117 déposante, qu'il luy dit avoir trouvé dans son

631 680 1300 132 chemin, lesdits Thomy Et Gillet, que ledit

663 760 1282 127 Gillet luy avoit dit a luy Coutois que le

671 845 1250 110 nommé janson venoit de donner un coup

670 924 1310 115 de pistolet au nommé Thomy Et qu'Effectivement

661 997 1300 124 luy Coutois avoit vû du sang sur l'habit du

576 1076 1394 123 dit Thomy. qui Est tout ce qu'Elle a dit scavoir

785 1196 1180 112 Lecture a Elle faite de sa deposition a

680 1266 1281 119 dit jcelle contenir verité, y a persisté, a

675 1343 1261 100 declaré ne savoir signer de ce Enquise

668 1418 1300 96 suivant l'ordonnance. Et aprés qu'Elle a

665 1483 1290 109 requis salaire luy avons taxé la somme

676 1570 1292 106 de huit livres. signés a la minutte DEcopin Et

661 1676 567 88 Casamajor, Greffier.

1057 1754 901 99 Dudit jour premier septembre

1106 1843 857 98 mil sept cent dix neuf, au matin

700 1948 1268 100 Catherine Cogre, femme de humbert Cobert

678 2018 1287 107 dit Coutois, habitante de ce quartier Et paroisse

675 2108 1296 91 d'aquin y demeurant, agée d'Environ quarante

671 2164 1259 112 ans, laquelle aprés serment par Elle fait

671 2256 1300 95 de dire verité Et qu'Elle nous a dit n'Etre parente,

680 2329 1246 109 alliée, servante ni Domestique des partis

666 2401 1310 112 Et nous a representé l'exploit d'assignation

678 2478 1263 110 a Elle donnée par Graugé huissier le

668 2581 1295 89 trentieme du mois d'aoust dernier, pour

384 2022 95 68 2^e

2045 1081 291 88 # du coté

2413 282 1238 127 deposer a la requête dudit jean Thomy, Le

2473 377 789 90 procureur fiscal joint

2581 426 1103 132 Dépose sur les faits mentionnés En

2414 499 1274 136 la plainte Et nouvelle requête dudit jean

2423 576 1215 147 Thomy, desquelles luy avons fait lecture,

2421 653 1258 147 que le jour de Dimanche trentieme de

2414 746 1247 126 juillet dernier, Environ cinq heures du soir,

2419 807 1280 132 Etant assise sur les Bois de l'jndigotterie avec

2441 890 1255 136 ses enfans, ayant vû au grand chemin, Elle

2443 964 1245 148 apperçut les nommés Thomy Et Gillet qui

2426 1047 1252 127 venoient # de la Riviere donnante, faisant

2436 1116 1245 128 Route pour saint louis, que dans le même

2434 1188 1255 122 tems Elle vit un Cavalier qu'Elle ne coment

2431 1270 1223 135 point lequel venant du coté de S^t Louis,

2424 1346 1267 119 allois a la Remontre desdits Gillets Et Thomy,

2438 1410 1258 137 En sorte que s'Etant joint Elle Entendit tirer

2449 1497 1179 122 au Coup de pistolet, qu'Ensuite Elle

2449 1555 1247 176 apperçut lesdits Gillet Et Thomy qui present

2441 1659 1228 125 le chemin, de S^t Louis, au galop, qu'un

2453 1737 1245 144 quart d'heure aprés le nommé janson

2449 1814 1247 124 vint chés Elle qui luy demanda ou Etoit

2446 1896 1232 151 son mary Coutois, a quoy Elle deposante

2446 1983 1243 144 repondit qu'il Etoit chez Madame –

2458 2073 1230 137 queyrard, qu'Ensuite Elle déposante –

2453 2155 1248 112 demanda audit janson ce qu'il avoit fait

2461 2230 1252 124 Et que son mari luy avoit dit qu'il avoit

2464 2324 1222 122 donné un coup de pistolet a Thomy,

2469 2404 1247 124 que ledit janson luy repondit que cela

2466 2489 1262 126 n'Etoit point, mais que s'il avoit donné un

2469 2570 1254 142 coup de pistolet audit Thomy jl n'En
