3232 3672
1557 159 888 98 Extrait des minuttes du Greffe

1567 214 670 150 du siege royal du Cap

1273 345 1343 110 Information faite par nous Jean baptiste

1264 287 1334 263 Esteve conseiller du Roy senechal Juge civil

1264 477 1248 159 et criminel du siege royal du cap a la

1288 612 1267 119 requete du procureur du Roy de ce siege

1303 682 1222 128 procedant de son office demandeur et

1257 400 1231 505 accusateur contre le nommé Tache –

1279 862 1255 163 deffendeur accusé en execution de notre

1297 973 1151 113 ordonnance de ce jour a laquelle

1303 1067 1270 120 Information avons procedé ainsy

1294 1205 334 86 qu'il suit.

1135 1251 1463 165 Du treize may mil sept cent soixante six

1016 1389 722 116 cinq heures de relevée.

1254 1459 1280 126 Julien Roland agé de trente huit ans

1022 1533 1548 168 marchand en cette ville y demeurant derriere les

1022 1609 1613 190 Religieuses lequel aprés serment par luy fait

1040 1731 1540 153 de dire verité nous avoir déclaré netre parent

957 954 1623 1004 allié serviteur ni domestique des parties nous

1022 1783 1585 288 avoir representé lexploit dassignation a luy

1010 1998 1631 153 donné pour déposer a la requete dudit procureur

939 927 1690 1306 du roy ce jour par Lalliquet huissier de ce siege

1208 2148 1304 171 Dépose sur les faits Enoncés en la

948 1086 1668 1337 Remontrance en plainte du procureur du roy

1010 2380 1527 120 de ce jour dont Lecture luy a été faite par le

1010 2432 1597 169 greffier commis qu'avant lheure de deux heures–

1016 2552 1545 153 aprés midy de ce jour luy deposant ayant

954 1557 1604 1215 entendu dire qu'un homme avait été tué dun

1016 2760 1579 116 coup de pistolet chés un armurier dans la rue

1016 2833 1591 129 Espagnole Il y a acouru comme bien dautres–

1022 2937 1597 132 personnes, que lorsqu'il est arrivé dans cette

1025 3038 1558 116 Boutique il y a vu quon transportait –

1022 3096 1591 172 lhomme blessé dont Il Ignore le nom, de la
