2784 3592
359 293 1800 82 Bon à Bruler, celle du milieu au quart pleine de paille de ville du Sud

355 355 1377 88 au deux tiers pleine de Bagasse verte, toutes trois renversées

355 395 1750 131 plus la case à cabrouets, servant aussy de Boutique, l'hopital et vingt six

359 490 800 92 cases à negres entièrement renversés.

710 544 537 90 Suivent les cannes.

359 594 1798 108 de la nous nous sommes transporté dans le jardin, ou etant nous avons trouvé

351 662 1802 116 toutes les cannes, tant grandes que jeunes et rehettons de tout âge entièrement couchées

349 736 301 84 et carabinées.

349 784 1802 92 nous avons pareillement visité les Batiments qu'occuppent sur l'habitation le

347 848 1812 83 sieur moulin chirurgien, et avons trouvé sa cuisine et sa remise entièrement

355 905 1766 88 renversées, sa maison en plus grande partie découverte et panchée –

355 959 1798 96 de la nou nous sommes transporté à la Briquerie, et avons trouvé la maison

355 1025 1778 96 occuppée par nicolas Péan, les deux cases à Briques entièrement renversées,

349 1081 1796 104 le fourneau à chaux détruit, dans lequel le dit sieur De Villedroüin à

359 1143 1802 98 déclaré y avoir perdu environ deux cent Barils de chaux, ainsi que le

355 1201 1792 106 tambour, de fer qui servait à la gueule du dit fournau, qui ont été entrainés

355 1289 499 77 par le débordement

363 1329 1804 107 qui sont tous les dommages que nous avons remarqué sur la ditte principalle

351 1392 1812 110 habitation, nous déclarant en outre le dit sieur De Villedroüin avoir trouvé

357 1454 1806 112 sous les ruines d'une des cases à Bagasse une vache ecrasée, une gazelle d'environ

361 1518 1744 104 dix mois et un poulin de deux mois noyé dans la Savane, dont acte

371 1586 1790 110 fait et passé sur la ditte présente habitation le jour et an que devant

355 1658 1808 92 en présence du sieur jean durocher habitant voisin, du sieur jean moulin –

351 1714 1804 103 chirurgien et des sieurs nicolas peau maçon et fouquet charpentier lesquels ont signé

359 1770 1491 111 avec le dit sieur requerant après lecture et nous notaire sous signé

375 1829 1778 148 ainsi signé a la minute fredmeau de villedrouin, J. du Rocheny

363 1929 1411 140 Moulin, Fouquet, Peau, et le Gouts no^re R –

337 2209 1810 85 Et le même jour au dit an deux heures de relevée, nous notaire susdit

357 2270 1790 82 et sous signé nous sommes transporté sur l'habitation de mondit S^r de

363 2332 1764 76 perrigny située au camp de la france, à même requisition et à mêmes fins

357 2388 1800 88 que dessus, ou etant a vous trouvé la maison principalle entièrement découverte,

343 2450 1798 88 la cuisine et l'hopital renversés, la sucrerie en Bon etat, la purgerie

341 2498 1798 114 au tiers, ou environ découverte et toutes les cases à negres, à l'exception

343 2592 435 82 de six renversées.

343 2642 1814 97 plus nous avons trouvé toutes les cannes grandes, jeunes et rejettons, à l'exception

353 2715 1620 74 des numeros huit et neuf totalement couchées et carabinées –

343 2773 1810 88 nous a de plus déclaré mon dit S^r De Villedroüin et le Sieur DeVilledroüin

345 2849 1808 78 son frere au nôme sur la ditte habitation, à ce present, que le nommé

339 2911 1812 86 jean Baptiste, negre de jardin, voulant sortir de sa case a eté emporté dans une

339 2975 1816 90 haie ou il a été trouvé mort le lendemain matin vingt huit du mois dernier,

498 3045 1653 90 qui sont tous les nommages et négres dutions trouvés et remarqués

357 3117 1786 95 sur les dittes deux habitations, dont et de quoy avons dressé sur les lieux
