2944 3672
1081 212 1591 98 Table et ledit sieur Tache fut du coté ou ledit

1077 297 1591 117 garçon de chaudronnier dont Il ne scait

1087 389 1573 129 pas le nom travaillait et luy deposant–

1077 469 1599 151 fut a la cuisine allumer sa pipe que pendant

1077 558 1595 145 quil allumait sa dite pipe Il Entendit

1079 638 1585 153 un coup darme partir dans la Boutique

1075 730 1595 151 quil courut aussitot dans ladite boutique Et

1079 834 1595 128 vit le sieur Tache quy crioit et se desesperoit

1069 928 1601 118 en disant Je suis malheureux et le garçon

1071 1013 1509 127 du chaudronnier quy crioit aussy quil Etoit

1062 1105 1602 141 blessé qu'il fut audit garçon quy Etoit pret

1075 1197 1587 139 a tomber a terre luy aida a se coucher sur

1079 1295 1571 147 une paillasse quy fut apportée a cet Effet

1071 1389 1607 147 que dans le meme moment les cris que faisait

1085 1495 1446 130 ledit sieur Tache dehors ayant attiré

1081 1593 1542 134 beaucoup de monde en la boutique pour

1089 1697 1593 122 voir la personne blessée, quelques personnes

1083 1787 1593 132 luy demanderent comment le coup setoit

1091 1889 1579 134 fait quil dit que cetoit un malheur quy

1075 1972 1579 149 étoit arrivé que luy ayant aussy été demandé

1075 2078 1585 141 sil avait eu quelques Discussion avec le

1089 2188 1518 135 sieur Tache, qu'il repondit que non–

1077 2297 1489 138 quau contraire Il navait jamais reçu

1081 2380 1561 172 que des biens faits de luy quil Etoit–

1091 2488 1551 164 jnnocent du malheur quy etoit arrivé et

1089 2605 1442 153 quil ny avait aucune faute a luy En

1091 2766 384 106 jmputer.

1258 2825 1337 120 Luy est tout ce quil a dit scavoir

1071 2915 1607 142 lecture a luy faite de sa déposition a dit

1081 3013 1595 149 quelle contient verité qu'il y persiste et à

1083 3108 1559 172 signé avec nous et le Greffier commis
