1914 2731
771 490 979 115 Par Sentence ou 27. 8^bre 1719.

737 594 1010 75 rendüe par Contumace: Mathieu Janson a

736 681 986 76 été condamné à être pendu en 300^lt de dommage

745 741 1002 82 ꝑ^a, en tous les dépens et le surplus de ses biens

733 829 995 70 acquis et confisqué au Domaine de la –

733 899 1000 84 Compagnie Royale de S^t Domingue, sur les

728 980 805 66 quels seroient pris 300^lt d'amende.

746 1054 984 80 Le quatre decembre suivant, cette condamnation

722 1124 597 79 a été éxecutée par Effigie.

534 1268 1175 108 Par l'Examen que nous avons fait de la plainte et des

537 1370 1185 85 procédures qui ont suivi; les preuves sur lesquelles la

529 1441 1178 88 sentence a été rendüe nous paroissent concluantes: Il est

525 1518 1156 91 prouvé que Janson avoit tiré un Coup de Pistolet à

517 1587 1119 86 Thomy, mais le Pistolet n'étoit chargé que de petit

513 1661 1168 94 Plomb et Thomy ne fut blessé que legérement. Tous

522 1740 1133 89 les crimes qui se commettent doivent-ils être punis

513 1819 1200 88 avec cette rigueur qui présume, toujours la plus mauvaise

514 1890 1170 94 intention.Si cet accusé eut été entendu, il eut sans–

509 1964 1184 93 doute allegué en sa faveur des circonstances qui eussent

511 2043 783 81 considerablement attenué son crime.

544 2105 1130 101 Circonstance rémarquable. Thomy étoit en –

497 2192 1162 85 Commerce d'adultére avec la femme de Janson⎀: ce

506 2328 1134 88 ⎀Réné Guyen convaincüe de mauvais commerce, désordre et scandale public,

497 2391 1163 85 condamnée par sentence du 30 may 1722 à être envoyée en france pour y être

497 2450 466 64 rasée et enfermée à perpétuité.
