3808 3040
674 310 917 81 qui Est tout ce qu'il a dit savoir.

711 385 1226 101 Lecture a luy faite de sa déposition a

662 477 1262 90 dit jcelle contenir verité y a persisté, a signé,

655 562 1186 76 Et aprés qu'il a requis salaire luy avons –

655 636 1282 90 taxé la somme de cinq livres. ainsi signés a la

655 712 1183 85 minutte humbert Cobert, DEcopin Et

643 788 588 110 Casamajor Greffier.

1025 933 760 125 Dudit jour aprés midy.

655 1069 1252 96 Nicolas Gillet, habitant demeurant

638 1153 1272 101 au quartier Et paroisse d'aquin, agé d'Environ

626 1244 1294 80 trente huit ans lequel aprés serment par luy

628 1313 1303 76 fait de dire verité Et qu'il nous a dit n'Etre parent,

641 1388 1249 76 allié, serviteur ni Domestique des parties, Et

630 1469 1260 81 nous a representé l'exploit d'assignation a

614 1552 1293 84 luy donnée par Grauger huissier le troisieme

560 1616 1345 84 du courant pour déposer a la requête de

601 1709 1308 76 jean Thomy, le procureur fiscal joint.

726 1812 1125 104 Dépose sur les faits mentionnés

608 1906 1304 86 En la plainte dudit jean Thomy, de laquelle

579 1986 1269 93 luy avons fait lecture, que le dimanche

544 2060 1356 83 trentieme de juillet dernier Revenant du

611 2148 1277 94 Bourg d'aquin En compagnie dudit Thomy

601 2224 1237 66 Etant par le travers de lhabitation du

603 2303 1273 93 nommé Coutois, luy deposant marchant

596 2394 1311 70 quinze pas ou Environ devant ledit Thomy

586 2462 1323 79 jl apperçut venir de loin un cavalier

576 2551 1290 98 le Chapeau Enfoncé sur les yeux Et

576 2627 1333 122 lorsqu'il fut auprés de luy jl le reconurent

372 1066 127 91 5^e

2402 334 1238 105 pour Etre janson, alors luy déposant se

2393 430 1249 83 Retourna en arriere dit a Thomy : voila

2412 508 1220 86 Janson, Et dans le moment il Entendit que

2390 597 1227 88 Janson dit a Thomy: gueux, pistolet a la

2326 677 1316 88 main. Et dans l'jnstant même ledit janson

2336 754 1291 95 tira son coup de pistolet de poche sur

2375 830 1279 87 ledit Thomy Et le Blessa au coté gauche,

2366 906 1261 98 Et sur le champ donné des deux a son

2368 989 1299 75 cheval et disparut faisant route du coté

2382 1069 1192 84 de chez la Guerard; que luy déposant

2370 1143 1257 91 conduisit ledit Thomy En sa maison, ou

2371 1224 1262 79 Etant arrivé il Envoya chercher le

2361 1310 1279 90 nommé Le Clerc chirurgien qui pensa

2360 1391 1280 86 ledit Thomy: Qui Est tout ce qu'il a dit

2358 1450 321 88 savoir.

2432 1538 1223 105 Lecture a luy faite de sa déposition

2382 1633 1270 86 a dit jcelle contenir verité, y a persisté, a

2358 1704 1274 89 signé Et aprés qu'il a requis salaire luy

2373 1775 1198 82 avons taxé la somme de huit livres.

2368 1857 1287 107 ainsi signés a la minutte Gillet. DEcopin.

2360 1954 733 96 Et Casamajor Greffier.

2789 2084 848 109 Du huitieme aoust mil

2770 2190 877 90 sept cent dix neuf, au matin.

2407 2300 1232 104 Edme Rossignol, habitant du quartier

2312 2383 1330 109 S^t George y demeurant, paroisse d'aquin, agé

2333 2457 1250 91 d'Environ quarante six ans, lequel aprés

2350 2524 1280 83 serment par lui fait de dire verité et qu'il

2366 2594 1200 93 nous a dit n'Etre parent, allié, serviteur ni

2105 2318 116 106 6^e
