3232 3664
1525 146 1028 132 Extrait des minuttes du greffe du

1521 248 733 112 siege Roÿal du Cap.

993 354 1599 142 Rapporé par moy chirurgien du Roy au cap

997 439 1509 143 que le treize may mil sept cent soixante

995 508 1548 145 six jay été mandé dans la rue Espagnolle

1004 594 1549 151 pour faire louverture de fey Mr Tan de

995 690 1589 134 son vivant armurier qui a été blessé dun coup

993 767 1587 163 darme a feu laquelle plaie est scituée a la

997 859 1581 162 partie moyenne et lateralle de la poitrine

1001 952 1591 161 au coté droit, aprés une exacte recherche

1012 1040 1586 179 jay trouvé que la balle a percé le raing

1008 1135 1592 169 droit et la partie charnue du Diaphragme

1006 1219 1610 171 elle à été se perdre dans le corps des vertebres

1016 1319 1562 166 du dos dont la moëlle à été lasée avec un

1008 1408 1519 196 epanchement de sang quy a été fait de

1006 1520 1523 159 louverture de la veine a Zigos, louverture

1006 1593 1572 192 desquels vaisseaux a donné lieu a un grand

1010 1685 1566 214 epancement dans la poitrine dou se sont

1012 1797 1503 191 ensuivis tous les accidens quy ont fait

1032 1901 1560 179 perir le blessé en sorte qu'on peut dire que

1018 1976 1590 197 la playe à été faite par une arme a feu et

1022 2080 1560 181 à été la seule et unique cause de sa mort

1050 2171 1514 200 fait au cap ledit jour et an que dessus

1050 2298 1314 175 Signé à la minutte Maisonneuve.

1861 2412 352 193 La Roque

513 2436 501 110 collationnée
