2784 3536
550 341 1550 91 lui Seroit tenû compte des réparations qu'il y feroit, ce dont

542 422 1607 88 M. Bart lors Gouverneur Général eût et a pleine connoissance.

650 497 1503 98 Le S^r De Perrigny ne craint pas d'avancer, Monseigneur,

536 563 1617 120 qu'il a dépensé plus de vingt mille livres du sien pour remettre

528 650 1629 98 touttes choses en l'état qui méritoit le lieu qu'il habitoit, dans la

526 718 1609 114 confiance qu'il lui seroit tenû compte de ses déboursés. lorsqu'il

534 797 1615 108 eût fini ses travaux il eût lieu de s'apercevoir que le S^r Intendant

526 874 1609 104 n'avoit pas dessein de le faire payer bien exactement; il s'en

530 950 1605 108 expliqua par écrit avec lui, et reçut une réponse très claire à

526 1025 1629 112 la date du 5. janvier 1763, dont copie cy-jointe, par laquelle

528 1094 1629 116 M^r De Clugny disoit n'avoir entendû lui faire rembourser que

530 1174 1599 104 les dépenses qui seroient jugées nécéssaires. Il avoit été fait

526 1247 1580 106 un devis par le S^r Lagueu De Laris Ingenieur du Roy de

520 1326 1609 100 l'ordre de M^rs Bart et de Clugny dès le 15. Janvier 1762

522 1402 1631 96 du mauvais état du susdit gouvernement, et des réparations

524 1477 1615 108 urgentes; mais il ne peut, Monseigneur, le mettre sous vos

516 1544 1641 117 yeux parce que tous les papiers qu'il avoit produits à l'intendance

508 1620 1651 116 pour le reglement de son compte de dépense, comme le dit compte

512 1701 1633 110 les pièces au soutien et le devis de l'ingénieur ont été perdus

516 1779 1641 104 dans le transport des papiers du Gouvernement et de l'jntendant

510 1850 1637 114 au Cap lors de l'arrivée de M. le Vicomte de Belsunce qui

514 1942 1617 102 y fixa sa résidence; ce qui est constaté par la lettre de M.

502 2015 1615 106 le Président de Bongars Intendant du 28. avril 1767, et par

506 2098 1590 102 le certifficat au pied de mon compte de dépenses signé de M.

504 2172 1633 114 Lagneau de Laris jngenieur du Roy en datte du 16. juin 1767.

520 2259 1584 98 Ce défaut de forme paroit avoir constamment arrêté tous

504 2333 1643 110 Mess^rs les administrateurs postérieurs à M. De Clugny, qui avec

502 2414 1574 94 la meilleure volonté du monde, et ayant eux-mêmes pleine

501 2483 1626 113 connoissance de la justice des demandes du S^r De Perrigny, n'ont

499 2565 1573 108 pas crû devoir prendre sur eux de mettre cette affaire à fin,

499 2644 1620 108 comme il couste par diverses lettres dont copies cy-jointes de

493 2730 1526 94 M^rs De Kerdisien Tremais, Duvinier De la Mahautiere,

493 2822 762 91 De Bongars et Peysac.

654 2905 1471 98 Il paroit pourtant par la lettre de l'ingénieur du 20

493 2993 1632 106 octobre 1768, dont copie cy-jointe, que la pièce la plus nécessaire

2597 1430 41 55 eu
