3872 3040
746 331 1162 104 Etoit point faché, mais Bien de ce qu'il

753 410 1264 94 Branloit Encore, qu'Ensuite ayant pris de

741 481 1262 105 l'Eau Et du feu jl s'En fut. qui Est tout

739 579 678 96 ce qu'Elle a dit savoir.

793 636 1213 117 Lecture a Elle faite de sa deposition a

746 724 1264 106 dit jcelle contenir verité, y a persisté Et

741 797 1233 106 a déclaré ne savoir Ecrire ni signer de ce

729 868 1237 118 Enquise suivant l'ordonnance. Et aprés

734 944 1269 116 qu'Elle a requis salaire luy avons taxé

731 1023 1265 120 la somme de huit livres. ainsi signés a la

738 1112 1216 104 minutte DEcopin Et Casamajor Greffier.

1126 1234 782 108 Dudit jour aprés midy.

742 1346 1199 118 Jean Baptiste Jordain, curateur aux

706 1403 1317 108 successions vaccantes de cette jurisdiction, demeurant

677 1477 1346 107 En ce quartier Et paroisse d'aquin, agé d'Environ

724 1545 1308 115 trente ans, lequel aprés serment par luy fait

729 1633 1284 91 de dire verité Et qu'il nous a dit a Etre parent

733 1702 1262 111 allié, serviteur ni Domestique des partis Et

729 1783 1283 98 nous a representé l'exploit d'assignation

728 1854 1299 133 a luy donné par Graugé huissier le trentieme

724 1940 1293 98 du mois d'aoust dernier, pour déposer a la

733 2018 1289 118 requête de jean Thomy, le procureur fiscal

729 2121 190 71 joint.

844 2138 1142 120 Depose sur les faits mentionnés En la

723 2229 1285 133 plainte Et nouvelle requête dudit jean Thomy

716 2310 1294 118 dequelles luy avons fait lecture, quil a

716 2379 1274 123 Entendu dire au nommé Gillet habitant

721 2457 1289 133 au quartier les anglois que j'En Revenant

723 2556 1324 100 un certain Dimanche qu'il ne peut cotter,

723 2644 1283 119 En compagnie dudit Thomy, aprés avoir

422 1373 229 91 3^e et od^ce

2434 381 1159 102 iceluy Gillet trouva par le travers de

2449 309 1167 104 quitté luy deposant au Bourg d'aquin,

2282 457 1419 107 l'habitation du nommé Coutois le nommé

2341 532 1338 119 janson qui donna un coup de pistolet

2409 604 1288 118 de poche audit Thomy, lequel marchoit

2361 743 1303 141 pas, qu'Ensuite ledit janson pris le galop

2424 677 1265 98 derriere luy Gillet Environ quinze ou vingt

2356 825 1345 137 En s'En fuyant du Coté de la Riviere d'aquin

2312 1001 1375 110 Lecture a luy faite de sa deposition a dit

2442 928 909 108 qui Est tout ce qu'il a dit savoir.

2422 1065 1230 140 jcelle contenir verité y a persisté, a signé, Et

2442 1133 1244 135 aprés qu'il a requis salaire luy avons taxé

2422 1200 1243 152 la somme de huit livres. ainsi signés a la

2432 1298 1265 120 minutte jordain. D'Ecopin Et Casamajor Greffier

2490 1440 1209 101 La minutte de la présente addition

2454 1520 1211 114 d'information Est cottée et paraphée au bas

2449 1587 1252 133 de chaque page par le juge Et Est Egalement

2442 1656 1252 130 signée en Bas de chacune d'jcelles par un

2441 1729 1216 125 témoin seulement le juge Et le Greffier, les

2447 1807 1249 138 deux autres témoins ayant declaré ne le savoir.

2439 2026 1265 144 pour sur ses conclusions Etre ordonné ce que

2711 1954 998 123 Soit Communiqué au procureur fiscal

2463 2100 1240 117 de droit. fait a aquin ce deuxieme septembre

2452 2176 1244 122 mil sept cent dix neuf. signé a la minutte

2441 2291 282 90 DEcopin.

2643 2350 1054 117 ⟦Vû l'addition d'jnformation cy⟧

2449 2452 1257 98 ⟦dessus Etf aux autres parts, l'ordonnance⟧

2441 2533 1229 96 ⟦qu'Elle nous soit communiquée; je requiers⟧

2458 2602 1256 117 ⟦que la sentence de mort Renduë par le⟧

2142 2075 152 100 ord^ce
