3232 3856
400 796 510 157 Rf. Trois livres

908 295 1696 129 declaration ledit sieur Raffina a requis–

880 441 1741 130 ace a luy octroyé Cejourd'huy Treize may

887 584 1740 127 mil sept Cent soixante six et a signé

908 756 1734 109 a la minutte des présentes, restée a devienne

874 910 489 122 Lendemain ./.

1140 1032 334 195 Lacaze

1836 899 675 182 Devienne

895 1585 1756 184 Nous Jean Baptiste Esteve Conseiller du Roy Sénéchal

898 1707 1740 191 Juge Civil Et Criminel du siege Royal du Cap. Et

900 1829 1541 141 Lieutenant Général de l'amiraité dudit Lieu

919 1906 1584 178 Certiffions Et attestons à tous Ceux qu'il

915 2024 1697 173 appartiendra que M^es Lacaze et devienne dont

887 2135 1695 159 Les Signaturs sont cy dessus apposées, sont no^re–

910 2219 1706 165 du Roy de nôtre jurisdiction que ce sont leurs

904 2320 1740 182 veritables signatures Et que soy ÿ Est adjoutée–

955 2435 1606 165 Tant en jugement que hors, en temoignage–

915 2553 1665 161 de quoy nous avons delivré ces presentes Et à

908 2667 1743 160 jcelles fait appozer le sçeau de nôtre jurisdiction

913 2761 1744 184 Donné au Cap français en nôtre hôtel

900 2904 1680 174 Le dix septieme septembre mil sept cent

930 3054 628 125 soixante six. Q.

1573 3108 178 165 Esteve
