2528 3680
420 199 144 123 1779

499 284 233 167 Liberté

709 245 1632 182 Julienne Extrait des Régistres du Greffe du

1174 376 1192 149 Siège Royal de Cayenne et des minuttes

1210 496 1152 123 de Mê Constant Bataire Royal

885 697 1514 180 Suplie Humblement Sebastien Gourgeu

1417 610 850 126 à Cayenne –

880 800 1414 175 Habitant de Cette Colonie–

828 1104 1497 134 malheur de perdre sa femme. –

1100 948 1225 166 Disant que depuis qu'il à eû le –

897 1206 1496 155 Il a éssuyé des maladies Les plus dangereuses,

842 1357 1526 135 et n'a eu dautre Secours pendant ce temps –

840 1437 1542 163 que de la nommée Julienne sa negrésse esclave

830 1578 1552 167 creole de cette colonie âgée d'environ quarante

840 1758 1428 104 ans, qu'il n'a encore maintenant d'autres

838 1854 1477 145 secours pendant ⟦ce tems⟧ L'acableent –

842 1983 1483 155 de veillesse ou il se trouve, que de ladite

818 2148 1560 131 négresse, que par zéle, et comme conduitte veille

769 2279 1589 123 aux intérêts et conserve avec le plus d'économie que

744 2367 1514 180 possible soit le menage du supliant, comme je

771 2561 1591 135 voudrais reconnaître les bons Services et Soins

793 2668 1569 151 de cette négresse il à recours à votre Autorité

766 2792 403 121 Pour que./ –

983 2907 1365 182 Ce consideré Méssieurs il vous plaise

773 3074 1583 127 accorder la liberté au nommé Augustin mulatre

801 3197 1555 170 agé d'environ dix ans, fils de la ditte Julienne

2258 3382 70 34 1
