3232 4256
876 1383 120 107 jour,
1024 1368 152 97 ensorte
1235 1363 59 113 que
1352 1362 19 82 le
1399 1366 82 79 bien
1532 1354 36 92 du
1595 1357 128 90 service
1784 1363 25 66 et
1853 1340 114 109 Celuy
2010 1334 34 86 de
2065 1333 26 89 la
2143 1331 152 110 trouppe
2339 1341 97 92 exige

875 1501 247 99 absolument
1179 1494 27 84 le
1263 1487 139 103 retour
1475 1484 34 87 de
1568 1499 40 63 M.
1644 1473 178 93 enecher
1863 1464 27 103 le
1909 1463 95 106 plus
2032 1451 162 114 prompt
2244 1447 79 113 qu'il
2364 1448 64 76 sera

869 1626 153 125 possible
1093 1620 29 89 si
1158 1621 39 90 sa
1259 1603 203 122 mauvaise
1523 1596 112 105 sante
1690 1611 4 82 a
1732 1591 61 91 ete
1830 1586 188 111 retablie
2071 1589 79 104 par
2186 1567 63 99 lair
2295 1568 28 79 de
2345 1575 19 70 la
2402 1560 112 84 patrie

868 1769 27 102 de
910 1767 178 101 laquelle
1153 1760 88 87 dans
1271 1750 82 91 Cette
1403 1752 192 81 ocureme
1647 1728 33 101 il
1702 1732 46 88 est
1793 1737 4 80 a
1834 1714 199 106 souhaiter
2085 1702 86 101 qu'il
2210 1700 59 86 soit
2301 1702 168 82 revenu

870 1909 94 110 pour
1007 1909 52 103 que
1095 1908 85 96 vous
1216 1886 140 115 puissie
1399 1880 36 80 en
1473 1866 180 121 disposer;
1681 1877 36 76 ne
1753 1854 109 105 Croiez
1914 1858 92 109 pus,
2041 1844 231 99 Monsieur,
2307 1852 52 88 que
2386 1825 29 111 ce
2444 1828 59 102 que

878 2049 66 106 j'ay
1007 2035 209 88 l'honneur
1288 2029 34 84 de
1349 2031 79 77 vous
1486 2017 178 103 marquer
1736 2000 74 109 soit
1835 2002 104 104 pour
1979 1983 126 111 portes
2147 1992 119 90 aucun
2307 1969 200 114 prejudite

878 2196 7 66 a
928 2164 81 91 M.
1041 2163 190 89 Amman
1293 2146 35 92 de
1345 2139 183 93 l'accident
1597 2130 146 102 duquel
1789 2122 20 102 je
1833 2120 79 88 suis
1954 2114 225 101 vrayment
2220 2100 188 103 penetre.
2428 2109 91 71 mais

859 2298 160 104 Comme
1072 2318 20 87 je
1144 2313 36 69 me
1215 2285 134 79 trouve
1411 2268 100 120 apres
1539 2260 87 117 luy,
1644 2258 21 104 le
1685 2249 159 105 premier
1895 2241 125 121 officier
2057 2265 76 87 icy,
2187 2235 68 90 mon
2298 2223 86 99 Zele
2421 2234 35 65 et

908 2440 65 72 mon
1022 2423 111 94 devoir
1205 2407 203 114 mobligent
1463 2399 209 113 egalement
1752 2386 26 80 de
1797 2383 89 106 vous
1919 2372 195 110 prevenir,
2155 2367 147 103 quoique
2359 2359 87 62 vous

904 2561 151 102 pouvel
1103 2532 186 120 Compter
1343 2524 68 90 sur
1443 2524 82 91 tous
1585 2540 57 75 mes
1677 2510 104 92 soins
1817 2530 27 68 et
1902 2524 73 72 mon
2018 2482 212 120 efaclitude
2304 2478 149 92 autant

894 2695 61 103 que
1003 2707 44 68 ma
1119 2672 166 99 chetire
1348 2652 122 95 sante
1533 2659 36 86 me
1619 2643 19 115 le
1665 2641 265 115 permettra.

895 2799 73 139 J'ay
1009 2813 222 95 l'honneur
1283 2780 90 109 detre
1415 2778 5 97 &

1129 2896 291 117 Monsieur.
1581 2886 103 102 Votre
1720 2877 55 105 tres
1811 2870 185 110 humble
2050 2884 29 88 et
2107 2866 61 102 tres
2199 2856 206 118 obeisans
2436 2842 126 113 secitiur

914 3061 33 116 au
981 3037 62 138 fort
1077 3031 130 138 Royal
1242 3034 24 120 le
1300 3036 5 129 7
1319 3028 130 135 juillet
1484 3014 99 114 1750

1802 2988 122 135 Signe
2012 2981 151 132 Dupar

907 3182 25 92 je
957 3175 63 93 dois
1054 3178 84 79 vous
1164 3158 201 112 informer
1428 3158 253 86 Monsieur,
1729 3138 83 108 qu'il
1846 3147 41 86 est
1919 3130 78 105 deub
2052 3124 113 101 trente
2205 3122 114 98 conge
2346 3115 90 80 dans
2462 3113 25 77 la

891 3288 265 114 Compagnie,
1184 3277 96 99 ainsi
1339 3282 58 71 une
1440 3262 299 118 Cinquantaine
1813 3253 221 106 d'hommes
2069 3259 104 97 pour
2208 3263 4 85 y
2239 3232 197 111 satisfaire
2480 3252 17 58 et

906 3420 124 95 operer
1068 3418 34 75 en
1157 3414 107 83 meme
1310 3389 116 115 temps
1472 3381 27 101 le
1536 3376 173 111 Complet
1771 3392 3 95 a
1803 3374 68 113 peu
1901 3386 74 87 pres
2014 3381 34 62 ne
2103 3361 68 113 sera
2208 3370 107 103 point
2353 3357 27 77 de
2409 3350 60 108 trop

908 3519 68 95 par
1000 3503 167 105 locasion
1220 3498 31 76 de
1285 3493 60 83 M.
1363 3488 165 102 enecher

1424 3563 150 96 Pour
1642 3571 149 75 Copie

1394 3658 406 129 DeKarrer
