3008 3616
128 285 111 104 Vance
317 304 25 79 et
383 282 47 87 la

79 525 25 71 et
148 510 41 81 S^t
217 510 168 72 Denis

90 610 148 72 Rene
278 606 197 71 monnier

81 711 188 113 Enciron
319 711 133 102 Vingt

87 831 278 85 Bretagne

78 957 195 87 Domaine

79 1077 79 76 ume
220 1062 157 103 Jean

75 1284 216 86 Incorpore
342 1281 105 82 dans

92 1387 177 65 Départ
319 1378 41 70 de

79 1460 25 82 et
150 1455 238 85 deladitte

120 1681 137 84 allié

82 1878 177 84 françois
298 1895 196 79 Monpas

75 2086 79 95 Jean
194 2083 211 98 françoiss

94 2206 152 56 sertion
315 2202 109 61 pour

75 2302 63 77 our
191 2292 39 76 de
271 2287 112 81 son

72 2399 191 77 parison
308 2396 28 69 et
381 2400 112 76 qu'il

82 2559 33 120 Ce
156 2559 139 110 soldas
360 2587 0 69 a

82 2782 85 92 ad^e
191 2782 271 114 Compognie

94 2888 136 87 mars.

72 3002 104 101 sujet
244 3015 98 73 qu'a
397 3009 1 72 p

1053 323 137 80 avoir
1243 326 33 81 Le
1295 321 190 92 nommé
1531 321 85 94 Jean
1656 321 190 94 françois
1885 321 203 92 Monpas
2114 321 46 75 dit
2206 321 164 71 Dumas
2436 321 91 72 pour
2567 321 144 76 desertes

1046 411 102 94 s'il
1209 421 41 76 ne
1318 410 61 86 luy
1434 428 0 72 a
1481 414 75 81 pas
1597 409 68 97 été
1713 408 88 98 fait
1862 407 184 99 quelques
2100 419 184 80 mauvais
2311 403 408 93 Traittements,

1041 512 40 98 ou
1143 504 71 108 s'il
1268 511 39 79 ne
1339 502 70 116 luy
1456 517 0 101 a
1511 512 78 99 pas
1621 521 70 77 été
1738 502 141 90 retenu
1934 502 211 116 quelques
2184 502 133 116 choses
2356 502 24 114 de
2403 502 55 106 son
2497 507 110 99 prest

1030 617 0 80 a
1103 608 336 105 Repondu
1504 609 117 86 qu'il
1686 631 37 81 ne
1759 618 102 91 sçait
1927 621 73 80 pas
2058 636 95 76 quel
2218 630 102 87 motif
2371 624 0 77 a
2422 631 37 77 eû
2481 616 29 97 ce
2539 610 146 105 soldat

1043 731 0 75 a
1109 725 215 94 deserter,
1364 741 124 78 qu'il
1547 730 163 88 ignore
1776 724 117 95 qu'il
1946 730 85 76 luy
2064 740 58 57 ait
2168 735 66 76 été
2273 726 91 91 fait
2423 748 177 65 aucuns

1058 820 207 93 mauvais
1318 822 335 95 traittements
1733 845 60 71 n'y
1846 823 128 91 qu'on
2034 823 67 94 luy
2154 835 47 87 ait
2248 831 67 91 rien
2361 825 147 97 retenu
2555 827 47 93 de

1038 932 66 80 son
1149 926 160 82 prost.

992 1040 428 107 Interrogé
1453 1030 77 109 s'il
1580 1040 1 82 a
1631 1032 315 117 Connoissance
2013 1044 69 102 que
2148 1034 44 117 le
2225 1034 196 108 nommé
2479 1036 103 109 Jean

1020 1138 207 82 françois
1269 1137 219 87 monpas
1530 1142 50 81 dit
1621 1143 226 87 Dumas
1919 1153 54 73 ait
2040 1148 213 84 emporté
2307 1168 91 69 avec
2447 1168 121 68 luy–

1044 1238 245 98 quelques
1309 1239 140 97 Choses
1483 1239 29 85 de
1532 1242 50 91 ses
1663 1245 295 98 uniforme.

1011 1363 0 79 A
1127 1344 329 104 Repondu
1526 1343 111 111 qu'il
1689 1344 3 107 a
1751 1346 331 120 Connoissance
2149 1373 73 93 que
2274 1360 104 104 ledit
2438 1386 221 87 Dumas

1041 1483 52 65 n'a
1144 1480 84 72 rien
1261 1466 187 90 emporté
1494 1464 32 82 de
1558 1464 65 91 son
1681 1464 246 94 uniforme
1998 1494 129 67 ayain
2186 1482 142 80 laiysé
2386 1468 155 94 Letous
2593 1468 117 82 dans

1026 1552 29 100 sa
1116 1552 292 97 Chambre.

1023 1665 343 102 Interrogé
1413 1670 68 92 s'il
1540 1692 42 87 n'a
1620 1699 75 70 pas
1740 1700 74 79 ouy
1851 1685 152 99 former
2066 1696 120 87 audit
2241 1708 160 87 accusé
2448 1690 25 103 le
2512 1683 160 114 dessein

1033 1776 27 87 de
1101 1773 68 89 sa
1223 1774 246 90 Désertion
1530 1810 27 61 et
1612 1779 61 91 s'il
1727 1800 1 64 a
1788 1781 328 97 Connoissance
2190 1809 69 68 que
2313 1796 103 74 ledit
2490 1822 178 60 accusé

1029 1900 58 58 ait
1163 1900 64 52 été
1273 1886 181 82 Engage
1518 1892 81 65 par
1652 1884 180 73 d'autres
1873 1898 0 67 a
1937 1886 58 82 Ce
2048 1886 151 77 dessein

990 2008 0 58 a
1086 1978 328 95 Repondu
1477 1996 111 79 qu'il
1644 1998 41 77 n'a
1755 1980 195 99 jamais
2026 2005 78 74 ouy
2138 2000 146 77 parler
2346 1999 105 80 ledit
2506 2022 153 53 accusé

1027 2091 30 70 de
1106 2087 50 86 Ce
1217 2087 159 74 dessein
1456 2115 25 58 et
1536 2099 123 69 qu'il
1726 2110 37 61 n'a
1837 2088 110 84 nulle
1978 2090 282 85 Connoissance
2321 2115 215 60 qu'aucun
2610 2102 43 71 de

1013 2201 51 74 ses
1096 2201 312 75 Camarades
1457 2207 90 69 luy
1595 2210 35 60 en
1684 2204 129 66 ayent
1868 2202 178 74 parté,
2079 2205 89 68 non
2212 2204 100 71 plus
2362 2217 111 55 qu'il
2534 2217 49 51 na

1020 2316 184 72 Jamais
1261 2317 35 60 eu
1359 2317 195 63 aucunes
1600 2312 184 72 raisons
1823 2304 29 72 de
1881 2302 23 77 le
1944 2298 253 83 soubionner
2242 2300 35 78 de
2317 2295 40 83 Ce
2402 2294 156 76 desser

1005 2400 388 100 Interrogé
1450 2402 64 78 s'il
1557 2413 0 84 a
1614 2420 72 74 veu
1786 2412 142 75 monter
1993 2413 28 75 la
2063 2411 165 86 garde,
2263 2436 186 68 recevoir
2491 2418 24 87 le
2548 2434 108 68 prest

998 2530 46 103 et
1101 2517 140 116 passer
1297 2535 41 68 en
1379 2535 139 54 reveüe
1591 2511 106 120 ledit
1770 2512 82 116 Jean
1901 2510 187 110 fraançois
2129 2509 204 122 Monpas
2365 2511 41 117 dit
2455 2509 179 97 dumas

977 2634 1 63 A
1074 2625 293 87 Repondu
1421 2627 158 89 l'avoir
1640 2646 67 60 veu
1767 2643 134 73 passer
1955 2650 37 53 en
2034 2643 140 60 reveüe
2216 2633 25 85 la
2283 2633 115 86 veille
2447 2634 36 86 du
2508 2640 182 70 Depart

1018 2711 35 79 de
1080 2712 167 77 laditte
1303 2714 299 85 Compagnie
1657 2738 28 77 et
1734 2722 125 90 qu'il
1915 2724 152 96 n'avoit
2123 2726 111 96 point
2283 2732 63 90 veu
2380 2724 112 77 ledit
2533 2741 146 83 accusé

1031 2832 167 94 monter
1255 2834 37 99 la
1335 2832 182 99 garde,
1558 2834 45 92 n'y
1645 2834 175 101 recevoir
1869 2834 23 84 le
1919 2834 146 93 prest,
2101 2856 50 75 n'y
2195 2840 123 99 ayain
2383 2846 50 91 que
2477 2840 65 103 huis
2578 2841 130 102 jours

1016 2939 75 95 que
1153 2936 102 99 ledit
1303 2941 157 96 accusé
1508 2939 88 84 etoit
1644 2941 150 97 arrivé
1842 2941 109 89 dans
1986 2943 27 92 le
2040 2952 89 88 pais

1655 3038 266 106 quatrieme
1996 3032 117 108 page

1681 3110 156 139 dmp
