2912 4224
90 2210 26 73 ul

83 3494 0 73 1

809 755 93 87 par
950 729 104 133 luy
1111 722 226 139 presté
1445 711 93 131 de
1586 703 174 148 dire
1850 702 243 138 verité

781 970 212 76 Luy
1054 917 265 126 Avons
1486 917 317 125 demandé
1874 919 123 129 son
2076 965 106 80 nom
2296 953 44 92 et

807 1069 272 137 quallité
1144 1072 243 136 celluy
1443 1072 47 136 de
1537 1071 84 136 ses
1696 1089 140 116 pere
1930 1076 37 110 et
2033 1114 177 82 mere,
2276 1074 75 109 Le
2398 1078 121 111 lieu

812 1237 75 110 de
946 1234 502 122 sanaissance,
1490 1274 33 80 et
1607 1243 59 102 sa
1748 1232 453 117 Religion,

701 1440 1 147 A
897 1440 156 135 dit
1165 1459 74 118 se
1280 1488 217 98 nommer
1579 1483 196 95 pierre
1867 1464 259 110 Dorlé
2218 1476 94 101 dit

795 1637 84 98 du
930 1631 219 119 plessis
1317 1628 168 119 fils
1611 1642 59 108 de
1738 1647 311 100 pasquier
2142 1630 235 99 Borle

801 1812 30 96 et
930 1808 54 90 de
1052 1806 358 111 Catherine
1494 1806 267 111 philbert
1860 1804 69 99 de
1959 1804 61 97 la
2074 1811 183 94 place
2341 1804 99 96 des

792 1961 128 101 pere
997 1971 34 88 et
1117 1985 119 84 mere
1330 1959 188 122 natif,
1569 1957 68 115 de
1689 1954 358 113 Mondider
2115 1952 350 123 enpicardie

786 2152 79 76 de
899 2149 70 84 la
1012 2151 349 120 Religion
1448 2142 443 129 Catholique,
1944 2145 461 126 apostolique,

779 2269 49 118 Et
924 2270 521 131 Romaine,
1500 2310 41 87 et
1626 2301 242 123 sergent
1963 2300 50 105 de
2059 2309 60 95 la
2174 2319 407 116 Compagnie

797 2445 80 108 de
945 2460 330 101 Buttet,
1344 2460 166 101 dont
1609 2472 88 97 est
1789 2471 42 112 le
1882 2476 284 118 soldat
2257 2510 105 86 qui
2422 2510 96 83 est

802 2629 292 111 arresté
1183 2635 43 110 es
1315 2641 292 106 prisons
1738 2636 59 104 de
1878 2635 201 118 Cette
2168 2647 233 111 ville

692 2808 224 106 Luy
961 2802 313 112 Avous
1364 2790 314 121 demandé
1749 2805 101 99 s'il
1919 2799 360 116 Connoist,
2304 2815 65 107 le

756 2952 299 109 soldat
1175 2954 85 113 qui
1312 2956 68 119 est
1457 2966 239 112 arresté
1765 2982 43 101 es
1893 2972 257 111 prisons
2286 2969 69 119 de
2415 2963 137 125 Cette

787 3097 264 87 Ville.

730 3254 3 146 A
899 3229 116 168 dit
1103 3226 81 141 Le
1230 3226 362 148 Connoitre
1694 3261 135 103 pour
1909 3226 249 147 soldat
2248 3224 329 116 deladitte

777 3371 394 179 Compagnie
1283 3367 103 180 Luz
1449 3385 266 146 avoir
1802 3380 243 170 donné
2130 3367 105 183 son
2283 3367 205 145 prest
