3232 4256
929 536 168 103 Copie
1204 505 110 109 dela
1379 496 116 106 lettre
1589 487 43 92 du
1671 487 34 83 S^r
1765 487 173 93 dupare
2021 487 243 68 Lieutenant
2334 487 83 44 dera

909 664 165 111 seconde
1125 652 280 142 Compagnie
1493 634 46 88 du
1590 613 126 142 Reg^t
1765 603 134 138 siisse
1969 596 35 86 de
2036 582 145 114 Kanc
2262 600 5 69 a
2320 590 64 85 m.
2407 573 45 76 de

924 800 165 96 Kanee

950 937 286 110 Monsieur

933 1333 35 117 jl
1001 1334 9 114 y
1052 1335 7 92 a
1101 1319 49 93 uun
1203 1326 57 86 au
1339 1311 72 113 que
1446 1295 69 122 j'ay
1563 1296 40 85 eu
1676 1280 224 91 l'honneur
1970 1261 45 90 de
2053 1263 89 109 vous
2179 1265 105 105 ecrire
2348 1248 95 104 pour

939 1473 103 88 avoir
1102 1454 121 106 Celuy
1267 1451 36 86 de
1327 1445 97 98 vous
1453 1418 202 123 supplier
1729 1410 29 78 de
1782 1399 157 92 vouloir
1983 1394 75 89 bien
2134 1393 43 90 me
2217 1384 168 92 procurer
2435 1376 40 73 un

924 1588 127 130 Conge
1107 1589 104 117 pour
1269 1561 214 133 Repasser
1515 1571 34 97 en
1595 1541 114 133 frauce
1786 1525 87 123 afin
1912 1538 62 105 que
2003 1534 26 109 je
2057 1506 132 134 puisse
2237 1506 42 76 me
2301 1506 123 71 rendue
2446 1483 87 85 chel

967 1734 90 103 moy
1106 1718 197 92 terminer
1379 1695 56 105 des
1464 1685 160 111 affaires
1685 1667 32 95 de
1755 1653 154 114 famille
1978 1648 60 103 qui
2085 1649 45 64 me
2161 1625 84 89 sons
2276 1624 37 74 de
2332 1610 26 92 la
2394 1608 148 84 derniere

950 1847 321 111 Consequene,
1303 1846 29 91 je
1364 1827 87 104 vous
1474 1832 68 87 prie
1597 1807 85 96 dont
1717 1820 29 78 en
1794 1801 140 101 grace,
1973 1767 256 106 Monsieur,
2268 1754 124 95 d'avoir
2436 1742 81 112 egan

966 2001 5 75 a
1021 1986 44 84 ma
1102 1971 99 92 juste
1251 1955 236 94 demande.

968 2107 34 111 je
1042 2107 91 96 n'ay
1174 2091 81 112 pas
1303 2065 115 127 tesse
1476 2054 89 107 d'etre
1616 2046 276 88 inommode
1959 2021 146 116 depuis
2131 2002 49 109 dix
2215 1999 78 88 huit
2330 2006 86 74 mois
2460 1988 54 101 que

989 2240 75 94 j'ay
1090 2231 65 93 ete
1189 2208 164 95 releve
1403 2188 44 119 de
1467 2181 65 121 p^te
1560 2176 98 112 Luie
1730 2174 80 74 avec
1872 2181 71 67 mon
1989 2140 309 97 detachement,
2326 2135 22 99 je
2377 2147 29 55 ne
2435 2132 81 81 suis

1003 2365 104 85 meme
1161 2360 56 88 que
1263 2338 36 92 de
1338 2326 139 95 retour
1544 2315 62 101 des
1634 2315 143 85 Bams
1821 2287 128 93 chaud
2004 2276 35 84 de
2074 2267 82 96 Cette
2191 2260 59 104 ple
2308 2271 39 74 ou
2377 2261 128 85 janois
2527 2232 59 94 ete

983 2498 104 112 pour
1169 2490 46 105 me
1258 2477 157 115 guerrir
1470 2446 50 97 s'il
1557 2434 91 118 etoit
1682 2421 156 135 possible
1902 2414 77 77 dun
2027 2377 335 122 Rhumatisme
2408 2364 147 131 affieux

997 2607 153 119 duquel
1187 2612 25 100 je
1255 2592 138 114 souffre
1453 2579 159 107 toujours
1674 2561 135 107 ayant
1848 2541 67 81 ete
1956 2546 58 67 peu
2054 2522 174 108 soulage
2282 2513 52 80 des
2367 2504 82 94 eaux
2519 2509 4 57 a

1028 2759 60 74 mon
1132 2726 174 95 retour,
1334 2699 275 100 Monsieur,
1668 2687 92 83 dans
1796 2671 83 88 Cette
1937 2663 229 86 garnison,
2194 2645 56 90 jay
2278 2629 147 96 trouve
2462 2632 95 77 M.

1010 2863 178 106 amman
1251 2840 91 97 notre
1380 2830 85 102 cher
1519 2808 320 109 Commandant
1906 2795 97 89 dans
2053 2797 41 72 un
2141 2766 89 94 bien
2273 2747 96 104 triste
2419 2743 95 90 etat

998 2997 84 131 par
1117 2985 36 97 la
1210 2969 109 134 suite
1400 2943 257 133 delallaque
1739 2912 255 149 d'apoplexie
2050 2891 92 137 qu'il
2179 2905 11 115 a
2225 2890 134 127 essuye
2410 2881 159 112 dequoi-

1030 3151 40 70 M.
1111 3122 117 96 Rong
1288 3128 7 80 a
1342 3112 40 79 eu
1443 3092 219 98 l'honneur
1741 3071 42 85 de
1803 3071 88 86 vous
1919 3057 128 85 rendre
2089 3035 156 100 Compte
2294 3024 173 97 pendant
2511 3025 65 66 mon

1024 3245 191 105 absence,
1252 3222 97 110 Cette
1421 3202 173 104 maladie
1648 3192 75 106 luy
1762 3206 6 75 a
1824 3168 245 103 totalement
2126 3154 61 88 ote
2220 3139 56 113 les
2292 3144 117 106 forces
2435 3148 30 71 et
2490 3122 31 97 lu
2537 3123 72 97 sage

1028 3395 55 97 des
1113 3374 191 113 jambes,
1346 3364 115 89 meme
1520 3337 40 101 de
1574 3332 38 104 la
1664 3319 131 107 teste,
1825 3317 31 96 il
1885 3303 146 97 decline
2100 3308 7 83 a
2130 3306 66 75 vue
2251 3262 120 102 deuil
2404 3274 28 75 et
2464 3259 136 93 chaque
