3008 4224
51 755 111 77 ieve

77 1058 97 114 nde

56 1856 142 114 faire

76 2868 127 90 ccou

85 3004 0 91 e

57 3292 128 134 Cinq

74 3476 219 121 eveux,

873 736 276 127 Bruns
1267 751 163 111 gros
1556 720 154 127 ails
1828 710 42 136 et
1922 704 201 129 fasde
2213 704 303 124 plaine,

893 923 3 82 a
969 903 122 119 agé
1172 913 71 103 de
1307 892 206 119 vingt
1596 907 198 84 ans,
1841 872 249 125 lequel
2199 888 187 92 apres

895 1056 305 129 serment
1287 1054 134 121 par
1500 1046 109 132 luy
1703 1046 225 129 presté
2006 1043 64 111 de
2131 1060 188 88 dire
2381 1049 311 106 verité,

881 1227 141 132 Luy
1086 1227 310 130 Avons
1488 1221 319 130 demandé
1871 1228 122 119 son
2076 1243 104 87 nom
2255 1254 37 97 et
2367 1239 289 112 quallité

891 1392 254 126 Celluy
1204 1394 53 110 de
1300 1403 305 107 sespere
1682 1403 36 81 et
1795 1383 201 111 mere,
2030 1378 44 111 le
2108 1377 105 125 lieu
2316 1387 62 93 de
2429 1403 53 77 sa

912 1548 319 108 naissance
1318 1551 33 96 et
1453 1547 57 92 de
1557 1552 56 90 sa
1676 1532 359 117 religion,

872 1708 1 90 a
972 1688 105 137 dit
1155 1675 42 144 se
1246 1675 227 143 nommer
1551 1668 215 147 Joseph
1856 1662 206 142 Comte
2150 1656 104 125 dit
2302 1666 54 136 la
2415 1648 313 149 jrophlée.

904 1823 159 114 Fils
1151 1850 95 83 de
1341 1819 208 117 Pierre
1629 1828 278 105 Conte,
1962 1832 33 99 et
2105 1818 57 101 de
2258 1841 135 85 anne

915 1981 357 102 dauteau,
1311 1983 100 102 ses
1489 1997 124 83 pere
1690 1993 31 80 et
1798 1986 124 95 mere
2022 1966 140 115 natif
2239 1972 47 86 de
2332 1967 287 99 soulliers

906 2110 235 114 Eveché
1230 2113 56 108 de
1343 2115 275 107 toulon,
1650 2104 57 115 de
1747 2104 49 108 la
1844 2109 251 110 religion
2167 2102 453 117 Catholique

914 2252 371 108 apostolique
1351 2266 32 85 et
1464 2251 431 100 Romaine,
1954 2236 249 113 soldat
2300 2234 62 103 de
2383 2234 46 96 la

917 2383 427 112 Compagnie
1451 2367 79 119 du
1578 2367 139 119 sieur
1799 2363 323 118 Buttet,
2163 2365 129 111 dont
2359 2378 68 73 est
2493 2366 45 83 le

919 2540 262 102 soldat
1278 2548 232 94 arresté
1583 2530 39 107 es
1696 2523 240 106 prisons
2059 2521 64 99 de
2209 2517 167 90 Cette
2457 2510 181 99 ville

929 2709 31 74 et
1047 2691 206 101 accusé
1303 2686 67 92 de
1443 2677 382 109 desertion,

915 2825 132 117 Luy
1104 2839 271 100 Avons
1539 2817 279 119 demandé
1894 2816 88 108 s'il
2045 2814 355 111 Connoist,
2447 2812 43 102 le

916 2977 248 117 soldat
1258 3008 77 83 qui
1403 2990 68 104 est
1539 2973 316 122 arresté,

918 3130 1 104 A
1037 3128 105 98 dit
1221 3124 80 105 Le
1340 3124 352 113 Connoitre
1786 3124 129 104 pour
2001 3121 256 103 soldat
2360 3109 64 106 de
2463 3102 216 110 ladite

928 3278 408 108 Compagnie
1445 3265 220 114 L'avoir
1741 3261 104 112 vû
1938 3264 228 101 passer
2251 3273 56 76 en
2369 3270 204 87 reveue

944 3449 28 89 et
1056 3436 187 116 monter
1309 3427 47 124 la
1403 3413 254 134 garde,
1692 3421 30 112 et
1786 3428 114 114 qu'il
1983 3400 76 121 se
2103 3400 200 133 nommé
2347 3393 218 135 simeon
