3136 3624
698 291 115 79 bien
878 281 275 92 considere
1225 287 131 99 après
1396 297 119 92 avoir
1585 295 133 99 jugé
1765 303 37 93 de
1830 309 30 80 la
1917 293 210 103 validité
2205 304 52 88 de

693 389 388 94 l'engagement
1141 387 45 80 du
1225 390 226 86 nommé
1512 393 107 98 Jean
1667 396 203 93 françois
1955 396 245 98 Monpas

689 475 45 89 dit
799 485 198 81 Dumas
1078 477 170 97 soldat
1298 479 38 104 de
1357 479 30 102 la
1452 481 316 106 Compagnie
1827 493 38 95 de
1908 485 249 103 Coulons,
2187 514 132 70 nous

654 602 70 69 Le
765 604 241 73 trouvons
1059 600 225 78 duement
1365 606 165 84 attenu
1582 626 24 66 et
1652 608 290 87 Conmaincus
1977 613 47 85 du
2076 632 183 63 Crime

232 667 77 105 pour
348 674 274 106 reparation
687 686 48 92 de
804 672 233 112 désertion
1130 677 139 109 nous
1314 693 258 102 Concluons
1639 705 119 98 pour
1810 702 33 96 le
1895 696 141 110 Roy
2096 705 2 87 a
2150 694 49 115 Ce
2243 697 72 108 que

676 794 130 95 Ledit
882 800 122 90 Jean
1057 795 222 109 françois
1324 800 229 108 Monpas
1591 799 39 109 dit
1691 804 213 108 Dumas
1958 801 68 111 soit
2064 807 275 100 Condamne

670 922 0 72 a
729 916 86 89 etre
894 924 119 86 passe
1066 917 73 93 par
1192 914 66 86 les
1297 920 159 78 armes
1502 916 198 87 jusqu'a
1753 921 40 89 ce
1833 930 79 82 que
1985 920 105 80 moit

266 1020 56 114 de
407 1017 215 122 massip
681 1016 231 104 (Ensiine
983 1046 35 76 et
1071 1035 159 100 qu'au
1273 1016 187 119 deffaut
1512 1022 36 95 de
1592 1020 35 105 sa
1680 1037 221 90 personne
1972 1025 35 95 la
2050 1009 213 112 sentence

691 1126 149 91 contre
897 1131 92 80 luy
1039 1125 156 86 rendüe
1259 1128 85 88 par
1400 1143 29 67 le
1479 1143 170 78 Conseil
1713 1127 35 99 de
1791 1135 148 95 guerre
2010 1127 78 103 soit
2145 1127 85 80 lüe

682 1246 27 73 et
743 1226 198 95 publiée
1009 1226 0 78 a
1063 1226 35 78 la
1166 1227 109 99 Teste
1356 1238 62 78 des
1458 1234 218 83 troupes
1731 1240 82 88 qui
1847 1236 136 92 seront
2037 1232 109 96 pour
2180 1231 68 75 cet

684 1340 102 111 effit
879 1328 102 122 mises
1032 1342 43 91 en
1126 1328 246 123 Bataille
1448 1330 128 122 fait
1644 1356 51 99 au
1728 1337 94 118 fort
1881 1334 43 112 S^t
1975 1337 144 93 Loüis
2170 1330 68 94 Ce

671 1441 266 113 deuxieme
1008 1449 101 105 jour
1172 1441 39 106 du
1266 1467 86 85 mois
1399 1464 31 87 de
1477 1452 109 85 may
1641 1449 24 94 de
1704 1449 179 98 l'anée
1954 1447 78 111 mil
2079 1450 86 110 sept
2212 1451 109 108 cent

663 1548 176 104 trente
904 1550 102 95 un,
1034 1573 154 85 signé
1246 1554 37 105 de
1332 1574 277 87 Massip.

234 772 256 61 d'Iceluy.

220 865 262 86 aprouvé
536 867 40 77 le

217 962 248 80 renvoie

1239 3012 197 121 vnzieme
1473 3027 108 109 page

1303 3135 152 82 dmp

2453 714 68 127 des^.
2540 714 261 143 Domingue

2853 1923 0 63 0

2859 2233 3 67 a

2865 2339 1 82 m

2855 2447 0 94 9

2854 2536 63 70 ces

2831 2626 83 90 D.

2857 2745 3 58 A

2857 2810 45 105 de

2823 2948 3 62 A

2829 3057 88 71 non
