4069 2799
476 379 97 75 apres
622 382 59 73 moy
741 377 91 77 pour
903 378 340 82 l'arrangemant
1292 388 32 69 de
1373 386 87 68 tout
1518 410 67 48 mon
1642 411 143 55 avoir,
1804 401 148 66 ensuitte

472 450 23 62 il
540 455 193 78 reviendra
796 457 85 66 avec
915 469 0 58 a
944 457 46 71 les
1039 467 116 62 autres
1192 461 275 86 domestiques
1511 484 70 64 par
1618 470 25 74 le
1692 475 166 80 Carosse,
1885 478 75 73 pour

485 551 85 62 moy,
593 536 23 78 je
661 537 187 65 m'enirai
905 544 86 53 avec
1051 542 212 87 Toulouse,
1295 559 201 68 parisieu
1545 565 30 60 et
1619 569 42 54 un
1710 561 132 80 valet,
1863 561 127 82 j'ensera

463 613 70 80 bien
591 620 116 79 assez.
765 618 70 84 j'ai
870 636 93 65 receu
1027 625 105 74 votre
1177 626 106 78 lettre
1339 628 37 79 du
1432 630 43 77 S^r
1531 632 37 76 du
1618 646 187 73 courant,
1833 660 24 56 je
1891 661 59 61 vous

470 715 72 68 prie
602 711 27 68 de
689 714 77 69 dire
815 727 0 62 a
881 723 82 51 M^r
1045 716 106 78 doisy
1187 719 29 75 et
1258 731 62 59 aux
1373 727 117 71 autres
1537 725 145 75 Dames
1718 729 35 67 de
1789 729 41 64 nos
1877 744 95 53 amies

472 793 165 80 combien
685 801 25 72 je
764 793 73 75 suis
892 793 164 80 sonsible
1111 818 0 38 a
1178 797 30 83 la
1257 803 91 73 part
1403 803 153 75 qu'elles
1597 816 148 64 veulent
1791 812 75 72 bien

463 874 146 70 prendre
661 893 17 40 a
731 892 58 53 mon
841 875 99 75 sort,
992 878 93 79 ainsi
1137 899 65 58 qu'a
1247 883 77 65 M^r
1369 884 31 59 de
1450 885 217 80 Barailli,
1700 891 136 73 j'aurai

470 967 245 62 incessament
788 957 221 72 l'honneur
1071 965 35 57 de
1169 966 49 60 les
1260 974 222 67 remercier
1553 988 76 53 moy
1675 995 138 59 meme.

475 1041 57 78 j'ai
560 1069 97 50 receu
719 1073 68 50 une
850 1054 102 66 lettre
998 1058 34 60 de
1089 1055 98 73 M^re
1213 1057 37 70 de
1309 1066 271 83 Bmande,
1605 1075 36 77 je
1690 1086 53 64 n'ai
1780 1100 66 58 pas
1877 1099 20 60 le

455 1136 84 70 tems
595 1130 45 79 d'y
680 1129 168 82 repondre
904 1135 45 81 n'y
1000 1143 0 59 a
1056 1139 75 66 bien
1195 1142 188 74 d'autres,
1432 1149 25 68 je
1487 1153 83 76 vais
1622 1161 81 75 donc
1746 1181 86 59 vous
1864 1182 102 65 revoir

456 1232 64 56 cest
561 1236 24 62 ce
638 1230 53 76 qui
738 1225 35 55 me
831 1220 65 76 doit
943 1226 173 69 consoler
1177 1230 38 69 de
1282 1234 80 72 tous
1417 1252 121 61 autres
1587 1246 225 95 evenements
1845 1280 136 65 puisque

454 1312 29 68 je
520 1299 69 85 suis
637 1304 57 78 sur
749 1304 34 63 de
832 1305 101 67 votre
988 1321 95 65 ceur
1131 1318 25 60 et
1214 1320 31 67 de
1281 1328 69 73 vos
1396 1326 238 82 sentiments
1677 1349 93 68 ainsi
1813 1359 63 63 que
1912 1359 30 59 de

448 1390 79 62 ceux
578 1376 27 68 de
656 1378 33 68 la
747 1380 103 91 chere
901 1387 105 87 sur
1057 1398 62 82 que
1159 1400 174 88 j'aime,
1367 1415 37 71 je
1438 1415 96 75 vous
1575 1426 191 80 embrasse
1816 1441 41 68 en
1887 1442 93 71 Espoit

452 1473 35 56 en
540 1465 192 68 attendant
783 1481 66 55 une
888 1481 170 63 realite
1102 1491 32 70 et
1172 1495 91 67 vous
1310 1497 121 88 assure
1479 1514 68 75 que
1595 1516 80 80 rien
1728 1523 167 78 negalera

457 1560 149 60 jamais
664 1558 63 52 mon
790 1560 140 71 amitie
964 1567 92 64 pour
1103 1577 105 60 vous.

454 1649 23 58 je
514 1651 28 54 ne
584 1638 93 75 crois
724 1655 72 64 pas
838 1661 55 60 que
942 1654 72 59 M^r
1060 1660 149 65 arbaud
1248 1667 31 58 et
1331 1668 68 60 M^r
1454 1674 150 67 charet
1676 1681 207 77 s'accorde,
1905 1705 26 53 ce

451 1726 45 80 qui
533 1721 237 86 prejudicera
831 1732 16 58 a
894 1735 105 67 votre
1052 1744 130 82 Pere,
1218 1754 91 74 mais
1345 1757 43 85 je
1424 1760 47 86 n'y
1508 1768 81 74 peux
1643 1775 67 80 rien
1764 1777 39 82 de
1841 1778 96 83 plus.

450 1800 126 79 baisez
627 1806 115 77 chere
799 1813 77 72 M.
922 1826 99 61 Votre

1090 1836 3 122 9
