4013 2805
417 296 22 75 la
496 297 151 76 seconde
709 299 112 76 flotte
872 299 34 70 de
979 300 224 80 Bordeaux
1265 324 45 59 est
1366 315 175 66 arrive패e
1591 314 34 67 en
1675 311 91 75 rade
1804 310 91 76 hier

410 403 102 62 apres
555 395 117 72 midi,
715 411 27 45 on
801 407 64 49 m'a
924 400 129 71 assure패
1094 402 65 70 que
1207 414 48 41 ma
1351 403 182 64 bargne
1592 405 39 61 de
1687 409 44 63 vin
1794 422 1 51 y
1837 416 44 57 est

411 477 23 75 la
496 478 63 78 p^re
627 478 114 81 flotte
797 492 46 55 est
911 487 119 62 encore
1098 498 12 45 a
1172 487 278 66 Benaudet,
1484 493 63 62 elle
1597 503 35 49 ne
1687 492 160 79 tardera
1880 511 58 60 pas

415 570 91 76 sant
562 565 143 75 doute,
733 574 34 71 on
824 568 159 75 compte
1063 564 149 81 fauver
1285 564 290 80 L'aquilbon.

424 668 23 59 je
498 668 29 53 ne
585 668 40 59 me
677 652 114 81 soucie
866 658 104 75 point
1044 658 63 65 que
1171 658 28 57 la
1257 658 167 74 relation
1504 660 24 63 de
1583 668 48 69 ma
1704 662 82 69 feste
1831 662 30 67 de
1899 662 25 73 la

402 740 43 79 S^t
495 738 87 88 louis
644 742 68 87 soit
780 746 81 56 mise
917 741 106 61 dans
1078 740 25 69 le
1172 740 218 89 mereure,
1430 751 29 79 je
1505 746 78 83 suis
1630 749 218 83 cependant
1885 761 57 71 fort

406 833 71 62 aise
538 830 96 67 qu'on
705 822 26 71 la
797 823 142 69 trouve
1005 823 77 67 bien
1147 824 143 72 e패crite,
1324 829 26 64 il
1415 830 93 64 n'est
1556 833 73 68 pas
1678 840 209 68 necessaire
1921 841 23 69 de

418 906 180 71 nommer
662 899 82 70 M^r
802 900 29 78 de
883 903 193 79 pondel,
1126 908 183 80 pentitre
1371 931 65 58 que
1499 923 30 56 le
1580 914 199 75 ministre
1830 936 25 61 ne
1899 922 20 66 le

409 985 228 75 trouveroit
685 983 68 78 pas
801 1002 100 54 bon,
943 1002 64 49 car
1060 993 53 63 les
1169 996 228 72 meilleures
1449 998 150 69 choset
1645 1004 238 80 d'e패plaisent

403 1077 174 74 quelque
607 1067 68 83 fois
736 1068 93 77 dans
883 1071 52 61 les
988 1077 242 88 Bureaux,
1271 1094 76 67 par
1406 1080 51 72 les
1511 1089 259 80 mauvaires

406 1154 356 89 interpretations
811 1157 111 75 qu'on
1002 1168 0 56 y
1051 1157 160 84 donne,
1246 1162 95 89 vous
1393 1166 94 86 fere패s
1541 1164 63 88 sur
1639 1176 63 73 cela
1769 1190 142 66 comme

404 1236 87 73 vous
543 1227 156 78 voudre패s

412 1330 63 54 mes
511 1315 271 73 compliments
823 1328 26 63 et
891 1321 187 69 amitie패es
1129 1342 2 47 a
1191 1332 40 57 ma
1285 1329 112 70 Chere
1441 1330 106 75 belle
1607 1349 106 62 s콉ur
1743 1361 27 50 et
1826 1363 11 48 a
1888 1364 53 47 mes

413 1385 116 68 pieces
579 1397 28 59 et
662 1398 34 59 au
762 1386 73 74 Ch^r
905 1390 30 69 de
999 1396 203 75 Vienne,
1282 1410 118 78 aime패s
1464 1435 108 48 moy,
1613 1440 53 54 ma
1718 1425 120 77 chere
1868 1431 86 73 fille

427 1475 31 76 je
504 1473 30 70 ne
596 1479 100 68 cesse
758 1478 37 76 de
857 1480 140 78 penser
1060 1486 14 59 a
1130 1494 141 75 vous,
1316 1499 89 58 vous
1455 1500 113 80 deve패s
1611 1514 73 73 e팩tre
1728 1509 81 82 sure
1861 1517 29 67 de

412 1551 113 86 toutte
585 1554 53 93 ma
711 1553 293 97 tendresse.
