2129 2800
685 209 22 70 à
764 211 159 76 Paris
997 206 34 75 le
1094 206 39 68 31
1190 212 165 65 janvier
1412 216 119 61 1752
1605 217 73 75 Rüe
1740 212 36 80 du
1814 220 121 72 gendre

703 291 131 63 proche
888 288 34 69 S^t
971 287 156 69 Sulpice
1175 290 205 69 faubourg
1438 287 35 63 S^t
1521 294 166 61 germain

873 394 78 43 2.
1005 356 147 81 Piece
1211 351 139 80 cottée
1421 363 101 55 O.

513 496 78 61 n'ai
622 495 110 60 point
778 488 136 66 encore
971 491 63 75 eté
1069 495 179 68 présenté
1294 503 31 57 au
1372 499 230 75 ministre,
1632 502 84 63 mMa
1761 504 90 68 chere
1891 519 116 61 petitte

262 579 104 68 aoure
435 584 0 64 a
465 577 44 71 M^r
578 575 272 70 D'armentieres
900 586 39 60 est
989 589 35 50 de
1068 590 119 50 retour
1226 590 26 50 et
1309 589 37 60 me
1389 590 70 69 dira
1517 602 21 56 ce
1587 598 100 64 qu'il
1719 609 85 61 aura
1853 608 145 59 projetté

428 675 24 54 je
496 676 24 55 le
569 672 122 59 verrai
730 680 25 40 ce
828 663 107 61 matin
1008 664 55 67 s'il
1110 667 31 60 ne
1198 669 60 73 sort
1315 673 95 66 point
1471 679 61 63 car
1578 679 27 62 il
1647 694 46 56 est
1735 682 158 77 toujours
1925 701 36 57 en

414 749 116 76 l'air,
569 756 28 66 je
630 763 28 58 ne
697 752 72 77 suis
813 764 77 66 point
940 756 118 74 pressé
1101 757 34 61 de
1183 773 41 48 me
1272 763 173 61 montrer,
1477 769 24 50 je
1555 763 73 67 luis
1687 768 85 67 bien
1831 787 73 51 aise

416 838 243 63 auparavant
715 838 33 53 de
809 835 200 65 m'assurer
1065 837 62 58 une
1177 840 179 70 reception
1406 852 146 51 honete,
1574 847 71 68 car
1695 846 85 66 sans
1835 863 61 57 cela
1937 858 29 62 je

419 925 110 70 n'irois
562 941 98 56 point
726 923 11 62 à
786 920 27 60 la
884 920 115 63 cour.
1032 932 33 61 on
1109 922 104 78 parle
1267 922 34 58 de
1354 922 161 77 nommer
1573 938 214 65 quelsques
1842 934 127 60 cordons

391 1008 134 74 bleufs,
557 1010 29 73 je
629 1010 101 69 desire
785 1019 61 45 que
902 1015 77 70 mon
1024 1011 121 72 parent
1195 1011 0 56 y
1245 1011 39 57 ait
1345 1016 77 57 part
1467 1018 22 66 il
1528 1017 44 60 est
1616 1028 39 49 au
1710 1017 111 64 mieux
1866 1028 88 60 avec

401 1091 30 66 le
465 1085 60 72 Roi
589 1098 35 56 mn
687 1098 51 56 des
791 1082 100 66 villes
939 1087 26 51 de
1023 1089 115 49 M^re
1187 1082 25 56 La
1281 1082 153 66 Contesse
1479 1088 34 61 de
1578 1083 291 71 Rochechonars
1914 1099 93 54 denoit

407 1176 19 51 se
469 1177 108 51 marier
631 1178 2 50 a
689 1167 74 61 M^r
818 1178 29 53 Le
902 1159 102 62 Comte
1048 1155 29 64 de
1132 1157 25 77 la
1222 1158 192 77 feuillade
1475 1166 113 76 Riche
1632 1165 30 63 de
1710 1165 36 65 60
1811 1176 87 58 mille
1924 1174 102 70 livres

412 1256 22 56 de
468 1247 113 65 rente,
605 1241 21 67 il
676 1245 92 61 vient
818 1251 26 52 de
909 1253 118 50 mourir
1103 1248 117 46 avant
1286 1245 56 54 que
1392 1243 26 52 le
1478 1244 163 63 mariage
1686 1247 51 65 ait
1782 1254 47 62 été
1863 1244 82 72 fait

417 1316 18 69 ce
457 1322 59 62 qui
555 1312 41 77 est
647 1315 64 74 fort
779 1314 156 71 facheux
997 1316 83 67 pour
1141 1317 25 69 la
1221 1319 180 78 famille,
1434 1320 138 78 j'ignore
1623 1338 24 63 ce
1681 1338 64 63 qui
1790 1337 87 61 aura
1928 1336 47 63 eté

422 1413 65 61 fait
532 1418 1 56 a
569 1410 24 63 ce
643 1410 135 63 suset,
818 1416 24 44 je
901 1410 158 55 cherche,
1110 1411 36 50 ma
1211 1410 88 61 chere
1340 1409 124 64 enfant
1529 1414 60 51 par
1640 1409 73 51 tout
1769 1418 60 50 une
1875 1417 129 50 maison

429 1477 61 80 j'en
532 1477 149 78 voudrois
737 1487 54 46 une
853 1474 53 75 qui
958 1479 25 64 ne
1035 1483 25 69 fa
1118 1482 64 67 pas
1221 1471 38 63 au
1298 1472 109 72 dessus
1446 1470 25 56 de
1523 1471 77 66 deux
1658 1476 38 55 un
1728 1472 26 62 le
1805 1467 122 72 livres

449 1566 24 62 et
521 1560 1 62 a
581 1563 61 54 moi
696 1550 106 78 seul,
839 1546 160 82 j'aurai
1048 1546 22 63 de
1131 1562 21 49 la
1218 1558 94 56 peine
1366 1561 0 52 a
1421 1548 242 76 entrouver,
1701 1545 33 79 je
1772 1542 72 67 fais
1876 1541 154 73 chercher

438 1656 49 50 par
534 1643 93 54 tout,
664 1642 20 53 je
736 1656 30 44 ne
813 1645 88 46 veux
953 1638 78 51 rien
1093 1638 101 67 faire
1271 1638 34 58 au
1348 1638 67 59 dela
1473 1638 29 54 de
1555 1649 67 59 mes
1675 1638 207 70 facaltées,
1911 1651 67 55 vous

433 1720 96 74 senlet
581 1720 25 63 de
658 1720 90 62 toutte
813 1719 101 70 facon
1004 1716 213 70 Lembaras
1271 1719 95 66 dans
1419 1714 24 84 le
1496 1712 77 84 quel
1627 1732 23 63 je
1698 1732 47 58 me
1799 1722 148 64 trouve,
1977 1731 65 53 meis

419 1826 29 58 je
484 1812 98 67 ferai
624 1809 126 68 entorte
819 1807 33 53 de
932 1807 261 63 m'arranger
1257 1804 92 75 d'une
1403 1813 114 66 facon
1571 1813 60 52 qui
1668 1812 81 49 vous
1798 1818 76 55 sera

420 1911 221 56 agrearle,
663 1894 21 61 ce
726 1890 55 74 qui
829 1907 30 48 ne
931 1888 162 73 soperera
1151 1887 64 57 pas
1273 1886 78 61 sans
1410 1897 136 63 pene,
1575 1893 54 62 j'ai
1673 1897 83 63 receu
1814 1888 78 49 votre

415 1979 146 61 derniere
625 1970 101 69 lettre
780 1973 62 58 par
901 1969 31 70 la
986 1969 106 69 quelle
1142 1976 80 46 vous
1277 1974 35 50 me
1377 1973 155 63 marqués
1578 1967 100 57 avoir
1728 1975 100 53 recou
1878 1971 35 58 de

415 2048 161 87 bayonne
620 2047 27 66 et
685 2047 33 66 de
774 2045 143 74 paris,
941 2049 21 63 il
1018 2055 27 71 ne
1084 2045 57 86 sera
1199 2048 84 77 plus
1334 2051 148 77 quettion
1533 2056 58 58 que
1636 2040 205 68 d'emaener
1893 2047 51 77 icy

423 2144 16 69 ce
475 2137 58 74 qui
575 2138 74 51 nous
706 2136 70 54 sera
839 2133 221 67 necessairre
1102 2140 27 53 et
1165 2129 106 62 rendre
1324 2145 26 58 ce
1397 2128 53 74 qui
1492 2126 153 74 conteroit
1687 2133 58 68 trop
1787 2128 27 62 de
1856 2130 158 72 transport

418 2218 63 60 c'est
536 2221 18 56 ce
590 2216 50 62 que
690 2212 259 65 j'arrangerai
1009 2213 86 61 avec
1149 2208 82 53 M^r
1281 2207 159 64 Laxalde
1504 2214 155 57 monagé,
1695 2207 77 59 vous
1818 2210 22 48 et
1881 2205 100 60 portés

287 473 21 69 RE

209 528 111 67 (olesteion
339 534 23 66 ete
382 525 73 75 aablia)

307 569 14 39 DE

233 2475 61 0 3

232 2277 68 0 4

250 934 61 93 Prre

255 1703 47 10 1

425 2298 65 62 vous
531 2296 71 54 bien
658 2300 80 55 vous
788 2297 123 59 scavés
976 2296 145 55 ambien
1182 2303 23 51 je
1257 2300 74 54 vous
1383 2296 93 65 aime
1523 2310 23 51 et
1588 2298 5 63 a
1640 2299 117 62 quelle
1789 2301 103 56 point
1930 2302 37 56 est

439 2386 34 48 ma
516 2371 160 69 tendresse
723 2371 78 66 pour
843 2378 112 45 vous,
997 2383 112 52 aimés
1167 2377 91 53 moy,
1287 2367 24 66 et
1354 2366 149 70 noublies
1552 2366 149 54 jemais
1744 2370 87 62 votre
1869 2366 87 65 gros

419 2451 66 64 lait
540 2448 189 63 rembrasse
784 2455 29 55 ea
873 2445 99 56 chere
1027 2444 127 51 sœur,
1192 2446 23 49 et
1267 2444 75 60 fais
1393 2447 66 59 mes
1505 2441 173 64 respects
1725 2443 66 61 aux
1847 2437 131 66 dames

484 2524 133 64 aucoliés
666 2527 1 57 a
734 2532 74 56 tous
857 2534 55 52 not
966 2535 82 49 bons
1102 2520 128 52 amis,
1276 2521 54 55 bon
1375 2525 87 55 jour
1512 2518 45 56 ma
1598 2516 104 62 pertte
1743 2521 78 58 mler
1875 2516 23 59 je

426 2602 185 61 lembralle
658 2604 38 56 un
739 2599 142 63 mision
947 2594 29 65 de
1018 2594 81 60 gois
1142 2597 23 60 et
1236 2592 48 52 vis
1326 2607 33 37 li
1412 2607 52 44 bon
1506 2597 24 56 et
1563 2589 90 59 fidee
1710 2591 85 60 mary

1626 2647 214 78 Conflans
