2142 2770
894 189 150 81 Paris
1126 188 36 78 le
1232 193 42 77 14
1350 184 172 79 fevrier
1574 198 113 58 1752

1114 273 135 71 Piece
1313 261 160 80 Cottée
1566 261 1 69 O

485 381 59 92 'ai
602 397 106 76 receu
801 405 76 48 Ma
951 384 111 77 chete
1122 391 117 69 petitte
1313 420 117 50 Rene
1511 409 103 64 vôtre
1682 417 96 60 lettre
1846 407 35 73 du
1934 429 1 51 q

399 505 28 84 je
476 499 78 88 suis
605 498 78 75 bien
740 504 71 73 aise
868 508 53 75 que
984 497 33 64 la
1080 493 117 73 chere
1254 497 104 83 sœur
1421 493 58 86 soit
1536 502 110 76 guerie
1685 494 26 60 de
1762 493 32 61 la
1852 490 141 75 flaction

404 589 56 70 elle
514 594 28 58 ne
580 586 72 60 doit
706 584 61 65 pas
821 583 121 58 douter
1003 580 158 64 combien
1227 590 28 64 je
1331 577 137 77 l'aime
1523 581 291 65 tendrement,
1856 578 24 66 je
1922 573 73 70 suis

398 664 180 79 toujours
629 666 28 63 au
721 667 101 61 meme
868 670 100 71 point
1013 663 87 78 pour
1165 673 60 51 mes
1277 661 186 79 affaires,
1488 672 28 51 et
1567 667 28 56 ne
1633 668 120 65 verrai
1799 659 20 74 le
1884 657 153 78 ministre

399 766 113 57 qu'an
582 747 338 68 commencement
967 747 35 65 du
1059 746 198 71 Caresne,
1289 746 69 64 c'est
1410 756 39 50 un
1510 746 151 63 homme
1717 757 102 59 mené
1852 751 73 64 par
1972 756 49 58 ses

396 847 167 51 commis
619 843 25 55 il
690 845 25 45 ne
766 849 34 47 me
838 846 71 53 fera
962 836 156 57 jamais
1175 840 133 58 autant
1360 832 30 63 de
1455 832 77 72 bien
1606 833 97 68 qu'il
1759 839 57 61 m'a
1881 844 96 61 fait

395 926 32 75 de
488 930 69 60 mal
625 925 26 81 et
705 923 27 82 je
780 928 106 76 peuse
935 925 63 77 que
1041 921 19 57 je
1104 920 68 58 dois
1222 920 31 59 le
1309 923 192 80 regarder
1551 935 124 48 comme
1730 936 64 63 men
1842 936 89 62 plus
1973 935 99 65 grane

401 1009 176 77 ennemi,
639 1023 29 49 me
708 1010 108 67 voila
878 1009 80 71 dans
1009 1018 51 72 une
1110 1012 167 77 position
1333 1014 176 77 critique
1553 1026 30 65 et
1639 1015 291 80 déplaisante,
1969 1027 86 53 mais

402 1096 22 67 il
480 1096 38 67 me
569 1087 142 77 faudra
777 1088 116 63 tacher
950 1087 26 65 de
1044 1087 209 67 surmonter
1320 1090 48 76 les
1419 1089 225 79 obstacles.
1695 1092 75 73 nous
1821 1106 130 62 devons

405 1198 43 54 cet
484 1198 117 56 apres
653 1176 96 77 midy
800 1174 91 66 aller
932 1174 138 71 choisir
1132 1185 54 55 nos
1249 1172 169 77 meubles
1460 1173 95 60 chez
1618 1174 21 60 le
1696 1176 175 76 tapissier
1928 1188 64 55 mor

400 1257 26 80 de
497 1253 110 83 solar
671 1252 80 68 M^e
834 1252 170 72 Cliquet
1052 1258 24 58 et
1136 1257 66 64 moi
1280 1249 120 79 touttes
1461 1249 42 79 les
1557 1255 163 83 mesures
1772 1259 69 77 sont
1893 1268 116 66 prises

398 1366 23 49 il
476 1357 89 69 n'est
620 1351 100 75 plus
769 1351 173 75 question
1007 1351 62 75 que
1125 1351 55 55 des
1235 1351 172 50 couleurs
1457 1362 28 39 et
1545 1352 34 52 du
1656 1351 61 58 bon
1778 1351 166 67 marché

401 1434 113 62 quand
566 1437 76 57 nous
699 1420 130 77 serons
876 1431 187 59 convenus
1127 1421 22 64 le
1207 1422 86 56 reste
1362 1421 75 70 sera
1517 1423 160 68 bientot
1740 1425 76 78 fait
1874 1430 155 68 noublies

400 1533 63 62 pas
534 1515 220 64 mamant,
788 1514 27 63 de
873 1514 39 52 me
955 1509 72 78 dire
1082 1510 158 78 quelque
1265 1507 109 68 chose
1440 1503 208 82 dobligent
1690 1520 79 65 pour
1829 1500 69 66 M^e
1938 1500 118 78 Clignee

394 1602 67 64 elle
511 1609 1 48 a
572 1602 119 69 touttes
745 1599 102 72 sortes
912 1596 230 59 d'attentions
1177 1599 77 60 pour
1309 1597 56 53 moi
1411 1598 25 68 et
1467 1599 30 67 je
1543 1593 56 59 lui
1634 1603 26 50 ai
1695 1591 275 72 obligations.

380 1683 29 72 le
464 1681 175 74 mariage
691 1676 26 59 de
787 1672 166 64 L'axalde
1013 1676 41 58 est
1102 1671 172 63 arresté,
1328 1675 30 50 le
1417 1669 160 65 contract
1637 1669 24 62 de
1726 1668 149 81 mariage
1922 1668 60 81 sera

386 1763 71 68 fait
506 1764 192 65 demain,
726 1772 32 56 et
801 1758 21 59 il
871 1757 71 63 fait
996 1754 261 70 aujourdhuy
1317 1752 45 54 ses
1412 1759 135 50 visettes
1592 1763 30 42 de
1687 1755 90 56 noces
1832 1763 85 48 avec
1992 1763 0 44 –

378 1835 209 92 l'Eveque
642 1829 33 85 de
738 1828 185 94 tregnier
972 1826 24 70 et
1062 1825 59 72 M^r
1179 1822 52 96 son
1296 1824 104 98 frere
1465 1819 89 72 chez
1605 1817 30 93 de
1700 1815 155 99 grands
1898 1815 163 98 seigners

395 1932 158 61 parants
591 1934 26 51 et
654 1919 115 70 alliés
815 1918 26 64 de
898 1917 85 51 M^r
1040 1916 30 52 de
1123 1915 288 64 Rermorvau,
1455 1915 20 57 il
1519 1909 161 68 partira
1738 1908 93 70 dans
1875 1921 132 48 sautre

388 2016 169 75 semaine
602 2006 91 80 pour
745 2011 85 55 vous
876 1996 91 58 aller
1018 1991 222 68 chercher,
1281 1994 24 61 et
1353 1991 142 63 passera
1555 2003 0 58 a
1614 1996 181 71 qu'imper
1840 1991 74 62 voir
1964 1989 34 71 la

391 2091 238 75 pretendue,
670 2086 100 80 mais
815 2085 26 72 il
889 2085 25 71 ne
974 2083 219 77 l'éponsere
1260 2092 182 70 qu'apres
1485 2089 91 43 vous
1624 2090 97 56 avoir
1770 2094 153 58 ameué
1950 2094 64 58 icy

393 2179 26 61 it
469 2185 49 66 na
574 2190 72 61 pas
702 2167 181 82 manqué
928 2166 31 57 de
1021 2172 83 67 gens
1167 2168 59 74 qui
1265 2171 54 54 ont
1381 2159 48 67 dit
1486 2157 65 71 des
1585 2162 239 66 execrations
1863 2155 117 73 contre

667 247 46 67 158

779 261 24 55 E3

670 293 105 56 Bércrion

765 393 0 0 2

791 303 14 53 SE
822 297 31 70 MER

390 2262 78 62 M^r
524 2253 162 70 Laxarde
771 2248 86 66 mais
899 2248 28 69 il
974 2260 38 62 est
1070 2245 76 76 fort
1193 2247 167 72 jastifié
1402 2247 27 58 de
1487 2243 119 63 touttes
1658 2249 55 59 ses
1770 2242 226 71 calomnies

420 2339 2 80 a
482 2340 101 76 perse
633 2344 57 69 que
739 2332 91 68 vous
868 2339 29 65 ne
952 2331 158 80 pourrés
1177 2326 146 79 sauver
1384 2323 57 58 vos
1485 2322 214 61 indiennes
1743 2334 36 66 en
1821 2328 120 72 pieces

392 2428 97 74 qu'en
541 2418 54 79 les
647 2416 163 80 faisant
875 2416 106 72 mettre
1040 2406 97 66 entre
1190 2404 85 64 deux
1346 2402 117 71 toilles
1512 2399 201 79 piequeés,
1745 2409 51 71 vos
1839 2403 167 74 femmes

382 2512 34 51 de
466 2500 179 66 chambre
695 2513 29 41 on
775 2497 160 65 pouront
990 2493 118 60 avoir
1172 2491 151 59 chacan
1389 2496 70 47 un,
1496 2489 104 56 ainsi
1664 2489 122 59 quatre
1823 2485 169 63 cotillons

387 2589 187 67 jauveront
628 2589 2 57 a
667 2577 25 76 ce
735 2576 58 76 que
835 2588 36 63 je
931 2572 86 65 crois
1065 2569 119 69 touttes
1223 2571 56 48 vos
1318 2574 124 45 robes,
1475 2576 79 43 vous
1615 2565 163 65 metteries
1845 2563 62 80 ces
1957 2579 0 59 –
