4075 2812
436 290 144 63 serions
638 282 102 74 mines
794 290 66 66 pour
936 278 215 81 Longtems,
1186 303 61 56 j'en
1287 281 109 65 attend
1454 282 55 71 des
1555 283 192 74 nouvelles
1805 310 91 50 avec

418 361 210 81 impalience
703 354 98 85 voila
857 355 51 83 qui
952 362 140 86 eloigne
1143 359 76 60 bien
1281 363 60 60 les
1383 360 269 89 imaginations
1694 364 40 61 du
1789 377 167 79 Mariage

413 432 24 74 de
468 433 24 72 tu
547 437 115 67 sœur,
717 449 164 54 examine
948 437 152 84 toujours
1173 440 24 75 la
1264 444 196 72 conduite,
1488 443 75 77 afin
1616 448 124 75 qu'elle
1792 468 33 56 ne
1864 468 22 56 se
1919 457 77 67 laisse

412 529 51 54 pas
492 514 156 70 obseder,
672 525 21 49 et
737 513 111 60 qu'elle
898 516 210 62 n'avanture
1158 521 66 57 rien
1294 518 30 53 de
1389 517 260 61 deshonorant
1718 530 58 58 car
1818 533 27 51 je
1887 531 29 64 la
1938 521 63 74 crois

409 595 47 67 tres
483 598 74 59 vive
607 589 86 66 dans
760 587 48 82 ses
857 587 199 85 passions,
1090 588 28 64 et
1163 587 63 69 elle
1283 587 23 62 le
1357 587 187 68 deviendra
1599 588 132 85 encore
1785 593 202 80 d'avantage

411 671 150 75 gaardés
603 680 81 57 vous
737 670 70 73 bien
881 668 27 56 de
971 668 300 69 communiquer
1335 666 48 54 ma
1463 670 103 54 lettre
1628 679 2 63 a
1670 678 200 64 personne,
1900 681 61 57 mais

408 757 71 52 cela
529 744 67 71 doit
632 743 79 75 vous
760 744 85 79 faire
895 737 148 84 prendre
1101 737 51 83 des
1197 737 225 86 prelautions
1465 741 79 82 pour
1593 738 111 78 corter
1766 738 47 76 les
1843 756 129 58 occnsions

419 833 19 53 et
481 824 167 76 colloques
702 816 111 75 secrets
850 824 24 71 et
924 808 256 85 particuliers.

425 893 172 86 saxalde
643 893 144 73 partira
840 884 94 71 dans
988 882 72 67 huit
1108 887 29 63 on
1178 882 51 83 dix
1284 884 29 83 et
1347 889 22 85 je
1410 886 29 90 ne
1487 881 79 93 serés
1614 889 149 83 contant
1809 902 53 72 que
1901 902 101 71 lorsque

420 992 26 49 je
476 992 70 47 vous
593 979 118 56 voires
760 986 57 53 icy
887 969 102 63 l'une
1032 975 23 48 et
1132 968 156 67 l'autre,
1348 975 161 59 ménagés
1570 971 152 75 toujours
1776 971 156 72 l'argent

428 1072 46 60 car
521 1053 121 78 j'aurai
712 1052 61 74 bien
833 1048 28 59 de
920 1047 29 79 la
1013 1046 89 78 peine
1161 1054 1 61 a
1215 1050 29 50 en
1271 1046 126 53 trouver
1468 1048 22 50 si
1539 1048 87 68 votre
1676 1049 71 69 pere
1785 1052 137 59 nenvoit

423 1141 106 74 rien,
575 1140 18 61 il
650 1133 77 79 faut
790 1135 54 80 que
888 1137 20 78 je
964 1139 135 72 prenne
1163 1131 98 81 quesi
1319 1129 64 66 tout
1453 1141 18 44 à
1500 1128 145 68 credit,
1697 1131 76 64 c'est
1819 1135 53 58 une
1918 1138 0 48 –

445 1212 142 84 misere,
641 1219 53 77 qui
754 1214 71 71 fait
902 1218 83 71 qu'on
1045 1218 95 77 paye
1188 1213 197 81 beaucoup
1448 1213 85 82 plus
1580 1214 96 59 chere
1739 1227 20 69 et
1799 1226 85 70 qu'on
1923 1226 20 59 se

425 1293 118 72 raine,
583 1294 91 72 mais
710 1300 22 66 je
784 1307 32 57 ne
879 1293 159 66 scaurois
1112 1300 95 65 faire
1265 1293 259 63 autrement,
1555 1298 85 62 vous
1696 1299 2 64 ⟦
1807 1293 66 69 cres
1913 1293 23 70 la

439 1376 126 59 maison
625 1368 91 70 jolie
765 1379 31 47 et
845 1370 91 65 assez
996 1371 76 56 bien
1142 1371 191 70 meublée,
1367 1379 26 61 et
1433 1372 81 69 vous
1567 1380 86 63 sere
1763 1373 136 72 etante,

431 1461 72 64 dieu
551 1455 122 65 veuille
732 1455 166 77 qu'apres
940 1465 95 50 avoir
1099 1455 155 65 ressenti
1303 1452 44 76 les
1391 1453 87 76 plus
1522 1462 110 60 cruele
1687 1449 252 77 &aisances

434 1535 154 80 qu'enfin
638 1535 160 67 quelque
849 1537 86 67 chose
979 1535 183 56 d'heureux
1225 1539 74 52 nous
1361 1541 148 72 arrine,
1536 1547 92 66 pour
1667 1556 52 57 que
1746 1557 87 56 j'aye
1860 1557 24 56 la

439 1615 204 76 consolation
711 1613 28 64 de
798 1610 208 78 contribuer
1064 1615 1 67 a
1144 1618 44 67 ton
1268 1609 160 72 bonheur
1514 1620 26 64 tu
1594 1614 69 69 scai
1722 1627 43 53 ma
1818 1615 81 63 chere

443 1700 122 71 ausunt
611 1698 157 62 combien
829 1702 21 67 je
901 1695 147 63 taime,
1094 1694 25 52 tu
1170 1699 35 56 est
1266 1692 56 61 mon
1378 1694 66 56 tout
1505 1691 20 69 et
1576 1692 25 64 ne
1642 1692 102 68 desire
1794 1701 51 58 que
1881 1698 56 60 pour

439 1777 79 72 toy,
572 1768 90 70 aime
733 1768 45 70 ton
844 1767 67 82 gros
966 1768 133 65 zombi
1143 1772 23 60 et
1210 1768 50 59 soit
1315 1768 50 65 lui
1420 1768 144 81 toujours
1609 1770 94 78 aussi
1742 1777 83 74 fides
1874 1774 56 77 qu'il

437 1853 57 71 sera
574 1851 163 72 constant
792 1851 87 70 dans
934 1844 26 61 sa
1035 1843 174 70 tendresse
1254 1858 86 52 pour
1406 1842 26 69 sa
1503 1840 91 73 chere
1650 1840 146 76 femme,
1827 1851 20 64 je
1878 1850 15 65 te
1918 1838 51 77 baise

443 1940 49 73 par
539 1940 56 67 tous
642 1925 35 74 les
724 1923 152 75 endroits
918 1939 27 48 et
1000 1919 69 76 suis
1117 1920 48 86 ton
1220 1935 75 81 gros
1350 1939 76 72 gros
1474 1919 76 74 Laid
1625 1919 41 99 de
1721 1919 206 99 Conflans

456 2226 62 49 mes
579 2210 139 64 amitiés
790 2226 11 39 à
842 2207 25 62 la
934 2205 119 70 sœur,
1099 2207 165 69 respects
1320 2218 57 56 aux
1433 2210 134 67 dames
1612 2219 27 52 et
1690 2209 217 70 compliments

446 2297 1 53 a
488 2293 58 56 tous
593 2290 48 57 nos
698 2305 110 39 amis,
845 2299 0 41 a
907 2283 62 64 M^r
1021 2286 19 58 de
1097 2291 195 63 Biragne,
1338 2279 201 70 Monlouet
1599 2278 158 68 Chorac,
1784 2290 25 55 et
1841 2288 49 53 tous
1913 2287 46 53 autre

441 2383 49 60 qui
524 2375 48 65 ont
607 2371 55 62 étés
712 2369 79 62 assez
852 2362 220 67 charitables
1119 2367 73 70 pour
1270 2358 16 67 le
1354 2360 83 67 tenir
1515 2357 126 74 bonne
1696 2374 29 57 et
1784 2354 113 73 fidelle

451 2441 242 85 Compagnie.
