4073 2812
414 282 165 74 cotillons
641 281 50 69 sur
737 294 80 51 vous
888 267 150 78 lorsque
1090 279 74 56 vous
1210 257 165 74 passerés
1427 256 11 62 à
1490 256 33 65 la
1590 257 175 71 gravelle
1843 266 28 54 et

403 386 32 56 en
488 371 192 67 arrivant
729 378 17 59 à
779 357 156 78 paris,
969 366 27 61 et
1040 356 41 69 les
1150 348 226 72 tiendreriés
1432 348 95 66 dans
1582 361 35 59 un
1667 343 90 74 porte
1798 346 165 69 manieau

405 453 43 59 où
505 444 98 62 bocte
655 446 34 58 on
732 445 80 54 vous
854 446 152 55 pouriés
1064 434 46 60 les
1159 430 160 64 prandre
1377 424 123 57 quand
1554 423 82 58 vous
1681 419 200 62 voudreriés

401 524 101 67 voila
559 516 27 66 le
646 509 85 77 seul
782 517 120 68 moyen
977 506 95 73 sans
1129 517 101 66 quoy
1264 514 83 60 vous
1405 513 25 62 ne
1488 512 146 66 pouvrés
1687 500 48 66 les
1793 507 136 64 saurer

404 621 37 54 n'y
496 603 43 70 les
599 610 99 61 faire
747 598 120 76 passer
912 597 109 55 icy,
1056 594 83 60 vous
1189 592 124 68 pouvés
1374 587 160 74 toujours
1589 585 125 74 songer
1749 588 1 69 a
1800 589 165 64 arranger

401 685 52 60 vos
503 677 124 66 petittes
675 672 201 69 affairres,
908 668 16 67 il
986 665 137 72 faudra
1181 682 54 44 que
1288 662 44 62 les
1391 659 150 64 meubles
1590 657 166 55 grossiers
1809 656 97 68 frient

401 757 133 61 rendus
610 752 87 65 mais
752 755 26 53 il
823 738 134 77 faudra
1031 740 108 66 mettre
1194 747 37 49 au
1279 731 145 72 Carosse
1494 729 26 72 la
1576 737 153 64 vesaille
1784 732 163 67 d'argent

397 835 62 53 sont
496 834 22 47 le
566 819 91 68 linge
698 826 27 54 de
789 816 129 61 table,
946 815 51 66 les
1024 812 135 67 draps,
1193 810 148 52 torchons
1381 816 19 61 et
1425 807 30 68 je
1499 807 79 65 crois
1637 811 25 57 la
1721 815 140 56 batterie
1908 813 27 57 de

398 890 165 62 Cuirine,
596 888 102 63 touttes
733 884 59 68 vos
842 881 147 71 nippes,
1010 878 41 64 les
1103 878 110 64 habits
1249 884 26 55 et
1328 878 140 65 hardes
1515 878 52 59 des
1619 876 261 71 domestiques,
1901 892 26 59 et

402 967 28 59 sa
492 952 88 74 boete
618 949 40 65 de
703 948 51 63 vos
818 945 140 82 bijoux
1017 950 145 75 aupres
1204 947 31 64 de
1282 957 109 50 vous,
1438 948 49 67 les
1534 948 109 78 choses
1696 960 164 64 gressieres
1907 970 25 47 et

401 1051 55 57 trop
514 1039 197 71 pesantes,
745 1030 26 63 il
840 1023 145 87 faudra
1056 1027 48 62 les
1152 1021 130 67 vendre
1342 1025 95 66 dans
1497 1021 29 71 le
1586 1020 83 70 temes
1729 1035 23 56 et
1818 1045 30 51 me
1877 1036 149 68 renvoyes

401 1118 72 47 tout
533 1118 21 46 ce
614 1109 57 61 qui
711 1112 82 50 vous
838 1105 46 54 est
939 1104 97 57 venu
1101 1099 32 72 de
1193 1104 112 67 paris
1355 1099 57 61 soit
1478 1107 61 50 par
1599 1099 26 61 le
1706 1099 127 63 carosse
1883 1113 41 55 où

421 1187 36 54 un
504 1174 207 64 vorturier
768 1168 274 70 particulier,
1096 1168 19 55 il
1174 1166 137 71 faudra
1359 1165 153 72 prendre
1569 1177 74 52 avec
1691 1167 133 64 james
1882 1184 40 48 un

405 1261 73 65 etat
540 1255 55 51 des
645 1248 115 76 dattes
816 1251 107 76 payer
976 1248 71 60 tous
1106 1248 41 51 les
1200 1246 146 53 autres,
1382 1252 217 74 apresquoy
1658 1265 64 46 mon
1781 1256 211 68 arrangem^t

402 1334 65 62 sera
529 1325 134 67 bienlot
722 1327 73 67 pris
854 1328 83 53 avec
1008 1323 99 61 lui.
1161 1323 23 51 je
1260 1333 28 63 ne
1348 1324 165 72 scaurois
1561 1325 84 59 vous
1688 1323 72 63 dire
1814 1337 72 53 mon
1923 1322 73 64 lher

405 1413 97 62 sœur
567 1396 193 67 combien
821 1400 29 74 je
911 1393 158 80 soupiré
1113 1396 102 73 apres
1264 1403 91 52 vous
1404 1400 30 57 et
1489 1391 17 73 le
1562 1391 85 65 desir
1696 1410 153 63 eetreme
1909 1410 57 63 que

407 1486 47 57 jai
514 1481 32 63 de
597 1489 83 56 vous
728 1473 157 72 posseder
944 1473 135 73 aupres
1128 1473 27 58 de
1209 1475 87 46 moi,
1350 1473 81 58 cette
1480 1473 173 58 absence
1718 1493 37 39 me
1815 1480 97 55 coute

410 1562 296 68 infiniment,
753 1566 98 64 mais
890 1545 164 85 j'espere
1107 1560 73 59 qu'à
1228 1543 25 64 la
1312 1543 55 64 fin
1426 1543 55 82 les
1534 1543 260 84 persecations
1835 1556 157 70 cesseront

411 1655 24 58 et
478 1655 58 57 que
585 1652 90 48 nous
735 1638 126 61 serons
897 1641 36 51 en
995 1639 134 73 repos;
1197 1640 61 54 mes
1297 1639 157 69 respects
1499 1642 0 44 a
1561 1634 247 68 Mesdames
1852 1632 169 65 l'inntendent

402 1727 30 55 et
477 1727 171 54 hoegnart
699 1727 28 43 et
773 1705 270 77 compliments
1090 1727 17 38 à
1164 1705 64 60 M^r
1285 1705 239 74 Lentendant
1570 1713 22 58 et
1660 1704 64 66 M^r
1776 1704 48 76 son
1892 1713 117 66 frere,

404 1808 27 63 je
487 1804 70 66 suis
611 1791 73 78 bien
744 1801 140 68 penetré
927 1785 51 61 des
1038 1785 216 70 attentions
1309 1781 106 76 qu'ils
1459 1780 155 66 veulent
1697 1779 83 69 bien
1841 1777 117 75 avoir

411 1887 77 62 pour
533 1882 81 53 vous
692 1877 64 52 mes
829 1868 149 66 amitiés
1046 1871 16 59 à
1114 1865 80 60 tous
1257 1877 59 45 nos
1362 1863 107 62 chers
1521 1864 127 76 amis,
1684 1860 149 79 j'ignore
1896 1879 27 50 ce

411 1968 74 63 que
538 1968 26 64 je
619 1948 262 69 deviendrai,
917 1958 45 72 ny
1017 1945 88 85 quel
1153 1945 69 81 sera
1290 1954 68 44 mon
1420 1942 94 56 sort,
1570 1941 87 83 mais
1700 1944 81 79 pour
1824 1938 207 74 commender

410 2040 212 73 d'Escadre
695 2048 44 65 ma
806 2037 117 75 sunté
975 2036 38 58 ne
1081 2043 43 47 me
1181 2032 17 66 le
1251 2032 142 75 permet
1451 2033 74 76 pas
1578 2029 322 80 presentement,
1926 2040 32 61 et

411 2141 3 50 a
462 2140 112 51 moins
631 2125 102 62 d'une
802 2121 161 70 guerre,
1012 2125 31 64 je
1112 2119 171 69 songerés
1342 2129 1 47 a
1412 2115 111 60 meni
1582 2114 66 61 une
1697 2111 56 61 vie
1802 2110 201 66 tranquille

408 2217 22 63 je
478 2213 72 66 n'ai
603 2213 196 61 aucunes
848 2202 191 63 nouvelles
1093 2207 31 51 de
1203 2199 271 67 l'amerique,
1523 2194 136 69 depuis
1723 2200 26 49 la
1808 2190 136 66 dernier

405 2290 32 76 de
497 2291 95 74 votre
646 2281 83 83 pere
772 2293 25 56 et
841 2282 32 69 de
934 2275 110 60 M^re
1093 2273 25 60 Le
1180 2271 87 73 tort,
1312 2285 30 67 je
1404 2268 167 78 souhaite
1622 2269 70 80 fort
1737 2280 58 57 que
1857 2269 99 74 nôtre

399 2374 82 62 fille
527 2374 61 59 soit
634 2372 29 52 en
731 2353 115 71 bonne
903 2351 129 72 sauté,
1063 2365 28 56 je
1165 2350 81 69 m'en
1309 2344 146 80 flatte,
1486 2360 55 59 bon
1588 2345 70 73 jour
1721 2340 66 71 nore
1834 2335 113 72 chere
1989 2343 1 64 –

411 2458 22 61 et
479 2453 81 65 bien
611 2443 117 77 ainese
785 2443 169 67 femme,
995 2447 33 66 je
1090 2433 207 68 tembrasse
1360 2447 37 53 un
1465 2430 158 61 million
1681 2427 32 78 de
1771 2426 79 78 fois
1897 2443 26 53 et

420 2540 30 52 ne
504 2528 85 68 cosse
642 2533 26 63 de
731 2527 135 67 pouser
914 2530 16 60 à
964 2531 124 62 vous,
1137 2523 115 49 aime
1311 2519 168 52 toujours
1548 2518 30 67 le
1647 2524 59 60 ros
1761 2515 133 66 zomibi

432 2596 56 75 qui
528 2602 40 58 ent
613 2592 45 60 ton
715 2590 108 72 mari
868 2594 23 57 et
948 2592 45 67 ton
1067 2593 90 76 gros
1214 2585 146 72 Lard.
1415 2583 411 85 deConflans
