2129 2785
298 198 83 77 53XII

264 271 25 48 pII
354 267 15 42 ON

326 297 38 82 180

701 159 2 54 a
786 140 129 67 dreux
989 151 46 51 de
1110 143 63 65 22
1248 158 34 54 j^r
1346 152 0 56 a
1415 145 46 69 9^e
1500 140 36 76 du
1574 144 61 72 soir
1713 148 112 66 1752

669 206 58 53 ert

778 236 118 55 Piece
958 214 142 73 cottie
1202 216 93 66 Ore

808 278 210 90 Berattt
1092 269 163 87 comnist

448 360 32 67 je
525 343 79 84 suis
686 343 132 67 arrivé
852 351 109 71 icy,
1013 360 43 48 ma
1103 343 108 64 chere
1252 343 143 63 femme
1460 360 30 40 en
1556 343 113 84 bonne
1716 346 113 81 fanté
1865 353 107 68 apres

431 429 103 72 avoir
591 428 102 82 fait,
728 445 61 61 une
840 431 156 73 journée
1049 426 89 79 assez
1198 424 106 81 forte,
1352 423 24 81 je
1423 422 178 79 partirai
1643 422 136 65 demain
1839 436 12 45 à
1898 426 48 61 84

420 512 33 61 du
515 514 154 61 matin,
700 513 23 64 et
774 504 28 73 je
842 503 149 66 compte
1044 507 148 47 arriver
1245 508 15 52 à
1308 502 105 67 paris
1461 512 26 51 ce
1540 495 111 66 meme
1693 493 79 71 jour
1840 492 85 69 23^l

419 586 32 68 de
495 580 119 68 bonne
653 579 166 70 heure,
855 574 32 63 je
920 580 280 53 commemerés
1253 581 64 57 par
1381 569 69 68 my
1497 565 87 68 bien
1642 562 152 77 reposer
1840 566 70 68 car
1951 558 64 73 j'ea

420 662 123 78 aurai
591 661 136 69 grand
788 659 168 79 beson,
996 660 101 78 apres
1139 658 79 76 quoy
1261 651 25 79 je
1341 661 37 70 me
1421 646 239 85 presenterai
1728 643 81 82 lors
1843 643 101 82 qu'il
1972 647 39 68 en

406 745 77 79 sera
541 751 124 66 tems,
705 741 32 79 je
782 746 83 50 vous
905 733 136 70 ecrirés
1092 731 61 67 sur
1199 729 24 64 le
1269 728 137 82 champ
1452 728 30 80 de
1534 723 148 84 paris,
1716 737 77 58 avec
1834 730 36 54 la
1928 738 100 55 même

415 824 234 76 exactilude
704 841 73 52 que
826 820 77 70 j'ai
953 831 37 57 en
1038 821 63 65 sur
1150 814 27 61 la
1231 815 108 62 routte
1383 811 103 66 dans
1525 812 77 65 tous
1647 808 52 69 les
1738 803 173 70 endroits
1951 820 47 49 où

402 911 74 62 j'ai
512 900 128 70 couché
705 899 231 68 cependant
1010 905 66 51 mes
1120 894 126 59 Lettres
1291 908 30 47 ne
1361 897 85 58 vous
1491 892 205 68 arriveront
1746 899 81 61 pas
1872 892 85 63 aussi
1997 896 0 51 –

452 989 107 61 tems
603 990 72 60 que
712 988 31 61 je
794 965 29 70 le
874 964 196 82 desirerois
1116 976 80 63 pour
1242 977 80 42 vous
1374 958 86 75 tirer
1506 956 299 86 dinquietude,
1840 968 121 66 parce

245 1038 70 65 ecton
328 1042 79 61 centna

289 1075 65 71 ere
400 1064 104 81 qu'il
559 1051 94 93 faut
703 1059 59 80 que
818 1045 48 68 les
929 1044 117 70 lettres
1105 1041 181 68 attendent
1358 1039 45 65 les
1448 1039 98 64 jours
1597 1053 52 55 que
1701 1035 27 95 la
1773 1042 111 82 potte
1915 1044 91 72 part

403 1152 96 68 pour
547 1131 46 69 la
660 1124 266 85 Bretagne,
980 1121 60 86 j'ai
1081 1116 121 89 soupé
1232 1115 26 85 ce
1308 1114 63 78 soir
1427 1131 0 39 a
1490 1106 202 86 merveille,
1735 1116 102 69 mais
1873 1113 95 62 tant

393 1225 69 86 que
509 1219 33 89 je
577 1219 193 86 voyage,
811 1214 25 75 je
878 1220 32 48 ne
952 1207 173 59 scaurois
1174 1197 186 94 manger,
1394 1196 120 91 parce
1543 1197 56 85 que
1640 1189 27 67 le
1720 1186 266 75 nouvement

388 1314 34 66 de
483 1309 28 67 la
572 1304 133 75 chaise
778 1318 43 39 me
877 1295 197 61 tracasse,
1130 1292 112 62 toutte
1294 1295 70 58 mon
1405 1279 243 76 inquietade
1694 1287 54 54 est
1821 1290 48 54 ma
1910 1268 112 75 chere

395 1383 110 94 petite
559 1381 98 92 fille,
700 1397 58 72 que
814 1383 32 58 tu
890 1387 32 57 ne
971 1373 78 78 soit
1099 1370 191 88 inquiet,
1333 1377 39 53 va
1448 1370 83 66 tout
1581 1371 58 59 ira
1695 1352 108 93 bien,
1847 1351 90 86 dieu

385 1480 52 64 est
482 1489 43 54 un
580 1473 58 69 bon
704 1484 83 58 pere
853 1477 68 64 qui
971 1465 171 72 soutient
1198 1461 52 73 les
1306 1457 175 75 honestes
1527 1471 129 53 gens,
1697 1448 217 75 j'embrasse

385 1555 22 72 la
463 1551 90 78 chere
599 1561 131 67 sœur,
765 1568 22 54 et
844 1567 84 52 vous
984 1553 121 61 anvie
1162 1543 131 72 touttes
1344 1536 59 70 les
1443 1536 126 73 deux;
1605 1529 162 81 d'aller,
1803 1528 32 73 de
1866 1537 162 67 recevoir

376 1669 30 54 et
450 1652 80 58 vui
586 1659 63 46 nos
705 1650 133 79 amis,
881 1643 200 83 jusqu'au
1137 1638 160 60 moment
1352 1635 126 63 desiré
1528 1633 47 65 où
1631 1649 80 66 vous
1767 1633 109 81 soyés
1914 1636 121 75 aupres

379 1741 30 68 de
453 1745 114 59 moy,
641 1750 66 56 mes
759 1731 263 74 compliment
1085 1734 1 54 a
1139 1738 46 60 nos
1233 1727 105 64 amis
1377 1730 25 53 et
1451 1723 183 73 respects
1683 1728 75 59 aux
1826 1721 139 69 dames

378 1848 37 81 je
455 1844 92 73 vais
601 1842 42 63 me
712 1822 182 87 coucher
942 1834 29 87 et
1025 1825 141 93 penser
1219 1815 92 99 sans
1367 1813 90 69 doute
1513 1820 0 68 a
1569 1821 90 89 toy,
1701 1815 35 93 je
1785 1815 201 75 tembrasse

391 1937 24 53 et
473 1924 95 71 aivee
637 1914 37 66 de
737 1917 113 67 toutte
908 1910 72 64 mon
1055 1920 113 69 avec,
1209 1907 100 71 voila
1385 1906 59 73 les
1509 1906 248 77 tentiments
1808 1902 37 72 de
1890 1915 55 62 ton

391 2022 94 69 gros
542 1994 106 92 Lard
711 1992 36 89 de
804 2008 171 63 mart.
1065 1981 276 98 Conflans

210 1028 0 0 1
