3232 3632
946 326 109 86 après
1119 323 51 78 ma
1254 329 89 83 mort
1401 326 237 91 participer
1702 329 33 86 au
1824 330 129 87 mérite
2010 335 32 75 du
2087 343 199 82 pressieux
2325 334 96 87 sang

938 425 29 76 de
1014 428 106 73 notre
1173 419 212 83 Seigneur
1443 423 130 79 Jesus
1614 417 135 81 christ
1825 417 71 82 qui
1949 417 0 82 a
1978 417 83 78 bien
2125 415 118 79 voulu
2284 433 135 67 versser

949 526 95 62 pour
1109 526 108 61 nous
1264 505 68 71 sur
1375 504 140 74 l'arbre
1558 507 29 72 de
1613 505 29 74 la
1675 502 100 79 croix
1830 508 28 74 et
1908 507 105 76 pour
2046 501 117 79 jouir
2218 501 105 77 après
2373 506 33 70 ma

964 610 92 63 mort
1096 606 46 62 du
1176 599 138 78 Repos
1353 593 196 78 éternel.
1572 587 310 82 Implorant
1951 600 0 55 a
1991 593 75 73 cete
2105 585 98 76 ffait
2271 590 41 61 la

968 687 261 79 misericorde
1275 682 211 83 infinie,
1522 685 41 73 Je
1615 680 118 82 veux
1792 692 77 70 qua
1909 681 60 75 pre
2063 690 53 64 ma
2204 671 129 79 mort
2385 671 48 81 sÿ

935 795 30 64 ce
1005 779 151 72 trouve
1209 792 64 63 que
1336 772 123 83 jaj̈e
1516 774 88 75 fait
1661 766 187 83 quelque
1899 764 77 65 tort
2033 768 1 63 a
2091 769 199 76 quelqun
2335 760 71 67 soit

942 881 172 71 reparer
1175 875 86 70 par
1351 884 98 53 mon
1504 863 274 80 executeur
1828 857 371 75 cestamentaire
2249 862 183 71 aussitot

948 960 84 81 qu'il
1094 961 37 78 ly
1181 953 78 71 sera
1298 950 187 75 connut
1565 947 59 82 luy
1670 944 199 83 laissant
1920 940 25 86 le
1978 940 159 85 soinde
2252 954 94 64 mes

942 1057 270 87 funeralles.
1256 1062 66 82 que
1358 1056 34 85 je
1441 1051 28 89 le
1505 1053 85 85 prie
1653 1047 206 78 sourtant
1909 1052 39 60 de
1998 1037 110 82 faire
2166 1039 89 61 avec
2319 1049 90 54 moin

945 1159 30 71 de
1017 1155 146 83 poupe
1217 1153 62 79 qui
1333 1151 18 80 ce
1394 1148 134 82 poura
1599 1146 29 80 la
1676 1141 156 78 priant
1892 1139 40 61 de
1992 1136 101 74 faire
2164 1133 78 73 dire
2285 1129 140 64 dabord

952 1255 2 68 a
1053 1253 81 71 pres
1213 1246 87 71 mon
1367 1236 104 73 deces
1554 1234 94 72 une
1753 1225 134 73 messe
1940 1223 33 62 de
2020 1222 198 77 Requiët
2260 1225 92 66 pour
2383 1222 22 67 le

947 1346 120 70 repot
1125 1344 30 66 de
1238 1341 96 71 mon
1385 1338 107 68 ame
1553 1336 32 57 et
1643 1333 65 71 s'y
1757 1332 25 68 je
1816 1330 80 64 vien
1969 1328 1 63 a
2028 1323 194 64 deceder
2285 1320 110 66 dans

946 1432 29 71 la
1030 1430 193 79 Paroisse
1283 1429 40 74 de
1389 1422 136 80 Saint
1580 1418 131 79 Pierre
1777 1416 35 75 je
1856 1414 253 73 demande
2166 1416 95 75 estre
2295 1411 140 74 enteire

956 1536 53 72 au
1048 1531 35 75 ce
1163 1528 150 80 mitier
1376 1527 29 75 et
1468 1527 196 81 venant
1732 1523 145 83 ainssy
1928 1533 1 51 a
1985 1519 191 77 dender
2238 1514 128 78 dans

950 1622 141 90 ladite
1149 1618 192 93 paroisse
1419 1616 141 82 audit
1611 1623 71 84 cas
1727 1620 25 87 je
1797 1613 122 92 legue
1984 1626 0 52 a
2035 1614 26 64 la
2112 1613 84 80 ditte
2240 1615 174 85 paroisse

967 1717 90 74 mille
1108 1713 128 92 livres
1287 1719 77 86 pour
1409 1715 51 76 au
1550 1709 115 92 faire
1749 1727 51 72 un
1858 1710 96 89 fond
2018 1715 115 75 pour
2178 1714 83 75 être
2313 1703 57 76 dit

955 1817 75 69 tous
1062 1816 56 71 les
1162 1806 151 87 lundit
1388 1805 32 91 de
1470 1809 207 83 premier
1771 1816 101 80 mois
1953 1814 32 80 de
2029 1805 182 87 l'année
2293 1821 87 64 une

973 1919 88 81 messe
1125 1921 0 80 a
1182 1906 285 91 prrpetuilté
1536 1908 108 87 pour
1695 1920 19 55 le
1784 1907 139 88 repot
1980 1924 38 64 de
2100 1922 83 60 mon
2259 1920 114 56 amé

949 2014 74 69 sur
1069 2009 190 74 laquelle
1316 2003 178 82 somme
1562 2005 86 79 sera
1717 2010 81 72 prit
1837 2005 29 73 la
1929 2003 224 79 depence
2210 1995 35 75 de
2314 2011 86 56 mon

954 2104 293 78 enterrement
1308 2111 162 76 priant
1560 2113 90 62 mon
1716 2103 237 79 executeur
2008 2097 382 75 testamentaire

957 2195 29 66 de
1020 2195 241 82 l'ordonner
1325 2206 166 70 ainsÿ–

1037 2296 177 91 Jelegue
1302 2309 81 67 aux
1440 2310 200 69 pauvres
1683 2288 45 75 de
1759 2292 32 70 la
1840 2290 95 83 ditte
1984 2285 221 87 parroisse
2254 2285 32 73 de
2323 2280 95 79 Saint

952 2383 111 66 Pierre
1134 2386 88 75 cent
1275 2385 265 77 cinquante
1605 2378 112 83 livres
1775 2380 106 75 pour
1934 2382 77 79 estre
2058 2374 306 87 disarilassées

969 2479 69 87 aux
1088 2495 195 69 pauvres
1327 2475 31 81 de
1389 2480 32 71 la
1477 2472 88 89 dite
1628 2475 200 87 paroisse
1891 2469 75 79 par
2023 2477 19 67 le
2092 2467 232 85 reverand

972 2574 75 88 père
1091 2590 94 75 cure
1267 2572 75 84 qui
1411 2570 220 77 deservira
1712 2574 69 79 lors
1819 2568 38 73 la
1907 2569 100 90 ditte
2070 2566 220 91 paroisse,
2308 2578 32 57 et

964 2664 57 89 lors
1065 2663 82 89 qu'il
1185 2663 18 83 ce
1235 2667 208 82 trouvera
1518 2675 38 77 de
1619 2661 126 93 fonds
1789 2672 132 75 pour
1965 2661 126 89 cela.

1005 2760 188 95 Jelegue
1265 2784 0 58 a
1323 2767 26 86 la
1408 2758 188 95 Paroisse
1713 2759 104 82 notre
1875 2756 130 82 dame
2063 2762 26 79 de
2128 2762 99 83 Bou
2263 2755 113 71 Port

972 2853 36 86 du
1079 2858 238 79 mouillage
1395 2861 35 76 de
1478 2868 24 55 ce
1567 2856 48 69 dit
1669 2851 125 81 bourg
1853 2852 137 78 Saint
2038 2852 119 83 Pierre
2222 2856 137 79 savoir

964 2945 44 78 lix
1057 2939 88 83 cent
1206 2941 126 85 livres
1393 2940 161 88 donné
1610 2960 105 68 pour
1759 2942 68 66 être
1877 2939 254 85 distribuée
2180 2960 81 65 par
2305 2960 49 55 le

969 3034 197 74 reverand
1227 3029 86 80 pere
1368 3030 103 70 curé
1531 3041 69 65 qui
1660 3042 36 60 se
1740 3034 192 75 trouvera
2014 3036 30 79 de
2126 3038 132 75 servir
2317 3032 35 67 la

968 3114 72 97 ditte
1089 3111 184 102 paroisse
1345 3120 65 96 aux
1466 3119 168 97 pauvru
1689 3120 44 76 de
1784 3125 166 82 laditte
1985 3120 194 102 Parroisse
2235 3139 24 77 et
2316 3139 88 70 cette

2924 350 73 64 Au
3041 363 73 53 mos

2928 452 183 80 Marque

2924 523 33 77 de
3011 524 115 83 feute

2923 605 126 72 livres
3098 615 1 59 p

2929 688 73 75 estre
3053 689 52 65 dit

2930 795 69 42 une
3063 795 0 42 M

2917 871 200 83 margue

2919 955 191 58 reconno

2915 1051 35 49 en
3007 1052 58 53 ces

2910 1117 41 75 tes
2982 1121 142 71 tamee

2919 1224 24 52 et
2997 1224 90 53 aura

2996 1307 83 75 Item

2919 1401 25 76 de
3020 1403 96 82 messe

2920 1484 124 67 Saint
3099 1487 36 64 6.

2917 1576 27 71 de
2977 1579 102 70 lislle

2913 1677 157 72 l'année

2903 1760 217 102 reconnois

2907 1856 23 75 je
2972 1854 72 73 prie
3102 1863 1 55 n

2916 1943 125 86 ainsi

2906 2024 215 98 heritage

2944 2116 88 74 Item

2907 2209 194 70 pension

2900 2284 184 79 laquelle

2900 2390 71 64 pur
3027 2384 36 65 de
3124 2390 0 63 s

2908 2486 1 62 a
2955 2474 90 74 tout
3096 2482 33 66 au

2957 2594 144 97 plurje

2908 2689 205 85 dorgeant

2894 2795 31 62 de
2996 2798 66 66 mes
3097 2794 31 73 6e

2911 2893 0 49 a
2957 2893 63 67 cent
3066 2893 36 65 po

2896 2966 126 67 chais
3063 2972 66 62 elle

2893 3042 51 86 des
2976 3059 157 72 remise

2879 3140 207 89 Contante

2890 3248 89 60 ame
