3888 3232
488 441 189 97 Remis
771 476 75 61 pr
974 443 94 99 M.
1142 450 61 90 Le
1284 443 74 93 duc

501 538 67 103 de
650 536 382 133 Montpesnt.
1115 556 65 113 rue
1245 558 148 109 prince
1440 536 65 103 se

943 847 554 126 Monseigneur

2224 511 3 61 a
2327 464 559 108 Monseigneur
2945 458 44 87 Le
3020 451 243 94 Marquis
3303 474 43 62 de
3371 446 201 92 Castries

2048 582 281 81 Ministre
2398 588 24 55 et
2458 572 244 75 Secretaire
2782 559 117 78 d'Etat
2946 566 35 59 au
3022 549 326 79 Departement
3416 536 42 73 de
3499 534 35 69 la

2059 675 210 63 Marine

2956 784 74 103 M.
3055 776 89 102 Cl.
3256 786 38 76 21
3358 764 101 101 8tre

1021 1200 181 95 L'eveque
1237 1199 38 87 de
1324 1194 175 89 Vaison,
1531 1186 33 92 Et
1597 1198 39 78 les
1691 1190 349 82 administrateurs
2117 1190 45 64 de
2189 1172 190 79 l'hopital
2412 1145 169 95 General
2620 1160 40 69 du
2701 1159 60 66 lieu
2794 1144 39 76 de
2872 1129 199 87 Puymeras
3140 1146 39 57 au
3227 1122 147 76 comtier
3405 1104 221 85 Venaissin

1029 1303 52 55 ont
1116 1296 168 59 l'honneur
1340 1291 27 55 de
1403 1283 245 61 representer
1693 1274 64 59 tres
1813 1267 283 61 humblement
2140 1261 18 55 a
2198 1253 111 61 Votre
2359 1240 236 68 Grandeur
2660 1237 70 60 Que
2773 1225 87 67 Jean
2894 1225 128 62 pierre
3064 1208 139 61 Jullien
3252 1202 91 60 natif
3365 1198 41 56 de
3429 1189 194 70 puymeras

1026 1387 50 51 qui
1128 1386 13 42 a
1176 1373 55 52 ete
1278 1371 164 54 assassine
1489 1370 13 48 a
1531 1360 25 56 la
1591 1350 175 63 Gremade
1825 1354 31 47 en
1906 1332 82 65 1775.
2014 1343 88 48 avoit
2135 1323 146 62 dispose
2315 1326 39 50 de
2382 1316 50 57 ses
2460 1307 98 62 biens
2616 1310 26 51 en
2681 1298 129 59 faveur
2849 1298 21 53 de
2898 1281 188 72 l'hopital
3136 1270 161 65 general
3334 1266 65 60 dud
3430 1262 71 64 lieu
3532 1258 62 55 par

1026 1450 30 54 un
1097 1445 176 58 Testament
1319 1429 201 66 olographe
1558 1431 32 55 du
1635 1418 25 61 28
1717 1420 78 57 mars
1822 1407 67 72 1757
1927 1407 132 63 Depose
2109 1393 97 62 chez
2249 1384 62 63 m^e
2337 1379 27 66 Le
2401 1379 127 64 Vacher
2577 1364 74 73 no^re
2689 1364 20 58 a
2742 1357 249 65 Saintpierre
3027 1352 46 56 de
3121 1346 28 53 la
3203 1326 239 68 martinique
3492 1317 89 51 eu

1010 1510 149 81 portant
1192 1510 32 64 de
1276 1510 64 64 cette
1386 1507 51 67 Isle
1470 1502 77 66 pour
1599 1497 85 56 aller
1725 1489 166 60 recueillier
1926 1480 55 59 une
2016 1457 178 76 sucession
2236 1457 16 64 a
2287 1443 74 73 cette
2396 1438 37 68 de
2461 1434 30 72 la
2539 1423 224 84 Grenade.
2792 1423 61 63 son
2880 1404 206 79 testament
3133 1413 17 48 a
3178 1399 62 56 ete
3268 1378 173 78 veriffie
3476 1374 34 62 et

1007 1583 181 71 Enregistre
1251 1588 28 52 au
1342 1571 91 79 Greffe
1470 1574 37 59 de
1549 1559 38 79 S^t
1605 1557 117 76 pierre
1776 1552 48 65 de
1854 1547 27 63 la
1940 1531 236 71 martiique
2229 1522 26 68 le
2302 1515 49 69 21.
2381 1501 140 76 fevrier
2562 1488 101 84 1776.
2692 1494 39 67 ou
2766 1476 100 78 sait
2896 1467 271 76 postiurement
3208 1452 90 77 qu'il
3327 1453 4 63 y
3367 1453 15 50 a
3412 1454 32 53 un
3473 1429 124 82 depots

1007 1668 32 58 au
1071 1659 96 64 Greffe
1199 1654 32 62 de
1263 1652 21 61 la
1335 1650 147 59 Grenade
1526 1634 174 66 d'environ
1746 1628 98 61 1400.
1878 1617 142 56 mordees
2059 1617 36 56 ou
2123 1608 100 65 pieces
2278 1590 221 71 portugaises
2549 1583 57 58 que
2639 1555 185 73 l'actitite
2869 1561 40 46 du
2958 1523 185 86 magistrar
3165 1513 126 66 trouva
3335 1504 84 69 chez
3453 1498 62 70 luy
3532 1495 25 57 le

1006 1737 61 53 Jour
1116 1735 78 47 meme
1243 1724 30 50 de
1304 1709 225 65 l'assasinat:
1550 1696 28 75 il
1586 1694 22 74 ja
1659 1681 155 80 d'ailleurs
1834 1676 52 69 des
1907 1670 107 68 biens,
2040 1668 138 64 effets,
2198 1673 22 53 et
2247 1663 142 60 papiers
2422 1660 22 49 a
2476 1641 29 70 S^t
2524 1643 107 54 pierre
2676 1633 46 57 de
2743 1627 28 60 la
2815 1618 230 66 martinique
3094 1614 52 57 qui
3179 1589 89 60 avoit
3293 1590 66 52 ete
3384 1589 24 58 le
3433 1564 185 81 principal

995 1779 102 84 sejour
1131 1775 34 72 de
1206 1769 71 84 Jean
1305 1766 109 83 Pievre
1454 1769 145 63 Jullien.
1622 1742 127 88 depuis
1770 1735 121 87 l'envoy
1918 1739 68 74 fait
2012 1744 66 63 aux
2111 1730 202 71 supliants
2360 1722 71 49 d'un
2464 1712 147 52 extait
2645 1707 35 58 en
2713 1695 102 64 forme
2836 1686 35 54 da
2923 1667 183 71 restament
3140 1666 4 51 &
3175 1656 39 72 de
3250 1631 221 91 procedures
3511 1629 128 63 faittes

992 1859 24 61 en
1044 1854 266 75 Consequence,
1325 1840 42 76 ils
1421 1850 49 48 ont
1496 1840 129 61 envoye
1645 1836 49 62 des
1714 1816 162 74 pouvoirs
1901 1805 50 67 sur
1970 1802 37 66 les
2033 1800 123 64 lieux,
2176 1788 39 66 ils
2257 1784 78 70 n'ons
2364 1777 50 71 pu
2450 1768 164 74 aprendre
2655 1751 35 68 ni
2706 1741 103 79 l'objet
2850 1747 22 62 et
2895 1727 102 64 l'etat
3015 1720 45 65 de
3083 1716 35 67 la
3146 1700 195 79 Successsion
3396 1689 189 66 nil'unage

1002 1921 88 62 qu'on
1140 1924 13 62 a
1180 1908 58 76 fait
1271 1914 32 54 de
1328 1902 84 73 leurs
1438 1903 180 68 pouvoirs:
1637 1887 118 63 envain
1792 1875 26 59 en
1854 1860 245 74 fourniroient
2118 1854 38 59 ils
2175 1855 108 58 encore
2325 1847 61 57 des
2416 1831 211 64 souveaux,
2645 1819 27 58 si
2706 1803 110 72 votre
2856 1789 223 79 Grandeur
3125 1769 46 65 ne
3210 1761 149 77 Daigne
3399 1747 165 64 leur

993 1975 172 75 Procurer
1200 1965 93 71 Entre
1334 1962 43 64 les
1459 1950 64 76 ains
1552 1953 26 68 de
1615 1950 42 60 M.
1675 1943 167 65 Reymond
1872 1935 131 65 avocat
2045 1924 26 62 en
2109 1904 214 77 Parlement
2368 1896 150 65 resident
2558 1879 22 67 a
2613 1864 100 72 Paris
2764 1859 123 65 cloitre
2926 1840 34 76 S^t
2975 1833 174 81 Germain
3183 1807 218 84 l'auxerrois
3451 1797 60 76 qui
3542 1790 42 66 est

996 2051 15 67 le
1048 2034 284 84 Correspondanx
1362 2039 53 54 des
1451 2004 220 88 supliants,
1686 2009 42 60 des
1776 2000 106 60 lettres
1930 1997 15 51 a
1981 1987 99 56 MM.
2102 1969 49 74 Les
2184 1956 229 78 Gouverneur
2439 1939 31 66 Et
2496 1928 257 72 Commendant
2791 1914 82 72 Taut
2899 1910 89 62 dans
3015 1894 102 66 l'Iille
3142 1892 46 68 de
3213 1886 31 63 la
3277 1869 171 75 Grenade
3489 1865 99 67 que

992 2113 65 69 dans
1081 2105 71 70 celle
1203 2099 27 82 S^t
1247 2090 98 85 pierre
1369 2092 15 58 de
1399 2095 23 53 la
1471 2080 200 71 martinique
1719 2057 36 75 de
1794 2052 198 79 Proteger,
2006 2037 164 76 seconder
2203 2029 38 62 de
2260 2025 76 59 leur
2383 1993 183 79 autorite,
2586 1999 25 64 et
2650 1982 184 73 favoriser
2855 1974 55 69 par
2950 1957 75 64 leur
3064 1937 211 85 vigilance,
3288 1933 37 65 les
3339 1912 279 72 recouvrements

978 2180 2 63 E
1039 2164 251 74 liquidations
1352 2146 43 73 de
1423 2144 27 68 la
1507 2134 197 72 Succession
1750 2134 36 49 du
1816 2113 43 69 S^r
1887 2105 159 77 Jullien,
2064 2100 28 68 et
2112 2081 139 83 l'Envoy
2273 2086 33 58 en
2345 2066 121 63 france
2499 2058 61 68 des
2581 2048 112 75 fonds
2748 2044 59 65 qui
2847 2036 33 63 en
2897 2020 171 74 pourront
3100 1995 204 81 provenie;
3320 1986 28 60 et
3372 1983 97 59 Dons
3493 1966 53 67 les

976 2234 157 72 Lauvres
1163 2220 30 59 es
1206 2216 24 60 le
1294 2205 227 64 malheureux
1562 2197 35 60 de
1633 2195 74 54 cette
1735 2179 142 64 Contree
1916 2171 53 61 ont
1986 2161 32 67 Si
2040 2150 104 75 Grand
2176 2132 192 80 Beroin;
2385 2132 58 63 c'est
2472 2119 71 66 cette
2586 2104 104 77 Grace
2739 2094 59 65 que
2821 2097 39 59 les
2886 2079 196 76 supliants
3132 2058 99 71 ovent
3245 2045 154 84 Esperer
3432 2035 37 62 de
3503 2029 91 62 votre

981 2275 153 79 Equite,
1150 2274 30 72 et
1206 2277 32 74 de
1286 2261 88 79 votre
1421 2250 322 86 Bienfaisance,
1760 2246 39 64 en
1834 2226 135 81 offrant
1992 2224 39 65 au
2054 2215 68 72 Ciel
2161 2202 90 81 leurs
2286 2190 84 71 Vux
2399 2182 159 81 &prieres
2569 2171 101 73 pour
2709 2155 28 71 la
2778 2145 130 72 Saute
2925 2141 34 72 et
2986 2117 239 98 Prosperite
3258 2107 52 77 de
3364 2090 164 79 Votre

981 2325 409 161 Grandeur.
1521 2307 232 165 Rymon
1835 2299 148 168 anias

220 2224 104 224 fare
375 2240 70 213 Reu
495 2258 18 190 re
564 2257 36 209 20
633 2221 122 256 8^b14
