3200 3816
1631 152 451 158 Michel.

1065 367 2 109 I
1229 345 100 129 tous
1393 345 130 136 cecux
1598 385 70 95 qui
1705 361 79 118 Ces
1870 350 204 127 Presentes
2122 377 185 86 verront
2355 377 243 77 pierre–

1083 500 185 103 Romain
1326 492 229 102 Conseiller
1620 491 38 84 du
1708 487 91 106 Roy
1855 496 105 96 Juge
2025 494 163 76 Royal
2275 478 133 105 Cuil
2496 482 37 88 Et

1078 606 217 113 Criminiel
1366 606 38 122 de
1465 607 101 124 Lisle
1654 621 290 104 martinique
2033 597 56 103 sa
2122 589 57 131 lut
2240 586 182 125 scavois
2474 586 172 127 faisons

1100 755 62 80 que
1231 725 92 101 sur
1368 725 24 107 le
1452 728 255 107 Different
1767 739 93 92 miie
1921 725 24 92 Et
1997 716 224 103 Pendant;
2251 714 101 108 Entre
2420 719 216 105 dem^te–

1093 856 217 99 françoise
1370 865 155 81 michel
1586 858 293 100 Emancippé
1955 843 101 111 D'age
2124 850 39 84 au
2201 837 179 108 lhorisée
2447 864 63 80 par
2554 845 140 98 Justice

1099 970 88 72 fille
1263 964 31 77 de
1344 967 176 88 deffant
1583 964 31 81 le
1652 970 113 81 Sieur
1834 961 113 84 Pierre
2054 958 138 83 michel
2274 967 25 62 et
2361 956 32 75 de
2437 954 220 91 deffente

1100 1068 156 88 Damne
1334 1085 100 66 anne
1496 1053 193 104 Julienne
1759 1051 192 104 Gobert,
1986 1079 0 75 a
2042 1049 65 104 son
2156 1049 142 80 déceds
2340 1051 114 77 vecuve
2510 1055 36 86 de
2588 1047 50 94 feu

1087 1170 72 75 M.
1203 1168 176 78 Durieux
1450 1163 324 89 Demandressse
1825 1169 34 72 en
1922 1162 202 76 Requste
2188 1162 40 78 de
2259 1171 92 73 nous
2389 1147 240 97 repondue

1096 1281 42 111 Le
1190 1280 151 110 Douze
1394 1278 32 95 de
1480 1274 33 87 Ce
1559 1288 165 75 mois,
1762 1296 25 52 et
1833 1294 33 84 en
1927 1267 150 111 proffit
2131 1269 40 80 de
2217 1261 197 108 deffaut
2475 1259 40 77 de
2554 1278 102 59 nous

1094 1410 189 83 obtenue
1333 1406 29 76 le
1412 1399 102 91 vingt
1557 1406 95 82 trois
1701 1399 30 85 de
1788 1390 95 87 Ced.
1940 1399 161 93 mois,
2142 1399 327 92 Comparante
2518 1397 95 85 par

1091 1521 188 94 heussay
1338 1527 122 94 d'une
1525 1529 152 89 part,
1727 1532 31 60 et
1817 1512 31 78 le
1885 1504 113 89 Sieur
2079 1501 174 91 Cherry
2304 1524 31 62 de
2371 1500 32 104 la
2446 1498 204 106 Chaussé

1105 1640 302 98 Deffendeurs
1458 1659 74 73 aux
1602 1636 73 83 dite
1733 1634 237 93 Requestes
2035 1628 33 84 et
2146 1628 197 90 deffaut
2408 1631 250 83 reassigné

1086 1746 68 100 sur
1209 1744 149 102 iceluy
1414 1759 89 85 par
1580 1734 220 93 lemault
1879 1729 198 100 sergent
2141 1727 37 84 le
2228 1725 125 101 vingt
2417 1738 103 73 trois
2570 1745 45 69 de

1094 1863 94 84 ced.
1243 1868 173 84 mois,
1455 1855 306 95 Comparant
1838 1868 36 74 eu
1930 1846 227 96 personne
2205 1846 192 81 dautre
2453 1836 171 96 part;

1086 1961 251 103 Parties
1387 1963 138 95 ouyes
1613 1952 85 95 led.
1741 1948 108 99 Sieur
1909 1977 31 55 de
1976 1955 33 93 la
2059 1941 213 108 Chaussée
2324 1960 1 67 a
2369 1954 61 76 dit
2490 1961 167 76 qu'il,

1088 2081 59 94 Est
1207 2093 100 84 vray
1353 2095 79 82 qu'il
1499 2078 2 71 a
1561 2071 156 87 donné
1763 2072 65 82 son
1882 2065 322 91 Consentement
2252 2069 286 82 aumariage
2600 2072 42 70 de
2676 2052 29 86 la

1116 2198 102 89 ditte
1294 2191 243 94 demoiselle
1598 2186 214 101 francoise
1889 2183 164 98 michel
2151 2182 108 92 Dont
2307 2185 29 82 Il
2385 2176 58 105 Est
2491 2175 186 106 Curateur

1107 2334 76 72 aux
1237 2298 198 103 Causes,
1496 2298 109 104 Mais
1642 2319 92 83 qu'il
1815 2315 32 63 ne
1912 2290 24 101 la
1993 2289 81 111 fait
2131 2308 64 93 que
2252 2285 73 102 sur
2382 2286 292 109 limistation

1113 2459 66 85 que
1213 2433 72 111 luy
1344 2454 41 85 en
1459 2420 86 117 fait
1619 2420 26 85 le
1681 2412 125 104 Sieur
1897 2408 186 110 dabois,
2120 2420 154 81 ayant
2320 2408 215 91 Reconue
2604 2417 70 97 que

1095 2569 28 83 le
1161 2558 117 88 sieur
1355 2553 183 112 Lamure
1607 2548 62 110 est
1730 2543 221 116 Chargé
2016 2536 33 102 de
2090 2541 97 96 deux
2269 2528 366 92 Communautés

1107 2680 275 108 prétédentes
1427 2681 98 103 qu'il
1635 2673 67 110 Est
1755 2669 178 114 obligé
1996 2667 33 80 de
2084 2664 273 109 Remplacer
2436 2679 97 91 qu'il
2596 2676 41 82 na

1110 2830 72 88 que
1240 2813 144 95 trente
1450 2806 165 113 quarré
1684 2811 32 76 de
1769 2806 140 92 terre,
1947 2800 40 103 Et
2040 2798 226 108 quatorze
2350 2817 109 87 negre
2528 2815 102 76 pour

1116 3001 74 32 tous
1283 2997 102 34 ren,
1407 2997 38 39 et
1507 2933 185 95 sachant
1740 2932 68 95 que
1850 2928 30 99 la
1944 2923 176 105 famille
2170 2927 37 89 de
2250 2923 30 97 la
2330 2924 270 90 demoiselle

585 242 44 87 29
682 239 121 70 xbre
911 219 105 95 1729

794 518 40 226 me

796 3036 34 103 311

1133 3063 145 93 michel
1343 3052 56 113 et
1449 3050 183 112 sopose
1713 3062 1 72 a
1765 3045 77 91 son
1916 3045 213 105 mariage
2211 3069 91 76 avec
2369 3050 91 88 led.
2505 3037 181 105 Sieur–

558 3186 143 137 onrion
795 3181 44 90 vo
1114 3180 217 102 L'amiere
1410 3199 128 111 ainsy
1617 3193 99 124 qu'il
1814 3178 178 139 paront
2051 3176 69 146 par
2160 3175 39 123 la
2268 3178 326 136 procuvation
