3232 2816
995 192 2 49 M
1102 184 32 72 de
1158 197 98 57 Vaive

1129 294 85 108 29.
1252 310 2 66 9

1302 246 25 81 Va

985 493 112 94 M.
1113 471 271 143 Raymond

1147 772 378 116 Monseigneur

1986 860 0 73 M
2095 852 72 84 Col

1094 1074 24 86 ly
1160 1074 109 85 aprés
1305 1073 36 73 de
1371 1079 78 68 deux
1497 1089 55 58 ans
1624 1078 60 70 Que
1713 1081 55 68 sur
1809 1072 26 77 la
1870 1066 103 80 priére
2026 1079 55 67 que
2117 1060 79 77 jeûr
2219 1059 187 82 l'honneur
2454 1071 55 65 des

1065 1158 64 77 vous
1159 1157 82 74 faire
1294 1164 29 54 au
1352 1156 82 66 Nom
1481 1167 36 51 de
1558 1157 64 58 M.
1652 1149 158 70 L'éveque
1845 1161 37 48 de
1915 1146 102 74 Vaison
2055 1145 119 73 Comme
2213 1143 79 71 chef
2325 1141 37 51 de
2395 1138 78 53 l–

1075 1225 140 54 direction
1257 1233 38 49 de
1318 1221 164 72 l'hopital
1528 1228 33 52 du
1594 1228 56 54 lieu
1686 1233 44 51 de
1761 1221 216 64 pruymeras
2014 1222 19 49 en
2065 1207 222 71 dauphiné,
2298 1202 198 72 legaraire

1093 1290 158 58 universel
1295 1287 64 61 d'un
1404 1293 29 61 S^r
1453 1287 74 68 Jean
1562 1294 99 59 Pierre
1709 1289 114 61 Jullien
1862 1282 188 66 habitant
2089 1286 26 50 de
2148 1273 37 72 S^t
2203 1275 104 68 Pierre
2346 1270 203 61 martinique

1087 1365 114 57 decedé
1229 1362 28 57 En
1301 1361 56 69 1775
1403 1371 10 46 à
1439 1358 25 62 la
1510 1359 142 67 Grenade
1698 1372 30 47 où
1748 1363 21 49 il
1797 1355 2 58 a
1838 1344 48 71 été
1919 1352 185 61 assassiné,
2133 1350 73 47 vous
2234 1340 73 60 avei
2346 1332 164 66 daigués

1095 1436 32 45 me
1183 1423 83 67 faire
1316 1428 134 61 remettre
1510 1437 51 47 une
1611 1418 103 63 lettre
1744 1433 39 44 de
1831 1408 347 66 recommandation
2227 1408 34 53 de
2292 1396 176 62 votre–

1076 1490 194 66 Grandeur
1316 1501 115 52 auprés
1459 1500 37 50 de
1533 1484 129 64 M.M.
1689 1488 33 55 de
1754 1473 157 70 Boüillé
1951 1482 24 54 et
2007 1480 42 52 de
2093 1468 145 66 Peinier
2279 1464 185 54 alors–

1084 1562 221 56 Gouverneur
1342 1553 33 61 Et
1407 1552 212 57 Intendant
1650 1558 57 51 De
1738 1549 29 60 la
1830 1546 236 60 Martinique

1170 1622 33 75 Le
1239 1622 183 73 procureur
1469 1616 129 74 fondé
1630 1628 48 55 qui
1709 1606 118 77 devoit
1853 1612 22 67 se
1917 1609 134 58 rendre
2081 1600 82 63 dans
2182 1603 34 53 les
2246 1598 152 65 Colonies
2449 1600 39 46 ae

1100 1677 88 74 sujet
1229 1695 10 50 à
1295 1676 139 71 manqué
1485 1677 47 66 aux
1562 1672 231 72 Engagemens
1844 1664 74 73 qu'il
1951 1673 90 60 avoir
2065 1680 57 53 pris
2151 1656 28 73 Et
2207 1655 105 76 Egaré
2336 1651 146 64 votre–

1103 1750 88 50 lettre
1235 1755 0 46 ;
1266 1745 31 57 Je
1328 1744 79 59 viens
1469 1748 35 48 de
1539 1739 160 63 Charger
1732 1735 50 64 des
1811 1742 301 52 recouvremens,
2133 1733 20 56 et
2177 1737 1 46 a
2204 1728 27 49 la
2278 1721 213 62 martinique

1119 1812 24 51 et
1176 1806 9 57 à
1218 1810 24 55 la
1285 1804 162 68 Grenade
1487 1801 69 68 M.
1573 1802 25 66 de
1644 1795 185 69 Malherbe
1876 1790 143 73 Greffier
2051 1793 26 64 en
2103 1787 78 70 Chef
2212 1790 29 60 de
2264 1793 25 47 la
2326 1781 219 61 Senechaussee

1119 1881 31 66 du
1186 1875 72 71 fort
1289 1871 119 69 Royal
1463 1872 47 62 qui
1550 1871 145 64 dispose
1736 1866 1 57 d
1772 1859 53 68 son
1864 1860 171 64 prochain
2101 1847 176 74 depart.
2301 1842 182 65 d'ailleurs

1120 1938 142 55 MMM.
1283 1940 49 58 Les
1371 1927 354 62 Administrateurs
1772 1930 42 55 de
1856 1921 64 63 cette
1966 1919 56 57 Isle
2072 1918 64 58 sont
2166 1913 221 61 Changés.

1203 2008 35 56 Je
1272 2009 92 46 viens
1415 1994 227 66 aujourd'hui
1693 2001 66 53 vous
1792 1995 84 52 prier
1914 1993 127 56 encore,
2074 1986 288 57 Monseigneur,
2378 1982 105 52 de–

1144 2056 123 68 vouloir
1304 2055 63 60 bien
1419 2054 184 65 m'accorder
1660 2065 48 50 une
1755 2052 161 63 nouvelle
1963 2046 109 62 lettre
2109 2049 34 56 de
2170 2042 338 65 recommandation
