2752 3768
709 299 31 99 la
798 293 201 110 Cidélité
1063 288 114 99 d'un
1250 285 186 97 Esclave
1516 295 76 94 qui
1656 286 25 76 à
1723 282 269 89 découvert
2050 280 90 86 leur

716 420 203 90 retraite
986 435 1 71 ;
1017 415 62 87 ils
1146 412 222 88 désirent
1440 427 81 66 que
1575 404 32 89 la
1667 401 198 86 liberté
1925 403 75 82 lui
2066 406 100 74 soit

713 544 284 90 accordée,
1030 539 145 77 ainsi
1256 547 105 76 qu'a
1449 533 29 83 sa
1559 527 228 98 femme,
1828 529 97 88 aux
1986 521 138 96 frait
2178 519 50 84 du

710 668 167 97 Roi,
901 661 38 93 et
980 663 66 71 ils
1107 648 357 91 demandent
1533 642 31 79 la
1655 663 143 78 même
1867 641 144 96 grace
2066 652 136 73 pour

732 810 53 63 un
848 785 146 91 autre
1058 776 198 92 Esclave
1327 773 82 104 qui
1480 770 25 100 à
1574 762 242 106 apporté
1874 759 30 90 la
1983 762 88 89 tête
2121 755 88 94 d'un

705 913 136 97 Chef
893 909 39 87 de
991 904 256 89 Bande,
1267 900 253 93 Maron
1603 896 205 100 depuis
1877 896 29 70 14
1968 910 148 61 ans.

898 1038 41 130 Le
989 1032 205 134 Geolier
1255 1032 141 91 dont
1459 1027 28 89 la
1578 1019 322 133 négligence
1962 1023 22 122 à
2028 1012 221 126 facilité

719 1173 256 77 lerasion
1041 1165 76 78 des
1178 1169 124 70 deux
1379 1155 303 80 Esclaves,
1723 1162 48 65 est
1807 1172 49 53 en
1929 1148 222 74 Prison.

729 1298 59 89 les
835 1285 543 96 Administrateurs
1461 1276 310 85 attendent,
1805 1286 22 70 à
1875 1280 79 90 son
2009 1276 127 93 sujet
2199 1268 29 84 la

735 1422 229 90 décision
1044 1415 37 92 de
1142 1410 489 99 Monseigneur.
1664 1403 64 85 ils
1774 1395 284 89 observent
2105 1406 77 86 que

733 1566 69 75 cet
848 1549 282 94 homme,
1162 1554 178 72 ancien
1413 1532 213 96 soldat,
1659 1540 198 86 ayant
1918 1523 82 92 des

729 1678 341 97 Protecteurs
1134 1670 145 95 dans
1344 1668 36 91 la
1466 1660 292 94 Colonie,
1797 1653 265 101 pourroit
2116 1651 88 90 être

742 1816 204 88 absous
1027 1807 29 70 si
1112 1814 49 71 on
1222 1801 62 85 lui
1346 1794 197 97 faisoit
1607 1801 79 78 son
1743 1785 241 92 procès,
2003 1783 33 88 et
2080 1778 54 84 ils

737 1939 313 102 proposent
1100 1941 51 79 en
1182 1927 373 103 conséquence,
1601 1930 41 75 de
1702 1923 27 74 le
1796 1932 243 88 renvoyer
2093 1926 47 69 en

734 2080 239 96 france,
999 2089 39 83 et
1094 2068 282 93 d'accorder
1449 2070 23 88 à
1522 2063 38 81 la
1640 2074 148 75 veuvé
1868 2055 45 103 de
1963 2053 163 102 Garet
2176 2054 31 88 la

742 2227 170 77 demie
979 2195 135 96 solde
1172 2197 143 118 dont
1374 2191 29 123 il
1472 2192 167 121 jouit.
1691 2187 62 96 les
1823 2183 298 125 différentes

751 2351 376 87 récompenses
1223 2331 313 98 distribuées
1616 2324 275 92 d'ailleurs
1977 2332 19 74 à
2039 2337 113 76 ceux
2225 2332 63 73 qui

761 2487 88 71 ont
899 2484 294 74 concouru
1278 2490 19 54 à
1342 2488 58 60 ces
1479 2468 128 78 deux
1715 2459 409 82 expéditions,

776 2606 325 90 n'excedent
1162 2622 100 64 pas
1336 2599 32 85 la
1461 2597 206 85 somme
1741 2591 45 82 de
1841 2597 119 76 800^lt

915 2735 85 114 Les
1065 2751 191 98 graces
1331 2735 331 106 demandées
1745 2763 149 75 pour
1943 2735 58 85 les
2068 2735 124 97 deux

753 2883 240 84 Esclaves
1078 2879 120 81 sont
1263 2874 100 94 bien
1474 2867 292 95 méritées,
1798 2874 34 82 et
1878 2887 40 67 ne
1970 2875 246 83 peuvent

769 3058 86 35 que
1049 3054 92 16 var
1275 3054 24 16 se
1360 3053 242 21 ruoreur
1695 3003 115 88 effet
1877 3003 67 84 sur
2017 3001 189 87 'esprit

769 3134 39 77 de
868 3121 160 105 leurs
1119 3114 396 103 semblables.
1561 3114 31 109 la
1660 3119 365 106 proposition
2101 3118 84 100 des
