3232 3640
1032 323 38 60 les
1099 323 269 83 re패parations
1416 323 33 75 de
1478 323 33 85 la
1571 326 213 85 chapelle
1838 329 151 86 situe패e
2049 331 77 73 sur
2168 335 26 85 le
2248 355 94 63 pout
2397 357 82 69 tout

1028 412 105 78 prest
1179 411 33 77 de
1270 408 27 75 la
1348 410 93 67 Ville
1512 409 40 68 de
1617 410 296 89 Carpentras
1970 411 35 92 je
2042 418 41 85 ly
2120 422 114 81 legue
2291 434 113 67 cent

1027 493 112 87 livres
1198 497 158 91 argent
1408 502 40 84 de
1507 489 165 93 France

1097 597 84 72 Item
1295 595 42 88 Je
1379 594 132 89 legue
1565 616 12 47 a
1625 594 30 71 la
1703 594 235 82 chapelle
1980 596 36 79 de
2082 594 126 79 Notre
2262 602 174 67 dame

1026 697 32 70 de
1121 702 58 63 vie
1274 695 148 74 situe패e
1496 699 122 69 dans
1665 701 26 71 le
1750 697 168 72 terroir
1982 697 37 67 de
2082 707 211 62 venorues
2362 707 132 67 diocese

1037 793 23 64 de
1100 788 301 79 Carpentras
1474 790 102 75 pour
1633 792 34 61 la
1730 788 290 83 re패poration
2070 799 34 61 de
2155 790 30 77 la
2235 792 86 66 dite
2359 802 171 73 chapelle

1040 883 0 71 a
1083 879 191 87 laquelle
1329 879 25 89 je
1390 879 62 89 fut
1513 890 191 73 promis
1772 877 61 71 des
1901 888 105 71 mon
2055 880 221 86 enfance
2326 897 36 59 et
2424 897 0 57 a

1024 964 182 93 laquelle
1257 968 25 89 je
1351 971 170 78 promit
1615 979 164 67 avant
1892 992 101 52 mon
2043 974 164 88 depart
2244 975 32 90 de
2320 977 176 80 france

1040 1070 55 73 que
1150 1063 68 86 s'y팯
1261 1063 24 74 le
1316 1066 86 88 tout
1488 1068 258 86 puissant
1863 1079 43 75 me
1949 1069 270 89 favorisoit
2275 1074 30 62 de
2348 1071 154 76 retirer

1023 1184 35 57 en
1100 1186 48 61 ces
1201 1172 119 75 islles
1391 1177 226 81 quelques
1658 1179 131 76 biens
1848 1197 36 67 je
1931 1181 54 83 ly팯
2014 1191 42 70 en
2098 1180 130 85 feroy팯
2276 1193 118 65 part
2448 1197 30 51 de

1027 1278 172 80 quelque
1249 1276 127 74 chose
1460 1291 0 51 a
1521 1276 216 82 laquelle
1809 1276 227 81 chapelle
2081 1292 27 61 je
2158 1281 128 75 legue
2352 1276 61 72 six

1019 1371 113 82 Cents
1174 1372 124 73 livres
1364 1372 178 86 argent
1596 1378 30 78 de
1697 1372 167 86 France
1923 1376 42 74 et
2024 1383 48 64 au
2161 1380 172 77 moyen
2387 1384 48 60 de

1023 1463 90 80 cette
1179 1460 193 73 somme
1450 1460 90 81 sera
1601 1462 60 83 dit
1733 1467 120 82 deux
1955 1462 169 84 messes
2160 1483 18 66 a
2214 1478 289 70 perpetuitte패

1034 1574 98 72 pour
1183 1571 23 77 le
1270 1569 120 83 repot
1459 1571 35 62 de
1597 1582 98 64 mon
1781 1591 126 53 ame
1976 1591 86 67 que
2126 1586 103 68 pour
2292 1577 92 73 feut
2424 1577 92 66 mon

1033 1666 95 61 pere
1190 1663 34 57 et
1318 1661 92 62 mere

1100 1741 107 83 Item
1288 1746 24 80 Je
1365 1750 123 82 legue
1563 1753 96 87 deuux
1710 1761 114 67 cents
1886 1770 138 74 livres
2074 1770 2 76 a
2121 1762 248 87 chacune
2409 1773 78 79 des

1031 1844 105 82 filles
1192 1851 58 76 qui
1302 1847 76 68 s'est
1446 1859 138 63 marie패e
1641 1856 30 70 de
1709 1851 65 77 feut
1835 1852 174 83 mattant
2065 1859 99 77 seur
2422 1862 29 56 de

1025 1949 74 64 feut
1164 1950 85 67 mon
1293 1952 89 64 pere
1447 1953 326 69 actuellement
1822 1957 54 65 au
1930 1958 217 67 poimeros
2208 1961 42 54 ou
2331 1962 94 66 aux

1035 2024 187 76 environs
1282 2041 142 68 argent
1473 2030 30 80 de
1540 2031 143 80 france
1743 2050 30 58 et
1855 2048 53 62 m^r
1945 2041 24 68 le
2007 2056 102 59 Cure패
2142 2041 34 69 de
2215 2050 29 66 la
2282 2042 181 82 Paroisse

1032 2100 37 75 du
1094 2099 64 75 lieu
1224 2127 37 47 de
1328 2104 229 98 Puimeras
1603 2119 43 83 est
1686 2111 90 87 prie패
1830 2139 29 63 de
1920 2128 49 81 ly팯
2003 2121 104 89 faire
2168 2122 118 85 tenir
2347 2140 56 66 au
2436 2138 63 82 cas

1037 2200 77 69 qu'il
1155 2211 27 64 ne
1224 2206 157 71 fussent
1422 2216 65 58 pas
1539 2212 113 65 dans
1684 2204 97 76 ledit
1834 2207 64 76 lieu
1946 2226 38 56 de
2058 2206 273 74 Puimeras

1077 2293 114 80 Item
1267 2305 25 69 je
1327 2295 108 87 leque
1517 2313 1 65 a
1618 2301 203 83 Monsieur
1886 2303 203 83 Thibout
2153 2315 72 69 mon
2266 2309 221 83 Executeur

1035 2379 333 91 testamentaire
1444 2388 61 85 six
1568 2403 109 64 mille
1735 2398 132 85 livres
1919 2420 108 65 pour
2080 2404 48 87 ses
2169 2414 167 75 peines
2371 2418 36 65 et

1039 2469 110 88 soins
1217 2475 105 93 qu'il
1371 2486 239 92 prendrat
1685 2490 130 90 dans
1877 2496 35 84 la
1960 2507 119 86 regie
2126 2510 29 82 et
2198 2507 316 95 administration

1033 2575 27 80 de
1116 2602 54 66 ma
1226 2580 209 89 presante
1492 2586 222 93 sucession
1789 2611 112 68 pour
1945 2607 41 80 en
2022 2596 105 88 faire
2178 2606 156 81 retirer
2385 2622 54 68 les

1022 2679 111 87 fonds
1184 2683 53 91 s'y
1294 2683 156 90 auciun
1521 2689 84 87 san
1650 2696 156 83 trouve
1857 2693 91 79 e팩tre
1993 2693 78 87 dus
2123 2710 13 60 a
2174 2701 33 87 la
2258 2705 201 83 Grenade

1032 2799 53 80 que
1172 2782 207 83 aillieurs
1432 2784 47 97 en
1525 2786 107 93 faire
1692 2786 147 89 tenir
1899 2796 54 89 les
1993 2788 126 93 fonds
2159 2810 54 76 en
2266 2794 214 93 france,

1024 2903 34 63 et
1114 2879 173 101 aquiter
1356 2882 355 102 generalement
1779 2894 71 86 tous
1904 2899 50 76 ses
2001 2909 43 85 leg
2098 2925 84 65 par
2251 2919 105 84 moy팯
2383 2912 84 86 fait

1027 2968 105 98 dans
1193 3005 78 67 mon
1325 2976 188 92 present
1608 2977 266 102 restament
1934 2988 273 99 olographe
2260 3010 204 81 soubtenir

1025 3076 50 78 les
1108 3100 148 76 proces
1302 3075 51 101 s'y
1407 3076 71 94 sen
1518 3078 162 98 trouve
1768 3086 93 92 faire
1922 3089 161 96 rontrer
2151 3096 148 97 toutce
2360 3124 84 67 qui

1021 3182 32 61 se
1089 3156 200 98 trouvera
1378 3164 72 97 e팩tre
1507 3171 86 88 dut
1667 3180 2 83 a
1758 3191 63 84 ma
1872 3178 246 112 sucession
2192 3215 1 55 a
2237 3205 223 93 laquelle

3044 348 33 75 Je

3036 457 79 46 recu

3030 509 86 94 sain

3026 614 106 77 Jille

3030 705 82 57 Acte

3035 790 84 70 qu'il

3033 864 87 82 leur

3035 976 0 56 1

3037 1076 16 50 a
3099 1059 26 67 la

3053 1164 72 65 mon

3029 1246 93 82 pret

3025 1332 107 126 dessu

3029 1463 78 53 rec0

3022 1552 111 71 teme

3021 1640 107 102 Avis

3018 1749 109 70 faire

3035 1853 63 71 que

3032 1937 90 71 cha

3020 2041 34 76 et
3099 2046 24 71 je

3029 2123 96 71 moc

3013 2215 119 87 iajus

3037 2348 7 58 d

3004 2422 130 131 etLeg

3018 2539 107 59 mon

3014 2640 112 70 pres

3025 2718 67 73 hu

3019 2836 39 70 et

3027 2938 103 69 euor

3018 3043 103 69 mes

3031 3140 64 75 que

3026 3245 3 78 2
