3232 3640
1146 346 99 83 Jean
1300 345 135 89 Pierre
1490 347 154 84 Julien
1730 354 79 84 fait
1852 370 43 57 en
1938 371 19 62 ce
2012 357 135 78 bourg
2196 353 19 71 le
2270 355 123 84 Vingt
2429 355 197 77 huitieme

1171 452 96 65 mars
1347 443 65 76 mil
1460 442 80 77 sept
1604 453 86 66 cent
1738 447 257 71 cinquante
2054 444 118 74 sept,
2204 450 364 70 commencant

1151 537 66 55 par
1261 536 49 50 ces
1376 520 137 76 mots,
1568 523 44 70 au
1672 530 82 57 nom
1820 526 44 68 du
1924 521 126 79 père,
2078 521 43 75 du
2176 521 60 79 fils
2286 531 33 51 et
2368 522 60 60 du
2461 521 33 61 s^t
2510 528 116 67 Eprite

1147 620 26 67 et
1217 612 216 91 finissant
1510 619 70 68 par
1624 625 83 78 ceux
1758 637 19 52 ci
1840 637 0 52 "
1909 620 27 91 la
1973 622 185 91 presente
2208 626 96 89 page
2367 624 77 92 fait
2488 632 90 85 neuf

1147 716 131 93 pages
1323 715 137 97 ecrites
1513 722 41 67 de
1621 737 61 57 ma
1783 739 115 51 main
1999 723 156 92 propre
2201 733 28 78 et
2282 729 137 93 signé
2479 729 41 66 de
2567 748 47 50 ma

1167 839 107 55 main
1341 829 135 69 propre
1555 821 129 80 signé
1757 821 112 62 Jean
1954 821 129 82 Pierre
2139 822 202 81 Julien,
2375 824 28 66 et
2453 839 124 62 après

1152 935 101 63 avoir
1311 935 206 64 paraphé
1575 935 96 65 tant
1743 936 110 64 ledit
1925 932 250 69 testament
2242 945 68 57 que
2367 932 48 70 son
2444 940 197 63 enveloppe

1156 1018 89 74 nous
1298 1017 128 74 avons
1468 1015 127 77 remis
1660 1015 18 58 le
1737 1011 94 76 tout
1919 1011 159 71 audit
2160 1011 44 62 M^e
2253 1011 225 83 Emerigon
2527 1024 88 66 pour

1151 1085 96 96 rester
1297 1087 161 96 déposé
1508 1098 45 80 au
1610 1095 141 90 Ranq
1800 1089 37 73 de
1896 1085 51 77 ses
2020 1083 218 97 minutes,
2267 1083 30 91 et
2333 1087 44 96 en
2442 1092 81 91 être

1150 1207 64 58 par
1261 1193 53 64 lui
1361 1191 159 79 délivré
1578 1192 100 75 telles
1731 1189 264 87 expeditions
2054 1196 65 78 que
2160 1190 23 69 de
2218 1190 124 75 droit,
2383 1195 29 67 de
2448 1198 94 71 tout

1159 1302 95 61 quoi
1295 1297 94 67 nous
1448 1288 123 81 avons
1629 1284 178 85 accordé
1872 1285 82 82 acte
2025 1284 135 72 audit
2242 1296 48 50 me
2354 1284 218 79 Bonnet

1160 1382 45 62 au
1281 1381 72 65 nom
1423 1373 105 75 qu'il
1576 1372 88 71 agit
1751 1378 94 66 pour
1905 1367 137 72 servir
2096 1367 28 60 et
2189 1367 153 60 valoir
2392 1381 21 58 ce
2457 1380 71 63 que
2566 1378 28 57 de

2545 1424 47 53 aillo

1165 1462 144 69 droit,
1383 1460 281 70 odonnons
1723 1476 69 56 que
1855 1456 26 62 la
1940 1456 173 73 requête
2177 1456 105 66 dont
2320 1456 51 67 est
2439 1464 174 63 mention

1156 1556 30 76 ci
1232 1547 147 95 dessus
1441 1538 78 102 sera
1566 1538 147 102 Jointé
1767 1538 50 96 au
1859 1536 201 91 présant
2130 1552 139 73 procès
2331 1541 153 84 Verbal
2526 1556 97 66 pour

1159 1652 102 65 rester
1318 1663 102 56 avec
1482 1653 63 67 lui
1607 1659 23 72 es
1715 1647 216 78 minutes
1982 1646 57 80 du
2084 1646 119 79 greffe
2260 1650 28 59 et
2339 1647 74 66 ont
2470 1644 91 70 tous

1156 1740 33 87 les
1221 1739 276 93 suynommés
1562 1735 132 95 signé
1753 1755 85 54 avec
1904 1744 137 78 nous.

1313 1823 135 97 Signé
1519 1842 276 81 Emerigon.
1852 1836 226 83 Bonnet,
2135 1824 35 80 P.
2206 1824 248 105 Emargon,
2482 1826 149 103 Petit.

1597 2054 129 94 Pour
1793 2027 113 114 Copie
1988 2014 184 105 litterale
2245 2006 5 102 &
2317 1994 205 118 conforme

1606 2186 20 68 à
1681 2149 29 101 la
1765 2146 165 105 misente
2031 2131 173 109 déposie
2280 2157 47 64 au
2386 2128 116 95 Geffe
2561 2121 48 88 de

1599 2283 27 70 ce
1678 2256 210 110 tribunal
2011 2246 36 114 de
2092 2261 233 91 premiere
2402 2233 216 112 jnstance

1418 2426 0 76 M
1605 2366 159 133 Pierre
1857 2390 348 107 Martinique
2284 2398 33 79 ce
2388 2350 106 124 neof

1394 2538 108 84 juin
1564 2520 66 93 mil
1712 2507 103 100 hit
1891 2530 80 68 cent
2039 2497 123 103 vingt
2209 2500 123 74 ten

1686 2607 55 122 Le
1799 2599 158 128 Greffier
2007 2604 141 98 onchief

1963 2737 7 87 a

1486 2904 153 101 Nous
1715 2909 116 99 Jean
1906 2915 206 104 aivans
2181 2923 175 100 astorq,
2387 2939 221 77 chevalier

1193 2990 24 92 de
1263 2991 136 95 l'ordre
1453 2999 168 107 Royale
1675 3019 33 60 de
1777 3011 25 86 la
1872 3002 144 108 Légion
2086 3015 269 94 d'honneur,
2378 3030 222 88 conseiller

1190 3085 200 102 honoraire
1466 3103 37 77 en
1536 3098 31 86 la
1615 3097 100 98 cour
1784 3101 165 97 Royale
2025 3112 30 88 de
2088 3110 80 87 cette
2222 3109 95 97 île,
2344 3123 30 73 et
2413 3114 223 99 Président

2743 2657 32 133 du
2833 2636 259 221 ponlígatien

2848 2810 97 153 Dour
2962 2824 23 139 le
3035 2881 95 83 Moine

2753 2956 156 83 Marne
2931 2974 19 64 et
2984 2976 43 62 des
3043 2961 80 77 Colo
