3200 3832
473 241 91 109 Lettre
625 266 34 89 du
697 266 73 88 sieur
808 244 123 117 Preval
1000 271 3 83 a

437 351 135 87 Mad^ele
611 356 109 117 michel
784 357 35 117 du
874 381 3 99 3
916 381 77 95 Juin

437 422 106 115 1729

1084 269 450 106 Mademoiselle

1062 576 250 109 Nayans
1370 598 154 81 jamais
1605 583 140 88 doutte패
1810 583 31 98 de
1876 592 103 99 Vostre
2031 587 58 104 bon
2154 588 127 108 goust,
2331 591 60 105 j'en
2456 606 44 81 ay
2567 593 89 88 Este패

1079 699 226 107 vrayment
1388 704 226 102 persuade패
1685 724 73 87 par
1830 704 22 71 le
1938 713 137 80 porteur
2162 708 43 79 de
2299 711 137 93 vostre패
2508 711 101 76 lettre

1058 829 37 54 En
1171 830 33 60 un
1274 826 54 68 mot
1393 827 309 78 Mademoiselle
1765 828 62 73 M.
1856 834 40 71 de
1933 835 27 74 la
2020 837 91 70 Mere
2192 835 54 78 Est
2311 835 168 75 homme
2549 836 87 73 qui

1052 926 125 106 flate
1260 927 32 103 Et
1359 932 210 106 persuade
1652 945 55 88 des
1774 934 33 111 La
1851 939 194 106 premiere
2120 940 131 81 veu팯e;
2311 969 24 64 et
2389 970 31 60 ne
2511 947 93 96 suis

1073 1050 243 94 nullement
1385 1050 169 98 surpris
1642 1051 100 100 qu'il
1844 1065 99 84 vous
2033 1071 48 67 ait
2158 1058 154 102 rendu팯e
2386 1060 224 96 sensible,

1048 1162 34 98 Et
1149 1166 189 91 souhaite
1412 1164 27 98 de
1493 1176 74 83 tout
1635 1167 74 92 mon
1790 1176 142 88 c콉ur,
1985 1170 115 90 qu'une
2181 1170 162 94 chaine
2424 1169 33 87 si
2505 1168 94 83 belle

1034 1285 70 102 soit
1152 1285 260 117 Eternelle,
1451 1285 32 117 Je
1530 1285 87 113 vous
1703 1300 79 102 prie
1892 1317 40 72 ma
2003 1292 102 110 Chere
2200 1317 86 83 niece
2365 1285 252 117 d'jnterceder

1052 1436 79 83 pour
1246 1431 94 92 moy,
1412 1430 86 96 pour
1563 1422 72 100 qu'il
1736 1422 182 66 Macorde
1988 1424 52 76 son
2104 1424 203 106 Estime;
2355 1426 31 104 je
2450 1445 59 58 men

1033 1544 231 70 Penderar
1330 1545 103 71 digne패
1495 1547 216 72 Cherchant
1777 1549 104 71 toutes
1936 1551 42 71 les
2023 1561 191 63 occasions
2326 1555 37 71 de
2450 1579 92 49 vous

1042 1692 173 98 procurer
1286 1682 0 65 a
1373 1675 71 117 L'un
1523 1689 31 60 et
1617 1694 0 65 a
1688 1677 142 115 Lautre
1917 1682 63 110 que
2059 1677 31 100 je
2153 1675 118 89 seray
2334 1675 111 73 toute
2516 1687 47 71 ma

1054 1809 47 61 vie
1208 1811 36 61 ma
1321 1798 101 77 Chere
1506 1799 77 80 niece
1654 1796 119 83 Vostre
1832 1796 66 80 tre패s
1939 1796 197 84 humble
2207 1798 30 76 Et
2296 1800 59 84 tres
2409 1802 184 82 obeissant

1043 1909 183 117 serniteur
1295 1905 131 123 signe패
1461 1909 0 92 a
1539 1908 193 127 Loriginal
1790 1925 89 108 Jean
1947 1930 28 98 de
2034 1911 202 122 Prenal,
2286 1950 37 65 au
2400 1921 158 103 Galtion

1038 2039 29 96 Le
1130 2039 199 99 troisiesne
1385 2042 78 89 Juin
1569 2044 64 99 mil
1711 2040 92 101 sept
1845 2039 92 79 cent
2008 2052 128 88 vingt
2199 2039 128 102 neuf.
2369 2046 142 88 Mes

1025 2154 186 89 Civilite패z
1247 2171 0 59 a
1289 2162 67 69 M.
1386 2155 198 79 Dubois.

1024 2239 30 98 Et
1119 2239 45 101 sur
1207 2239 23 96 la
1281 2239 264 109 suscription
1603 2271 22 71 de
1684 2269 22 68 la
1750 2248 88 93 lettre
1912 2257 73 91 Est
2044 2254 110 97 Exrit
2212 2268 0 80 a
2271 2257 323 92 Mademoiselle

1043 2352 309 102 Mademoiselle
1414 2363 159 89 Michel
1634 2360 243 97 Demeurant
1936 2367 92 82 chez
2067 2367 71 74 M^r
2184 2368 195 103 Dubois
2425 2371 161 102 Jourdam

1035 2490 23 73 a
1091 2471 36 95 la
1181 2473 308 96 Bassepointe

1033 2607 231 93 Monsieur
1317 2607 26 96 Et
1389 2615 53 88 tres
1469 2607 105 96 Chere
1627 2628 80 71 Bien
1773 2627 105 68 anne
1931 2639 27 52 on
1997 2628 46 71 dle

419 2730 60 78 M^r
524 2732 33 77 du
577 2734 78 75 bois
701 2737 151 74 jourdain
911 2730 33 81 du
1034 2722 86 90 Tous
1192 2724 27 78 ce
1245 2736 52 73 qui
1336 2727 54 90 est
1448 2741 1 63 a
1493 2727 113 93 vostre
1664 2733 118 91 choix
1860 2731 28 78 ne
1919 2731 80 83 doit
2063 2735 237 83 nullement
2396 2755 41 75 me
2501 2735 87 92 faire

1013 2829 131 93 hesiter
1190 2831 32 89 de
1268 2834 151 84 donner
1504 2854 65 71 mon
1621 2844 295 88 Consentement
1967 2865 2 64 a
2019 2848 192 94 Monsieur
2287 2851 290 93 Lamure,

1032 2948 202 102 dautant
1293 2952 83 89 plus
1443 2962 60 90 que
1577 2955 67 99 jay
1704 2954 210 86 l'honneur
1987 2978 33 59 de
2053 2965 42 98 le
2159 2963 203 96 Connoistre
2420 2965 98 98 dans
2570 2969 46 93 les

1019 3060 149 88 termes
1262 3071 61 88 que
1395 3065 90 107 vous
1571 3073 194 105 pensez.
1807 3075 179 97 Madame
2043 3092 38 68 de
2109 3096 24 78 la
2190 3089 185 96 Chause패e
2426 3087 89 87 vous

1014 3204 120 88 assure
1194 3205 37 105 de
1291 3199 45 96 ses
1373 3199 194 107 Respect;
1620 3199 224 91 j'embrasse
1919 3206 44 95 ma
2001 3203 149 105 Consime
2217 3210 157 100 accordez
2434 3215 112 95 moye

725 713 146 84 NCIVES

420 2654 79 96 Lettre
531 2657 27 91 du
589 2666 27 69 S^r
654 2650 34 94 La
733 2661 157 80 Chausse패
941 2680 14 60 a

398 2856 0 0 1
446 2799 67 114 Juin
552 2811 84 103 1729

1000 3320 25 109 Je
1085 3319 85 120 vous
1221 3329 76 105 prie
1365 3324 203 113 toujours
1636 3334 110 81 vostre
1806 3323 187 119 amitie패,
2025 3329 28 109 Je
2110 3323 112 121 feray
2271 3350 45 90 En
2381 3328 104 105 sorte
2543 3350 36 91 de
