3232 3680
191 327 77 56 sur
303 327 27 57 le
386 327 97 61 pout
534 330 77 61 tout

182 395 44 81 ly
260 401 115 80 legue
434 407 108 78 cent

161 576 1 72 a
222 569 123 76 notre
400 567 172 77 Dame

149 681 15 63 le
227 690 206 59 venoreur
501 681 137 71 diocese

163 769 0 63 n
216 772 32 62 de
301 767 28 69 la
381 764 86 75 dite
503 764 175 79 Chapelle

194 861 222 81 enfance
460 860 34 67 et
560 864 0 57 a

178 952 170 89 depart
387 950 32 94 de
457 952 177 92 France

176 1044 191 76 vorisoit
426 1042 28 66 de
497 1040 159 79 retirer

161 1164 41 72 en
242 1157 123 85 feroy
418 1169 122 68 part
593 1170 35 58 de

151 1267 33 60 de
226 1267 33 60 je
306 1252 124 72 legue
498 1246 65 74 six

171 1357 50 62 au
305 1357 172 70 moyen
530 1360 54 67 de

151 1445 122 70 esses
312 1448 11 77 a
361 1442 288 80 parpetuitte

185 1559 28 65 ne
275 1551 107 67 pour
444 1547 95 80 feut
573 1549 101 79 mon

170 1743 58 78 sa
276 1743 243 77 chacune
567 1743 69 73 des

149 1840 18 61 et
222 1833 100 67 seur
576 1832 33 61 de

151 1933 161 67 imeros
370 1928 39 68 ou
494 1931 92 65 aux

166 2021 100 74 cure
301 2018 35 72 de
371 2012 36 73 la
442 2010 175 83 Paroisse

163 2101 102 83 faire
324 2099 120 80 tenir
504 2120 53 58 au
599 2109 60 72 cas

213 2181 277 76 Peimeras

145 2279 102 80 bout
309 2290 71 76 mon
416 2281 224 93 Executeur

171 2401 0 56 u
232 2395 50 72 les
326 2389 161 81 peines
520 2399 39 70 et

186 2484 46 91 qee
285 2495 26 64 et
358 2481 319 101 administration

181 2583 106 71 faire
333 2585 154 73 retirer
544 2602 43 62 les

156 2672 80 77 dus
281 2688 14 61 a
333 2676 35 90 la
419 2676 207 89 Grenade

152 2770 124 83 fonds
317 2792 49 80 en
421 2770 206 97 france,

167 2890 42 86 leg
256 2901 77 68 par
393 2892 119 83 moy
535 2891 84 79 fait

184 2968 181 94 graphe
421 2978 206 85 soubtenir

154 3065 92 83 etrer
312 3071 145 86 toutce
515 3095 87 63 qui

220 3160 87 276 eons
333 3173 30 266 a
390 3168 30 273 le
447 3179 181 271 subire

1154 337 32 63 je
1255 332 38 69 me
1349 329 151 65 trouve
1562 346 59 76 auux
1669 337 122 78 droits
1826 348 40 74 de
1946 345 191 86 messieurs
2185 350 152 87 Nielly
2367 359 77 75 par
2493 351 83 79 acte

1150 418 77 62 recu
1290 422 64 57 par
1430 408 100 75 metre
1610 417 25 72 le
1669 414 128 81 Vache
1866 438 163 57 notaire
2105 423 134 79 Royal
2285 427 140 76 audit
2472 427 157 81 Bourg

1147 487 111 87 saint
1317 489 110 75 pierre
1481 511 49 58 en
1573 491 80 87 date
1700 501 44 71 du
1802 497 130 81 Vingt
1973 506 92 74 sept
2118 504 244 84 septembre
2422 500 177 81 dernier

1141 582 111 64 mille
1305 581 76 83 sept
1428 585 88 69 cent
1581 581 275 82 cinquante
1903 582 53 82 six
2032 599 53 59 au
2161 599 153 69 moyen
2373 585 205 80 duquel

1152 669 82 63 acte
1292 667 29 67 je
1362 663 98 73 suis
1524 661 198 82 subroger
1774 680 41 66 en
1861 664 82 82 tous
1984 676 52 64 ces
2077 670 110 72 droits
2216 665 285 81 concernant
2553 669 29 72 ce

1154 759 79 78 qu'il
1285 759 193 70 pourroit
1546 761 97 72 leur
1705 770 188 64 revenir
1956 764 45 57 de
2046 760 40 72 la
2143 762 233 74 succession
2439 763 34 64 de
2524 761 97 75 feut

1145 843 83 73 leur
1287 847 119 83 oncle
1483 844 95 83 sieur
1631 846 214 86 Francois
1910 847 155 85 Nielly
2118 850 48 82 les
2195 861 143 73 ayant
2373 849 285 79 entierement

1153 941 128 81 payes
1329 938 90 83 soit
1461 940 40 74 en
1568 943 159 89 argent
1807 950 71 78 que
1927 954 158 79 reprise
2135 964 57 74 que
2236 964 25 74 je
2305 953 88 73 leur
2437 968 57 72 ay
2531 963 25 64 ce
2588 955 50 71 de

1148 1041 18 56 a
1211 1040 24 70 la
1279 1036 203 78 Grenade
1544 1044 196 72 comme
1813 1052 98 72 aper
1967 1046 70 73 par
2071 1046 127 76 leditt
2238 1057 69 64 acte
2336 1051 29 62 et
2387 1053 29 61 sa
2449 1052 225 80 dependamen

1170 1122 171 78 mondit
1380 1123 100 74 Sieur
1536 1126 211 84 Thibaut
1815 1139 146 73 aurat
2025 1136 35 80 sa
2118 1140 302 78 commission
2496 1139 110 79 qu'il

1140 1223 216 72 prelevera
1439 1224 461 77 independamant
1977 1229 56 70 des
2077 1226 66 80 six
2227 1228 105 75 mille
2398 1228 150 71 livres
2603 1242 39 59 cy

1142 1312 134 88 dessus
1331 1314 201 86 laquelle
1568 1316 189 79 Ssomme
1811 1339 43 53 de
1915 1320 54 82 six
2042 1321 104 74 mille
2207 1322 121 85 livres
2395 1333 103 79 n'est
2547 1338 110 72 qu'en

1149 1414 390 88 reconnoissance
1587 1414 85 76 des
1733 1418 158 81 bontes
1940 1427 24 67 et
2025 1418 164 83 services
2232 1422 91 72 qu'il
2390 1418 61 79 ma
2499 1418 177 86 toujour

1142 1521 246 78 temoigner
1433 1537 25 63 et
1526 1524 192 74 prendra
1782 1519 47 73 sa
1893 1519 319 83 Commission
2288 1519 98 78 telle
2439 1523 145 76 qu'il

1142 1609 173 89 Avisera
1371 1612 205 80 bonnestre
1644 1631 38 51 et
1744 1608 155 89 ainsy
1936 1611 56 79 des
2035 1617 218 83 depentes
2321 1615 105 83 qu'il
2476 1627 149 59 pourra

1136 1714 113 76 faire
1302 1714 125 77 dans
1475 1711 47 83 les
1582 1713 184 82 affaires
1843 1711 42 79 de
1992 1731 53 61 ma
2111 1705 89 82 dite
2260 1705 315 85 succession

1155 1820 60 83 qui
1245 1826 30 75 je
1342 1813 24 88 le
1402 1817 78 82 prie
1552 1812 36 83 de
1666 1810 283 85 souhaigner
1997 1808 36 75 et
2094 1815 36 72 en
2202 1809 234 82 acquitter
2503 1804 72 72 les

1145 1913 219 80 charges
1426 1914 34 67 de
1499 1909 107 80 faire
1656 1908 203 72 comme
1920 1923 113 60 pour
2088 1903 63 79 lui
2229 1911 129 62 meme
2425 1903 51 67 les
2526 1902 124 68 droits

1148 1999 33 78 et
1231 1996 305 80 pretentions
1581 2009 38 64 de
1675 1997 39 81 la
1775 1996 222 81 presantte
2052 1995 256 81 succession
2389 1994 97 81 tous
2534 2002 57 58 les

1153 2099 137 84 proces
1349 2100 244 81 pendant
1677 2110 41 56 et
1790 2116 65 66 que
1921 2099 101 84 ceux
2088 2113 125 70 quon
2260 2108 221 72 pourroit
2516 2098 143 76 suciter

1137 2187 323 90 injustement
1531 2203 20 65 a
1636 2214 59 63 ma
1766 2207 244 80 presente
2067 2197 295 94 succession

1174 2303 164 84 Item
1413 2303 38 82 Je
1501 2303 133 89 legue
1696 2306 44 79 et
1822 2304 245 85 nomme
2137 2305 113 84 pour
2325 2302 327 83 monheritier

1132 2398 28 98 et
1193 2396 260 100 Legataire
1540 2394 349 85 huniverssel
1976 2394 206 90 lopital
2242 2399 35 80 du
2304 2394 62 78 lieu
2420 2406 28 75 du
2475 2383 198 90 Poimeros

1146 2511 93 70 mon
1296 2511 92 77 pais
1462 2505 174 75 natal
1722 2513 69 73 que
1825 2503 18 69 je
1923 2507 219 67 nomme
2227 2503 88 75 par
2401 2503 155 61 mon

1144 2606 204 78 present
1420 2600 308 78 testament
1800 2597 295 93 olographe
2206 2612 93 65 mon
2370 2590 250 94 legataire

1147 2700 287 74 huniversel
1506 2702 41 74 et
1607 2700 180 84 lequel
1865 2707 230 74 hopital
2139 2709 63 69 est
2257 2702 365 76 commance

1151 2809 35 73 et
1243 2809 102 75 qu'il
1396 2811 45 77 n'a
1498 2814 80 74 pas
1623 2818 46 62 de
1731 2802 108 79 fond
1907 2819 97 60 aces
2078 2802 113 77 pour
2254 2800 215 62 achever
2521 2795 113 62 cette

1157 2906 123 80 euvre
1367 2904 36 68 de
1456 2901 241 79 charitte
1774 2915 29 57 je
1868 2901 59 76 ly
1980 2899 129 78 leque
2191 2893 324 87 generalement
2590 2893 77 80 tous

1153 3006 99 74 mes
1322 3009 140 96 autres
1519 3001 126 104 biens
1722 3001 345 104 prettantions
2137 3003 35 102 de
2242 3008 204 90 quelque
2516 3003 162 77 nature

1167 3108 60 85 que
1268 3117 34 51 ce
1355 3097 81 71 soit
1537 3099 115 96 toute
1706 3099 74 98 fois
1868 3099 47 98 les
1969 3099 141 98 legues
2158 3119 40 80 cy
2252 3101 142 98 dessus
2454 3115 216 71 acquittes

1162 3200 30 103 et
1246 3191 38 112 Je
1329 3204 99 92 prie
1512 3189 244 112 Monsieur
1824 3187 244 106 Thibout
2144 3191 99 101 mon
2296 3186 297 90 Executeur
