3136 3688
76 563 69 67 qui
213 538 310 86 voudroient

128 633 34 98 le
224 633 163 99 bruler
468 674 41 59 ou

104 762 173 127 manda
354 760 86 106 sur

65 874 182 117 dirigen
328 867 59 95 la

66 1014 97 62 pour
234 1014 38 71 ne
325 994 145 87 point

77 1081 284 105 ectivement
439 1099 28 82 il

83 1210 307 98 lraporta
456 1204 68 99 les

63 1340 30 66 et
161 1340 31 94 il
251 1323 1 109 y
305 1345 38 60 en
403 1331 136 86 avoit

71 1462 92 64 pe,
218 1450 121 76 mais

120 1572 71 91 qui
253 1548 102 113 fait
417 1557 133 86 croire

88 1685 49 79 yez
193 1661 412 117 Monseigneur,

72 1784 152 87 roient
310 1772 96 118 deja
493 1791 24 60 a

61 1908 84 93 roit
231 1905 77 79 pu
365 1902 166 74 causer

96 2029 0 61 p
188 2017 36 75 de
298 2007 92 89 mal
470 2013 18 77 a

71 2118 125 87 ation
279 2120 48 74 de
404 2138 36 66 ce

67 2232 28 102 et
174 2245 101 107 gens
362 2225 117 127 fins

119 2337 102 123 fort
287 2333 220 114 allertes

78 2450 346 119 arfaitement

120 2590 40 85 de
220 2602 33 90 ce
312 2576 232 113 quartier

63 2697 69 85 ries
226 2694 56 82 de
336 2679 165 98 toutes

77 2790 337 102 Subsister.

72 2920 92 88 ient
226 2930 161 96 encore
441 2912 107 101 plus

68 3018 180 122 etoient
334 3018 147 123 quils

1248 555 244 96 n'avoient
1581 549 107 112 plus
1769 574 97 95 rien
1940 583 0 72 a
2013 576 220 93 risquer,
2273 553 99 121 L'un
2436 558 115 94 etoit

1243 672 106 89 aux
1447 661 218 109 Galeres
1763 670 31 93 et
1876 663 190 105 l'autre
2133 668 114 93 etoit
2321 672 166 105 detenu
2555 682 37 98 en

1249 782 192 111 prison
1529 779 183 120 depuis
1810 795 1 81 3
1893 811 132 94 ans,
2065 806 124 84 pour
2238 790 84 119 etre
2386 793 281 118 soupconne

1236 901 185 83 d'avoir
1519 916 240 79 assassine
1832 907 87 82 son
1992 909 284 89 maitre.

1419 1012 231 99 Depuis
1758 1020 260 102 Levasion
2097 1032 44 76 de
2191 1036 51 80 ces
2306 1030 94 86 deux
2472 1040 188 88 coquins

1224 1123 138 81 Nous
1450 1131 138 73 avons
1657 1142 44 72 eu
1763 1128 445 92 Monseigneur,
2252 1131 232 90 toujours
2566 1135 69 81 des

1231 1222 387 115 detachements
1735 1247 24 71 a
1798 1227 87 108 leur
1963 1237 127 97 suite
2160 1242 41 93 et
2262 1231 237 117 toujours
2570 1237 110 103 sans

1220 1345 171 87 succes
1486 1344 35 88 et
1599 1344 130 98 sans
1791 1346 41 100 la
1913 1348 225 102 fidelite
2202 1356 56 111 du
2314 1385 129 82 negre

1220 1453 188 111 esclave
1506 1480 71 84 qui
1647 1458 55 97 les
1794 1483 2 89 a
1863 1474 96 99 fait
2034 1466 242 101 decouvrir
2361 1469 32 97 il
2439 1474 63 90 eut
2555 1472 71 86 ete

1225 1569 316 111 impossible
1631 1580 48 107 de
1736 1600 227 70 pouvoir
2019 1571 65 98 les
2157 1604 130 68 avoir
2360 1578 32 114 de
2433 1573 235 119 longtems

1214 1694 33 82 et
1310 1675 58 97 ils
1463 1686 226 110 auroient
1768 1680 105 116 fait
1945 1682 248 118 beaucoup
2282 1696 41 87 de
2410 1695 105 94 mal

1225 1800 163 93 avant
1467 1794 45 93 de
1570 1791 213 102 Pouvoir
1850 1794 59 101 les
1989 1800 243 103 attraper
2342 1798 45 100 Le
2430 1798 170 105 service

1220 1897 243 123 signale
1523 1897 43 108 de
1618 1910 52 86 cet
1739 1899 181 119 Esclave
2006 1925 104 96 nous
2205 1903 148 117 porte

1207 2017 456 90 Monseigneur,
1720 2048 19 60 a
1803 2040 108 69 vous
1987 2022 273 89 demander
2335 2057 38 55 sa
2430 2026 185 88 liberte

1204 2129 37 99 et
1303 2124 119 102 celle
1493 2125 37 103 de
1583 2136 56 120 sa
1691 2128 191 129 femme
1953 2152 38 108 en
2052 2149 201 115 payant
2315 2148 19 87 a
2369 2147 72 90 son
2513 2147 137 96 maitre

1208 2251 110 88 leur
1405 2255 169 95 valeur
1667 2265 53 83 si
1762 2265 103 91 vous
1930 2262 380 108 l'approuviez
2381 2290 46 71 au
2483 2280 185 98 compte

1219 2362 45 84 du
1307 2365 176 96 RRoi;
1518 2371 118 84 cette
1692 2370 207 107 depense
1977 2378 228 99 pourroit
2255 2381 89 91 etre
2393 2389 118 87 prise

1198 2470 90 109 sur
1344 2470 58 96 les
1482 2476 155 103 fonds
1741 2489 202 104 assignes
2057 2493 113 72 pour
2243 2516 57 76 les
2371 2512 163 88 negres

1197 2579 228 119 fugitifs
1513 2583 43 109 de
1611 2595 317 96 Surinam:
1967 2587 58 103 Et
2097 2604 66 85 cet
2218 2590 439 110 Encouragement

1195 2718 99 72 bien
1385 2705 161 96 merite
1628 2709 92 90 par
1796 2719 30 86 ce
1895 2719 129 99 negre
2108 2708 137 109 feroit
2298 2712 30 97 le
2389 2712 213 97 meilleur

1203 2809 114 118 effet
1398 2820 74 82 sur
1529 2829 57 81 les
1659 2811 220 111 Esclaves
1985 2833 115 89 pour
2165 2813 57 106 les
2295 2828 188 92 decider
2556 2852 17 63 a

1212 2935 172 80 donner
1480 2934 378 88 connoissance
1955 2940 68 86 des
2095 2944 146 84 negres
2332 2944 269 81 attroupes

1196 3040 174 110 depuis
1462 3042 252 107 plusieurs
1815 3049 234 98 annees,
2072 3067 32 82 et
2165 3065 72 98 qui
2292 3055 79 110 ont
2439 3056 157 111 forme
