3136 3688
1003 536 121 100 part
1206 537 46 107 de
1325 541 241 106 quelques
1647 562 247 82 corsaires
1991 565 76 90 qui
2134 552 301 91 voudroient

991 678 203 86 envoyer
1299 688 89 61 une
1469 649 300 119 chaloupe
1867 681 121 72 pour
2045 653 32 94 le
2142 653 162 104 bruler
2385 692 41 64 ou

998 770 260 117 piller.
1315 783 49 106 ce
1413 771 349 118 Gouverneur
1860 774 334 119 commanda
2275 774 81 114 sur

983 870 35 111 le
1077 870 179 127 champ
1350 905 35 80 ce
1427 874 385 123 detachement
1872 887 34 94 et
1983 880 180 123 dirigea
2248 881 53 98 la

978 1002 257 101 conduite
1335 1001 108 101 qu'il
1535 1005 157 88 devoit
1764 1003 157 105 tenir,
1971 1024 114 75 pour
2149 1024 36 84 ne
2242 1011 136 89 point

1011 1135 224 84 manquer
1323 1104 96 99 leur
1507 1106 361 117 Expedition,
1908 1108 360 115 effectivement
2348 1115 24 78 il

973 1222 153 97 revnit
1218 1221 467 118 complettement,
1744 1227 256 110 puisqu'il
2074 1222 223 117 raporta
2355 1221 69 99 les

980 1323 108 88 teles
1176 1333 37 95 de
1257 1335 109 93 trois
1453 1344 47 82 de
1543 1358 63 92 ces
1687 1327 214 131 fugitifs
1982 1342 27 110 et
2080 1336 27 124 il
2170 1329 0 109 y
2215 1349 44 81 en
2322 1343 116 76 avoit

993 1466 45 72 un
1128 1447 300 106 quatrieme
1526 1464 82 91 qui
1676 1454 90 88 s'est
1826 1450 256 104 echape,
2140 1469 108 79 mais

972 1559 294 121 cependant
1343 1563 303 117 grievement
1715 1557 199 101 blesse,
1939 1589 35 87 ce
2043 1589 69 95 qui
2173 1559 95 122 fait
2328 1590 121 71 croire

980 1685 121 101 qu'il
1182 1680 105 109 n'ira
1376 1692 89 100 pas
1522 1680 169 118 loin.
1748 1689 105 94 vous
1933 1693 122 103 voyez
2111 1678 388 94 Monseigneur,

977 1797 75 101 que
1104 1796 60 82 ces
1261 1793 120 107 deux
1478 1798 164 97 negres
1740 1796 396 102 commencoient
2218 1804 97 103 deja
2397 1812 0 58 a

970 1911 171 94 grosir
1208 1899 109 93 leur
1377 1899 224 96 bande,
1645 1921 41 91 ce
1745 1920 79 94 qui
1899 1918 162 98 auroit
2144 1928 63 82 pu
2275 1923 154 79 cauier

977 2007 125 94 dans
1196 2012 250 104 quelques
1549 2030 111 70 mois
1746 2018 258 108 beaucoup
2092 2024 45 92 de
2202 2028 89 92 mal
2363 2026 1 80 a

956 2137 44 96 ce
1051 2127 132 100 poste
1257 2128 29 107 et
1352 2130 110 105 peut
1528 2130 88 100 etre
1682 2130 44 99 la
1785 2130 323 109 devaitation
2188 2143 37 80 de
2306 2160 29 68 ce

971 2239 283 106 quartier;
1297 2257 60 73 ces
1431 2258 171 81 negres
1690 2249 179 92 etoient
1942 2250 67 102 des
2083 2278 104 81 gens
2267 2253 164 109 fins,

961 2372 198 74 ruses,
1199 2341 256 109 adroits,
1487 2349 503 126 entreprenants,
2029 2356 101 119 fort
2193 2358 208 110 allertes

952 2473 25 94 et
1046 2454 367 125 infatigables
1472 2463 350 104 connoissants
1933 2460 461 121 parfaitement

959 2583 157 93 toutes
1198 2581 60 103 les
1341 2593 269 97 ressources
1715 2590 68 99 des
1850 2614 90 78 bois
2030 2595 45 99 de
2127 2616 30 78 ce
2210 2587 224 107 quartier

969 2713 0 84 y
1038 2698 147 72 aiant
1253 2692 39 88 en
1368 2695 132 93 outre
1583 2698 61 88 des
1729 2727 307 84 menageries
2120 2707 63 89 de
2228 2702 155 93 toutes

974 2802 161 111 parts
1239 2800 57 93 ils
1374 2819 41 100 ne
1471 2807 258 109 pouvoient
1799 2829 89 94 que
1968 2811 266 104 subsister

955 2905 447 120 agreablement;
1443 2927 35 89 ce
1535 2935 68 87 qui
1670 2913 60 113 les
1804 2920 262 107 rendoient
2124 2926 160 118 encore
2333 2921 103 123 plus

945 3020 408 116 entreprenants
1450 3034 34 84 et
1555 3029 386 118 determines,
1963 3036 181 121 etoient
2232 3040 141 117 qu'ils
