3200 3560
63 419 132 97 ition
279 419 66 58 des
384 419 157 57 banis

176 557 0 66 .

66 713 1 58 a
120 690 110 87 Veille
289 687 31 86 de
362 694 31 72 la

48 810 33 102 er
126 808 41 89 le
236 807 32 76 2.
299 810 49 105 de
392 801 158 110 Janvier

77 937 4 47 5

61 1056 41 95 sa
175 1064 366 86 remontrance

73 1190 187 140 'Office
340 1200 155 138 appel

69 1342 108 105 noit
239 1340 277 100 l'execution

53 1477 61 119 fut
166 1477 86 128 fait
295 1479 259 126 deffenses.

90 1659 20 67 'a
188 1669 32 79 ce
272 1652 111 96 qu'il
442 1654 65 66 ent

55 1799 225 85 rateur,
319 1789 38 95 Il

104 1959 2 84 a
165 1946 75 99 son

78 2228 402 105 l'ordonnance

87 2408 1 65 m
153 2408 86 105 este
293 2372 244 133 signiffiee

53 2539 49 89 sia
170 2537 62 89 les
288 2537 130 86 bans

61 2692 376 112 publication

72 2866 89 97 cile
229 2851 51 110 du
324 2848 240 113 Curateur

1015 1480 8 57 1

924 1562 150 127 E23

1183 377 72 108 qui
1309 383 135 81 estoit
1507 352 154 115 cente
1706 355 135 131 celuy
1904 352 45 110 de
2012 378 36 98 sa
2102 365 253 121 pupile,
2391 396 36 53 et
2490 368 90 94 le

1176 508 297 93 lendemain
1559 530 164 77 avant
1801 506 351 115 l'expiration
2238 504 62 102 des
2402 508 31 104 24
2503 510 180 94 heures

1187 648 146 132 apres
1387 648 218 133 dispense
1678 648 36 95 de
1778 648 118 130 deux
1978 669 163 80 autres
2187 646 145 119 bans,
2369 648 36 98 le
2469 671 227 108 mariage

1179 812 79 111 fut
1319 810 265 111 celebre,
1623 818 132 94 apres
1847 809 118 107 qu'il
2019 825 78 68 eut
2150 805 110 95 este
2313 811 164 99 passe
2539 799 39 89 la

1184 967 141 82 veille
1403 972 55 91 un
1512 950 242 116 Contract
1824 949 32 94 de
1910 963 258 99 Mariage
2246 960 125 81 dans
2418 945 195 115 lequel

1172 1099 34 90 la
1308 1101 238 95 mineure
1631 1121 59 91 est
1750 1093 280 125 qualifiee
2106 1091 331 123 Emancipee
2521 1089 128 114 d'age

1176 1242 303 128 authorisee
1568 1252 98 115 par
1728 1246 241 120 justice,
2014 1238 44 101 Le
2129 1240 54 91 S^r
2253 1236 198 128 Dubois
2485 1237 197 105 Jourdair

1168 1405 71 95 son
1307 1404 172 107 grand
1539 1401 177 90 Oncle
1793 1399 308 91 Maternel
2178 1397 330 108 Stipulant
2593 1414 108 91 pour

1171 1557 83 95 elle
1337 1574 23 63 a
1404 1544 144 96 cause
1608 1544 31 98 de
1706 1552 38 87 sa
1819 1543 303 106 Minorite
2174 1554 38 94 et
2250 1566 121 81 pour
2430 1537 243 101 l'absence

1177 1703 41 108 de
1255 1696 71 115 son
1395 1698 381 105 Curateur.

887 1865 119 106 Cette
1059 1865 155 130 affaire
1249 1876 64 94 sen
1367 1891 154 83 passee
1602 1863 226 119 pendant
1873 1898 82 89 que
2000 1882 117 69 M.
2144 1871 46 112 de
2225 1856 317 127 Champigny
2577 1868 38 82 et

925 1999 257 94 Dorgeville
1242 1995 183 92 estoient
1484 2011 15 62 a
1532 1999 34 74 la
1626 1987 338 96 Guadeloupe,
1983 1983 35 81 Ce
2070 1990 251 88 Mariage
2387 1987 156 77 estant

935 2122 267 93 consomme
1247 2106 31 106 le
1323 2106 229 111 Curateur
1613 2131 23 67 et
1681 2102 46 94 les
1802 2102 191 101 Parents
2039 2115 213 92 quelques
2306 2112 266 85 mecontents
2618 2099 91 105 qu'il

941 2232 171 131 fussent
1184 2234 95 121 n'ont
1323 2232 106 127 plus
1472 2238 150 111 pense
1659 2238 18 119 a
1705 2227 130 113 suivre
1900 2225 93 125 leur
2058 2227 223 128 appel.

1139 2386 1 111 A
1283 2381 46 124 la
1409 2371 217 133 Sceance
1697 2371 37 113 de
1805 2392 136 98 Mars
1985 2376 37 114 le
2102 2365 316 127 Procureur
2498 2400 127 93 gual

1167 2535 59 102 fit
1296 2543 80 94 une
1454 2543 244 93 nouvelle
1769 2541 379 93 remontrance
2227 2533 28 91 et
2304 2523 251 99 demanda
2627 2546 93 76 acte

1171 2676 37 92 de
1254 2695 37 104 ce
1356 2682 121 128 qu'en
1559 2671 261 107 adherant
1894 2699 0 95 a
1949 2670 85 134 son
2089 2688 241 116 premier
2395 2686 149 116 appel
2598 2668 38 90 de
2673 2668 28 91 la

1156 2826 231 122 sentence
1469 2824 58 129 du
1598 2822 85 134 29.
1718 2820 269 132 Decembre
2058 2821 29 127 Il
2141 2832 39 118 se
2224 2823 203 127 portoit
2491 2835 157 95 encore
