3200 3816
519 277 39 76 71
620 269 114 87 Xbre
840 272 108 80 1729

1747 342 3 110 A
1973 303 417 146 Monsieur.

985 483 325 148 Monsieur
1399 474 244 149 Romain
1702 494 96 126 Juge
1847 479 180 136 Royal
2076 480 116 95 Ciuil
2283 470 23 105 Et
2367 473 210 125 Crimine

1016 645 56 101 de
1123 636 102 113 Cette
1284 633 132 87 Isle;

936 899 322 179 Supplie
1302 906 321 151 humblement
1694 907 232 148 Demoiselle
1974 926 203 128 françoize
2252 932 139 88 Michel
2441 928 202 108 Enancipe

1005 1072 157 104 Daage
1220 1072 232 100 authorisée
1509 1093 60 77 par
1627 1064 135 93 justice
1850 1057 82 98 fille
1990 1064 31 84 de
2087 1057 193 102 Deffant
2331 1051 105 106 sieur
2509 1075 97 65 paul

996 1191 161 92 Michel
1218 1191 29 92 et
1307 1185 30 98 de
1391 1182 210 100 Deffente
1669 1179 141 75 Dame
1878 1200 112 64 anne
2045 1176 210 87 Julienne
2322 1173 148 90 gobert
2538 1183 43 57 au

996 1297 84 104 jour
1156 1299 33 92 de
1267 1291 68 89 son
1404 1286 149 91 deceds
1647 1287 117 90 veuve
1828 1289 39 90 de
1945 1292 75 86 feu
2084 1284 67 76 M^r
2215 1269 286 84 Durieux–

987 1421 242 116 Chevallier
1297 1429 34 76 de
1377 1408 130 116 Lordre
1577 1402 216 101 militaire
1893 1394 35 95 de
1989 1415 146 81 Saint
2187 1382 116 106 louis
2363 1378 225 117 Lieutenant

1012 1549 39 78 de
1106 1524 162 102 Roy
1329 1522 33 101 de
1410 1526 103 80 Celle
1582 1524 141 84 Isle:

997 1630 173 116 Disant
1226 1651 66 83 que
1380 1623 189 114 Malgré
1609 1626 139 110 vostre
1804 1633 221 80 Sentence
2096 1609 182 103 Rendue
2341 1602 34 103 le
2406 1600 149 117 vingt

999 1774 61 89 neu
1109 1759 135 104 fiesme
1307 1756 40 107 du
1375 1762 148 101 present
1603 1747 89 84 mois
1793 1752 105 72 pour
1962 1746 252 87 laquelle
2280 1752 23 83 il
2375 1733 126 95 Est–

998 1903 188 80 ordonné
1236 1888 75 89 qu'il
1394 1879 101 86 sera
1572 1877 227 76 proceddé
1857 1881 2 52 a
1896 1860 29 80 la
1989 1850 285 100 publication
2360 1846 26 83 de
2433 1855 72 59 Ces

983 2016 120 93 dans
1197 2013 40 90 de
1309 2007 194 104 mariage
1583 2018 68 66 ave
1737 1994 33 81 le
1804 2007 127 64 sieur
1996 1984 196 106 Lanure
2263 1974 157 109 Cag^re
2501 1983 45 68 de

1013 2136 122 93 milice
1188 2123 305 113 nonobstant
1561 2113 305 113 Lapposition
1927 2096 161 100 formé
2174 2124 65 72 par
2301 2103 18 82 le
2365 2081 137 91 Sieur

1002 2289 25 68 de
1064 2273 34 94 la
1143 2265 174 113 Chausé
1370 2256 57 112 son
1494 2253 215 117 Curateur
1790 2253 93 105 aux
1955 2240 144 116 fauses
2191 2257 26 59 et
2270 2234 25 80 ce
2348 2228 267 105 nonobftant

1002 2397 215 123 offosition
1303 2408 37 88 ou
1385 2389 280 121 appellation
1729 2376 327 124 quelquonque
2119 2380 27 69 et
2201 2368 108 80 sans
2372 2383 2 62 y
2413 2373 222 96 préjudicier

1000 2519 126 101 vostre
1189 2516 91 90 ditte
1342 2520 185 87 sentence
1582 2497 229 108 signiffiée
1895 2493 46 91 le
1997 2493 46 73 30
2078 2505 38 69 du
2166 2494 175 90 present
2420 2493 95 60 mois

1007 2665 34 67 au
1095 2623 85 98 R.
1209 2613 101 118 P.
1347 2609 314 120 fourchus
1756 2622 287 71 missionnaire
2107 2631 1 59 a
2148 2611 221 94 postolique
2424 2606 19 97 et
2491 2592 156 105 faisans

1028 2751 105 95 Les
1204 2736 203 103 fonctions
1456 2735 209 104 Curialles
1708 2733 39 79 de
1797 2724 39 90 La
1900 2719 165 87 paroisse
2115 2721 39 76 de
2182 2715 39 77 S^t
2250 2714 89 90 Jean
2376 2707 245 108 Baptiste

1006 2874 144 96 auroit
1217 2856 89 113 fait
1382 2840 152 126 refus
1619 2840 30 122 de
1699 2846 237 119 procedder
1997 2851 1 75 a
2058 2838 27 117 le
2128 2834 308 112 publication
2522 2862 36 64 de

994 2973 59 101 Ces
1122 2974 79 95 dits
1242 2968 121 85 Bans
1412 2968 44 86 de
1540 2968 185 96 Mariage
1802 2985 29 64 et
1879 2962 45 95 Ce
1993 2967 263 87 uniquement
2326 2953 142 99 fandé
2517 2969 57 76 sur

1002 3114 50 94 un
1129 3099 240 107 prétendue
1432 3090 81 115 acte
1583 3090 176 114 dappel
1830 3096 32 95 au
1934 3084 135 117 Conseil
2141 3085 207 84 superieur
2419 3106 0 50 a
2475 3088 72 67 luy

999 3203 189 90 Signiffie
1247 3203 28 84 le
1347 3200 82 93 Jour
1475 3194 88 92 dhie
1629 3203 41 74 30
1709 3201 35 83 du
1790 3194 229 83 Couvant;

944 3280 0 66 A

1005 3298 33 89 Ce
1108 3296 269 112 Considerez
1425 3311 173 100 Monsieur
1654 3308 23 95 Il
1732 3296 103 104 vous
1891 3292 118 109 flaise
2072 3291 324 115 conformement
2459 3315 0 60 a
2507 3290 126 85 tostre

759 1026 30 183 de
