3200 4136
20 3153 98 46 298
20 3097 102 3 R

153 1801 58 44 Ber

976 562 314 103 ontrageantes
1352 555 32 90 et
1439 546 133 96 revint
1642 550 75 85 une
1800 530 46 81 2.
1908 521 83 105 foit
2038 519 177 87 tenant

973 704 73 74 les
1106 702 135 91 mêmes
1332 677 183 101 discours
1588 673 37 96 le
1667 648 215 114 traittant
1947 653 45 102 de
2064 636 53 116 J.
2152 637 50 112 f.
2268 644 36 76 et

989 832 39 107 de
1076 840 78 97 petit
1238 833 191 82 maitre,
1489 842 4 76 a
1528 823 97 93 quoy
1668 802 105 94 led.
1816 785 208 111 Lefevre
2090 789 67 83 lui
2224 778 59 76 dit

987 965 137 105 encore
1207 968 44 90 de
1315 950 47 87 se
1435 963 147 89 retirer
1646 939 133 98 sinon
1857 918 91 120 qu'il
2002 915 38 84 le
2112 913 181 92 mettroit
2513 898 96 102 Ldu
2637 892 47 104 26
2756 897 99 95 mary
2883 877 98 92 1730

983 1090 210 100 dehors,
1272 1085 69 102 Que
1391 1079 98 95 led.
1539 1069 172 100 Michel
1766 1086 137 76 revint
1966 1079 71 74 une
2113 1053 42 90 2^
2210 1043 77 107 fois

992 1250 35 74 et
1080 1221 115 106 entra
1288 1216 100 98 dans
1432 1223 36 90 la
1537 1217 123 91 salle
1738 1228 35 84 ce
1818 1216 59 94 qui
1938 1189 179 101 obligea
2193 1171 188 122 Lefevre

991 1380 37 70 de
1090 1378 43 74 se
1207 1364 105 90 lever
1389 1361 34 86 de
1469 1348 145 97 Table
1703 1363 27 65 et
1789 1346 39 85 se
1900 1344 150 78 mettre
2115 1344 33 68 en
2212 1328 133 88 devoir

995 1510 48 76 de
1084 1505 41 83 le
1185 1501 137 89 faire
1401 1496 149 86 sortir
1642 1491 91 81 mais
1781 1469 192 92 Michel
2040 1467 35 84 le
2129 1464 161 88 prit–

1005 1646 34 71 au
1114 1634 103 87 colet
1282 1635 61 88 lui
1409 1641 153 88 donna
1636 1626 195 110 quelques
1879 1633 129 94 coups
2062 1599 40 122 de
2138 1592 113 120 pieds

993 1786 40 69 et
1105 1775 42 104 de
1210 1783 123 88 poing
1413 1785 33 60 et
1495 1757 33 92 le
1593 1777 183 81 terrassa
1869 1745 94 95 led.
1990 1752 47 75 Sr
2087 1734 198 106 Dupre

1002 1924 54 86 les
1113 1918 164 106 separa
1371 1921 120 95 apres
1540 1920 98 91 quoy
1702 1897 171 88 Michel
1945 1900 127 75 étant
2129 1886 142 82 sorti

1011 2044 41 95 de
1095 2040 38 105 la
1199 2038 105 101 salle
1385 2042 142 92 trouva
1616 2047 38 75 un
1718 2027 152 93 baston
1963 2024 107 92 sous
2126 2019 49 89 sa
2253 2004 99 99 main

1014 2185 142 95 rentra
1235 2176 314 103 brusquement
1634 2176 33 87 et
1708 2159 33 93 en
1812 2157 136 102 donna
2034 2170 39 72 un
2160 2155 92 90 coup

1023 2315 109 93 aud.
1175 2309 187 115 Lefevre
1445 2321 63 95 qui
1590 2312 86 98 prit
1728 2295 103 92 led.
1881 2288 188 96 Michel
2142 2299 49 78 au
2250 2280 125 89 colet

1028 2458 180 89 voulant
1274 2454 57 87 lui
1397 2456 88 79 oter
1563 2447 75 87 son
1697 2447 163 84 baston
1955 2441 107 84 dont
2134 2427 210 81 Michel

1017 2588 57 85 lui
1138 2590 151 88 donna
1362 2594 39 84 un
1456 2568 161 113 second
1671 2588 152 108 coup,
1885 2583 134 106 aprés
2062 2587 98 101 quoy
2211 2548 190 133 lefevre

1025 2752 77 88 pru
1175 2738 84 75 son
1339 2734 97 95 Epée
1509 2727 97 96 pour
1679 2721 131 98 parir
1883 2718 64 77 les
1999 2718 240 82 nouveaux

1021 2870 119 105 coups
1239 2866 56 103 que
1433 2851 110 102 ichel
1619 2851 157 87 voulon
1844 2844 57 109 lui
1977 2844 134 96 porter
2194 2831 180 97 Michel

1022 3011 179 75 setrnt
1270 2999 93 82 jette
1439 2989 65 90 sur
1567 2987 57 81 lui
1701 2989 93 83 avec
1849 2980 107 102 furie
2046 2998 102 78 pour
2209 2973 122 83 lui–

1028 3128 192 81 arracher
1284 3122 134 120 l'Epéc
1498 3115 111 93 dont
1665 3122 27 75 il
1748 3116 101 97 avoit
1922 3111 109 108 receu
2095 3102 208 114 quelques
