3200 3568
59 361 150 128 Juge
275 341 141 138 dud.
462 334 101 143 Jour

51 507 123 99 nous
215 505 36 91 jl
321 493 101 96 fut

61 634 45 127 Le
156 634 112 126 Juge
336 668 27 71 et
413 638 44 91 le

88 798 238 123 mandez
383 805 136 116 pour

85 947 295 83 resultantes
432 943 54 70 de

82 1074 40 86 Le
166 1073 169 88 Noir
386 1076 218 87 Nottaire

75 1236 35 98 de
166 1238 260 101 Mariage

150 1535 293 126 Pourquoy
493 1531 38 96 Il

60 1684 208 113 position
340 1681 41 104 du
416 1671 180 114 Curateur

49 1855 34 59 de
140 1839 64 77 les
271 1839 190 80 moyens

188 1989 111 102 par
365 1991 104 70 une

63 2115 48 89 'il
164 2120 122 84 avoit
359 2107 217 97 regarde

106 2263 272 89 Chicanne
457 2261 57 85 de

73 2414 232 115 mpecher
380 2423 39 58 ce

65 2563 192 91 pas.

81 2708 413 77 consentement

90 2836 39 92 un
203 2847 102 78 avis
361 2839 45 83 de

1221 338 217 97 Parents
1493 344 57 94 est
1612 349 426 106 necessairement
2124 359 185 109 requis
2381 354 144 115 pour
2604 351 41 84 le

1251 473 227 115 mariage
1528 473 85 102 d'un
1697 491 252 103 mineur,
1999 469 34 116 Il
2084 494 0 83 a
2151 476 278 114 Repondu
2513 465 117 118 qu'il
2681 483 34 74 ne

1224 635 33 97 le
1303 626 184 117 scavoit
1540 641 175 82 pas.

1103 785 58 92 3^e
1212 763 289 130 Pourquoy
1546 782 28 106 jl
1620 771 119 100 avoit
1803 763 238 127 ordonne
2096 791 65 101 que
2206 766 37 126 sa
2307 767 220 115 sentence
2610 804 64 88 qui

1237 932 158 98 n'estoit
1442 927 134 103 point
1632 911 284 117 reparable
1995 923 39 78 en
2089 909 261 115 definitive
2453 906 221 88 seroit

1222 1060 218 82 executee
1526 1054 324 86 nonbstant
1902 1050 220 92 l'appel,
2160 1046 35 96 Il
2240 1048 1 81 a
2313 1047 226 92 repondu
2597 1043 101 95 qu'il

1219 1212 126 85 avoit
1427 1226 91 64 cru
1587 1208 127 93 avoir
1767 1201 237 99 satisfait
2073 1212 1 69 a
2121 1200 105 84 tout
2302 1206 42 81 en
2420 1197 265 95 ajoutant

1191 1314 128 152 sans
1381 1359 1 106 y
1432 1310 419 154 prejudicier.

1133 1466 52 119 4^.
1217 1466 322 153 Pourquoy
1581 1466 198 153 l'appel
1831 1468 31 127 de
1904 1468 42 153 sa
1998 1498 270 125 premiere
2320 1474 230 141 sentence
2612 1472 83 142 luy

1203 1641 169 83 estant
1436 1645 168 73 connu
1677 1644 24 74 et
1749 1630 40 106 le
1829 1625 128 119 Con^e
1998 1625 144 119 sup^e
2198 1650 40 69 en
2287 1646 168 77 estant
2511 1625 161 119 Saisy

1206 1766 26 108 jl
1282 1769 118 95 avoit
1468 1766 227 123 ordonne
1754 1791 93 98 par
1915 1797 76 71 une
2066 1764 60 97 2^e
2193 1764 126 120 qu'il
2387 1764 160 123 seroit
2589 1788 144 92 passe

1209 1922 125 93 outre
1408 1931 23 86 a
1460 1925 30 84 la
1571 1916 341 106 Celebration
1986 1917 44 96 du
2082 1927 266 100 Mariage
2437 1918 281 94 nonobstant

1194 2074 204 130 l'apel;
1435 2073 37 114 Il
1519 2081 0 80 a
1612 2069 232 137 repondu
1909 2071 120 133 qu'il
2094 2084 47 74 ne
2187 2067 195 135 scavoit
2438 2091 167 99 pas

1199 2232 243 90 comment
1516 2235 95 83 cela
1685 2226 169 107 s'estoit
1905 2226 81 107 fait
2067 2239 30 91 et
2156 2228 117 105 qu'il
2340 2235 132 80 avoit
2524 2228 132 91 este

1194 2372 92 126 luy
1361 2384 157 110 meme
1583 2364 232 137 surpris
1917 2368 38 104 de
2001 2368 223 103 trouver
2298 2368 130 134 dans
2502 2368 139 135 son

1186 2529 369 97 ordonnance
1626 2525 50 91 du
1761 2530 56 83 31.
1874 2526 305 96 Decembre
2257 2559 35 71 ce
2356 2526 114 104 qu'il
2541 2550 0 80 y
2597 2558 0 54 a

1196 2679 73 84 vu
1306 2682 87 95 lors
1444 2679 161 98 qu'elle
1656 2679 87 106 luy
1802 2697 0 63 a
1867 2687 103 100 este
2021 2681 415 106 representee.

1161 2839 1 111 A
1290 2835 208 142 l'egard
1567 2847 50 99 du
1676 2843 50 117 S^r
1775 2839 40 122 Le
1854 2839 130 136 Goux
2073 2828 307 124 Procureur
2449 2826 49 125 du
2558 2826 148 147 Roy
