3232 2928
1119 698 243 123 Monieeur
1442 704 40 116 le
1581 739 222 109 Poieur
1877 713 213 136 Génoral

800 1275 109 120 Pour
953 1275 245 136 satisfaire
1278 1289 10 107 à
1314 1291 28 110 la
1404 1295 109 104 lettre
1612 1287 99 126 dont
1774 1337 99 76 vous
1937 1332 154 82 m'avez
2152 1311 163 104 honrré
2378 1310 28 99 le
2468 1295 1 107 9
2513 1304 28 90 du

756 1426 370 88 accompagnant
1178 1424 26 85 la
1288 1437 117 75 lopie
1483 1420 97 76 d'une
1651 1420 175 91 dépêchee
1904 1418 52 83 des
2014 1418 176 91 bureaux
2247 1428 33 67 de
2299 1426 28 75 la
2396 1436 144 54 marine

753 1522 0 76 &
853 1519 33 76 des
953 1514 240 98 Colonies,
1233 1531 27 76 je
1313 1542 40 53 me
1413 1512 87 84 suis
1560 1524 200 84 Empressé
1820 1529 40 76 de
1894 1511 106 94 faire
2078 1509 36 81 la
2185 1507 256 81 vnfication

751 1616 194 76 ordsnne
1056 1628 2 89 &
1139 1644 29 70 je
1222 1644 43 73 me
1313 1618 71 98 suis
1432 1643 243 65 convainee
1758 1622 63 86 que
1877 1626 27 71 la
1960 1621 238 98 surcharge
2264 1625 183 63 conmuse

764 1714 108 96 dans
913 1714 27 71 la
1007 1712 142 70 double
1217 1724 157 70 minute
1452 1723 44 74 du
1548 1713 223 87 tertament
1843 1721 29 66 de
1898 1721 21 65 la
2005 1709 144 88 dame
2202 1723 55 67 Ve
2316 1711 192 86 Beuns

757 1820 67 65 reçu
911 1841 80 56 pau
1057 1826 47 70 m^e
1158 1813 248 93 Sitolier,
1451 1820 214 75 nataire,
1705 1812 28 91 le
1798 1822 0 80 7
1852 1821 200 81 novembe
2118 1824 68 59 mil
2245 1813 87 80 sept
2378 1828 81 53 cent

750 1906 144 87 quatre
944 1911 97 88 vingt
1092 1906 83 87 six,
1226 1917 149 79 n'existe
1451 1911 212 83 nullement
1739 1919 72 75 sur
1842 1912 20 72 la
1933 1911 154 81 minute
2150 1903 91 84 dud
2317 1903 78 81 acte
2458 1913 85 67 dont

742 2031 31 71 je
810 2012 74 85 suis
951 2012 283 90 Depositaire–
1277 2026 73 75 que
1393 2017 25 78 la
1461 2011 49 85 d^e
1565 2026 160 69 minute
1791 2024 44 76 est
1896 2019 289 81 parfaitent
2240 2036 13 39 à
2307 2007 69 68 cette
2436 2004 87 70 dôte

743 2112 0 66 &
821 2109 97 69 dans
964 2110 32 68 sa
1054 2106 156 90 serie,
1249 2106 103 90 tout
1424 2118 103 68 dans
1578 2110 27 66 la
1662 2104 124 86 liasle
1857 2113 39 63 de
1941 2122 72 60 cette
2083 2118 98 52 meme
2252 2101 124 80 anné
2426 2104 99 87 1786

742 2226 73 69 que
867 2202 53 78 ser
973 2202 47 78 les
1079 2201 212 99 repistoire
1357 2205 337 94 Thronologique
1760 2213 0 79 &
1838 2199 319 101 alphabetigne
2229 2203 40 72 du
2348 2198 187 85 Notarce.

1014 2313 35 113 Ce
1122 2318 133 82 point
1319 2309 75 101 bien
1451 2321 230 101 éclairei,
1721 2308 42 91 je
1820 2319 34 91 ne
1894 2315 76 105 sais
2017 2312 76 108 pas
2124 2303 108 116 plus
2280 2311 198 107 explipur
