3200 4128
60 504 83 81 fois
187 495 182 84 tenant

98 605 43 120 de
223 596 43 138 J.
311 591 42 140 f.
428 619 32 68 et

48 745 130 102 fevre
246 752 61 86 lui
375 750 59 83 dit

79 894 25 74 il
156 885 36 79 le
266 887 189 71 mettroit

119 1045 73 71 une
259 1015 60 98 3.
366 1006 80 106 fois

83 1158 185 112 obligea
350 1136 192 129 lefevre

56 1317 141 74 nettre
265 1309 29 71 en
362 1310 130 65 devoir

57 1436 67 100 hel
191 1433 31 89 le
283 1452 87 70 prit

59 1600 96 87 oupi
210 1570 39 112 de
286 1554 122 124 pieds

75 1728 34 77 3.
138 1722 50 82 S.
240 1697 193 114 Dupre

99 1866 127 68 etant
282 1857 137 72 sorti

106 2002 107 67 sous
267 1992 54 72 sa
394 1981 105 79 main

56 2146 44 72 na
185 2146 34 61 un
309 2137 95 71 coup

53 2258 169 105 Michel
296 2275 43 76 au
407 2252 119 90 colet

100 2409 116 76 dont
285 2389 211 96 Michel

70 2557 91 102 pres
206 2549 109 112 quoy
361 2511 207 142 Lefevre

61 2689 34 76 es
150 2683 235 81 nouveaux

124 2820 137 90 porter
337 2793 195 103 Michel

63 2963 49 74 rie
199 2964 97 71 pour
358 2947 67 79 lui

74 3081 106 122 recen
243 3070 221 130 quelques

1247 497 121 125 coups
1454 493 48 114 du
1555 493 95 96 plat
1705 467 205 128 s'enferra
1980 463 31 104 de
2047 465 64 104 lui
2181 480 130 78 meme
2382 454 113 89 tomb

1252 664 70 82 par
1377 650 117 86 terre
1570 656 29 68 et
1669 633 156 92 mourit
1893 630 77 85 une
2026 623 130 90 heure
2225 610 201 99 apres.

680 868 6 101 L
732 867 34 105 du
803 857 40 98 26
917 867 93 93 mary
1039 847 109 88 1730
1188 808 242 114 M.
1458 806 41 118 le
1564 794 136 123 Ch^r
1729 794 41 102 de
1800 793 42 118 la
1888 783 286 117 Rochalar
2230 761 205 121 informe
2474 770 48 90 de

1239 971 90 83 cette
1396 952 160 111 affaire
1621 961 66 93 par
1722 942 43 91 la
1816 935 121 96 Veuve
2003 916 191 116 Lefevre
2261 933 34 76 et
2338 903 51 88 le
2455 901 65 83 S^r

1239 1080 125 112 Pillat
1413 1091 141 86 Con^e
1605 1104 37 79 au
1691 1068 135 99 Con^r
1881 1056 231 113 Superieur
2175 1043 42 104 du
2253 1025 103 125 Cap
2411 1010 239 125 beaufrere

1263 1217 96 98 dud.
1407 1202 202 116 Lefevre
1677 1227 5 73 a
1741 1210 92 85 ecrit
1893 1216 68 75 aux
2004 1181 124 110 Juges
2203 1167 46 96 de
2300 1175 204 90 surseoir

1255 1366 35 94 le
1329 1357 264 106 Jugement,
1625 1342 58 99 les
1721 1336 116 104 Juges
1878 1348 34 68 en
1950 1321 57 90 lui
2056 1316 203 105 envoyant
2306 1291 315 116 l'Informaon

1261 1505 63 74 ont
1409 1497 169 108 marque
1638 1487 64 107 que
1764 1471 176 95 Michel
2015 1470 65 104 qui
2135 1470 3 63 a
2209 1452 99 85 este
2364 1447 63 73 tue
2475 1447 99 71 etoit

1258 1639 78 76 tres
1408 1628 272 100 arroyant,
1752 1623 62 74 que
1848 1600 34 82 le
1960 1590 109 100 matin
2139 1587 44 107 du
2222 1590 87 91 jour
2372 1579 85 104 qu'il
2506 1574 70 101 fut

1269 1772 66 73 tue
1394 1761 24 77 il
1483 1762 96 71 avoit
1648 1744 217 80 vivement
1925 1731 164 78 insulte
2164 1740 34 56 un
2262 1710 244 81 habitant
2569 1708 3 66 a

1264 1896 28 75 la
1363 1895 119 71 sortie
1569 1878 29 79 de
1627 1873 36 81 la
1727 1867 194 95 Messe,
1976 1860 86 119 qu'il
2124 1866 4 88 y
2182 1872 4 87 a
2248 1846 178 120 quelque
2462 1835 144 121 temps

1280 2015 76 109 qu'il
1427 2029 99 81 avoit
1604 2013 90 84 este
1765 2006 150 92 accuse
1985 1997 143 92 d'avoir
2207 1979 98 100 vole
2397 1980 92 97 deux
2536 1965 92 101 suis

1253 2152 218 114 d'Indigo
1530 2144 85 94 ches
1671 2162 37 70 un
1788 2120 264 116 Marchand
2107 2129 47 104 du
2182 2113 97 123 Cap
2359 2123 96 91 mais
2502 2113 70 107 que

1261 2302 73 83 cela
1407 2302 143 76 n'avoit
1617 2290 72 80 pas
1744 2282 97 86 este
1896 2274 79 86 bien
2074 2265 249 91 prouve.

1279 2430 57 122 Il
1432 2436 174 115 marque
1647 2448 66 98 que
1782 2408 191 130 Lefevre
2033 2422 137 107 paroit
2248 2408 166 110 meriter
2463 2391 129 113 grace

1286 2592 64 97 par
1399 2576 48 83 les
1506 2566 312 103 circonstances
1890 2566 64 102 qui
2004 2566 79 81 ont
2140 2546 321 110 accompagne
2511 2538 92 80 cette

1080 2683 100 157 Vl
1209 2683 4 157 d
1296 2701 287 138 musheureux
1668 2673 319 156 affaire.
