3232 3632
182 343 160 61 bonne
400 337 124 64 euvre
568 329 36 67 et

172 427 62 75 bon
283 417 301 77 compte,

165 517 49 67 est
262 517 26 64 et
350 506 226 72 advenir

184 607 64 68 dra
292 602 76 80 lieu
434 594 206 81 d'opital

155 712 45 66 eu
242 708 33 72 de
350 712 261 72 puimeron

166 829 0 62 a
230 817 33 91 Je
300 822 83 72 prie
441 811 224 91 Monseigne

162 911 21 58 er
253 920 1 56 a
303 907 97 67 cette
459 898 167 70 bonne

164 1016 94 57 euer
328 1006 10 62 à
397 1003 75 63 m^r
505 997 21 66 le
555 998 105 63 Curé

166 1093 77 66 lieu
309 1093 44 75 de
413 1092 258 80 puimeros

167 1204 36 79 je
257 1202 142 74 legue
464 1207 125 59 pour

149 1321 54 55 sur
250 1304 55 74 les
369 1307 248 71 pauvres

190 1414 114 65 meros
373 1414 139 67 qu'au
551 1414 144 69 moÿen

149 1497 80 73 sera
274 1497 52 84 dit
365 1499 336 78 journellement

198 1590 122 86 tant
387 1596 127 80 pour
575 1596 37 78 le

166 1703 29 78 le
252 1708 126 71 repot
430 1700 40 79 de
528 1704 143 76 lame

157 1812 31 60 re
244 1813 30 66 et
330 1805 87 69 feut
498 1814 66 65 ma

147 1902 213 92 faissoit
434 1900 101 84 tous
585 1901 57 76 ses

166 2028 71 75 lles
309 2032 215 70 pourquoi
563 2031 33 69 je

159 2126 60 78 vos
254 2120 36 80 de
338 2124 137 81 lame
516 2118 42 85 de
606 2120 83 82 feut

202 2231 117 70 m'ont
371 2230 75 72 mis
504 2229 69 69 au

166 2322 39 66 le
249 2325 73 74 qui
394 2332 33 63 me
466 2317 184 79 laissoit

164 2409 111 62 autres
327 2406 106 77 freres
481 2413 31 68 et
560 2409 116 76 seus

172 2499 34 63 lu
269 2495 57 72 des
371 2495 228 82 biensque
639 2498 29 66 le

154 2574 121 87 Mance
316 2584 31 63 et
394 2580 132 85 bonté
554 2580 139 83 procuer

157 2686 103 83 j'ay
301 2703 46 64 en
393 2685 167 77 france
617 2701 41 59 de

182 2788 63 85 que
291 2801 75 65 par
412 2798 23 75 ce
470 2791 184 82 present

168 2885 120 63 neros
360 2881 82 81 mon
497 2881 137 80 paiss

156 2956 62 80 Vie
274 2956 262 100 dAvignon
605 2959 76 85 tout

188 3058 26 71 ci
252 3059 136 90 desses
440 3060 232 89 acquittés

149 3144 151 274 dnte
375 3143 226 278 Bnase

1181 322 63 68 que
1276 322 63 73 J'ai
1375 322 91 57 écrit
1560 325 72 69 moi
1693 326 127 75 même
1904 322 44 61 de
2015 341 55 59 ma
2126 331 133 68 propre
2326 327 138 67 maint
2514 326 28 67 et
2570 326 122 78 signé

1194 407 128 87 aubas
1367 405 32 66 de
1431 403 116 67 toutes
1585 403 39 89 les
1669 405 179 87 pages.
1893 405 90 87 fait
2021 411 13 69 à
2084 401 123 79 Saint
2251 400 111 74 Pierre
2431 399 244 85 Martinique

1185 489 27 74 ce
1268 486 283 77 vingtutieme
1690 492 111 69 mars
1873 490 111 70 mille
2045 482 95 73 sept
2177 490 96 68 cent
2310 478 268 78 cinquante
2610 475 73 79 sept

1182 595 114 74 cecÿ
1327 593 54 63 est
1471 596 87 68 mon
1615 585 188 76 presant
1872 579 263 76 testament
2187 575 231 80 olographe
2470 575 237 75 conptenant

1188 688 124 67 divers
1362 688 79 74 legs
1503 700 61 60 que
1604 683 28 64 je
1688 683 151 69 remet
1907 679 17 62 à
1984 692 80 55 M.
2102 679 25 67 le
2158 675 142 67 Vaché
2355 670 193 72 notaire
2602 679 91 58 pour

1195 776 147 82 garder
1403 774 123 77 dans
1569 779 61 66 ces
1698 768 234 85 minuttes
1973 762 229 87 Jusqu'au
2243 759 100 80 Jour
2396 752 38 70 de
2507 759 105 66 mon

1197 863 137 77 décès,
1387 861 37 79 Je
1470 859 215 85 Supplie
1778 849 381 87 humblement
2241 843 298 69 Monsieur

1181 961 211 100 Thibout
1469 957 183 100 greffier
1701 976 36 56 en
1806 961 114 85 chef
1981 952 37 82 de
2072 944 121 90 faire
2240 940 220 92 exécuter
2522 943 135 82 après

1218 1069 83 75 mon
1357 1064 100 76 décès
1540 1061 28 75 la
1629 1059 172 79 teneur
1866 1062 47 74 de
1972 1064 29 70 ce
2049 1048 207 85 present
2315 1040 307 79 testament

1202 1163 137 82 dans
1385 1156 107 69 toute
1555 1153 37 68 sa
1678 1150 133 85 forme
1850 1161 31 69 et
1932 1142 149 83 teneur
2139 1146 83 76 cette
2291 1136 195 76 derniere
2533 1139 112 71 pae

1194 1275 44 62 ne
1277 1253 196 81 coutient
1529 1256 67 76 que
1676 1247 126 82 vingt
1876 1240 162 83 lignes
2106 1244 2 66 y
2165 1224 208 82 comprit
2435 1229 79 68 cette
2547 1220 143 70 dernier

1198 1369 65 67 qui
1320 1345 82 91 fait
1465 1340 107 86 vingt
1629 1339 83 69 une
1787 1328 112 83 signé
1970 1318 148 77 maint
2177 1316 136 77 popre
2352 1305 28 89 S^t
2395 1307 93 83 Jean
2530 1299 129 82 Pierre

1185 1446 137 95 Julien

1274 1507 29 83 ce
1354 1499 170 95 Présent
1588 1495 237 86 cestament
1923 1486 181 83 contient
2169 1483 102 83 trois
2309 1472 182 85 feuillets
2564 1463 101 92 dont

1177 1611 115 91 huit
1352 1607 147 88 pages
1533 1599 166 83 plaine
1747 1601 35 62 et
1844 1595 35 73 la
1922 1578 215 90 presante
2197 1576 59 84 cÿ
2281 1565 147 91 dessus
2484 1555 54 95 que
2574 1551 73 78 J'ai

1168 1705 131 91 signé
1347 1696 42 86 de
1468 1697 56 70 ma
1598 1679 144 92 maint
1802 1674 164 93 propre

1925 1719 146 93 Signé,
2133 1716 100 89 Jean
2295 1704 127 87 Pierre
2496 1690 192 90 Julien.

1257 1812 44 82 la
1355 1812 199 86 Presente
1613 1813 125 83 page
1810 1805 93 89 fait
1983 1811 92 78 neuf
2173 1814 111 72 page
2370 1805 141 75 écrites
2573 1805 30 61 de
2652 1816 43 50 ma

1177 1903 181 82 maint
1422 1898 137 87 propre
1618 1900 27 55 et
1698 1892 137 79 signé
1901 1884 39 65 de
2012 1882 63 67 ma
2190 1874 161 83 maint
2416 1872 161 81 propie

1494 1975 117 101 Signé
1656 1979 4 94 "
1706 1969 107 96 Jean
1881 1961 144 100 Pierre
2092 1955 206 78 Julien.

1241 2076 240 94 Paraphé
1535 2077 49 84 au
1626 2072 106 89 desir
1806 2070 41 77 de
1896 2063 105 84 notre
2056 2050 136 82 procès
2249 2054 129 68 vebal
2429 2062 33 51 de
2486 2060 28 64 ce
2557 2055 91 67 jour

1208 2191 2 54 a
1269 2180 33 72 S^t
1355 2165 101 82 Pierre
1509 2161 21 83 le
1589 2166 27 80 21
1656 2154 138 86 fevrier
1866 2159 69 78 1776
2020 2142 131 88 signé
2210 2132 156 89 Petit.

1348 2269 81 93 Sur
1479 2265 251 92 l'enveloppe
1807 2260 132 95 dudit
1983 2263 251 87 testament
2292 2276 47 70 est
2384 2263 144 68 écrit.

1285 2401 35 94 Le
1384 2399 207 91 peresant
1676 2393 54 74 ait
1822 2402 73 67 mon
1954 2390 266 83 testamant
2299 2380 206 95 olograffe
2571 2394 67 76 que

1196 2503 101 88 J'aÿ
1344 2501 77 85 fait
1475 2499 118 77 eccrit
1654 2510 39 61 et
1741 2493 131 83 signé
1933 2495 39 59 de
2039 2491 58 87 ma
2151 2490 149 87 propre
2387 2483 161 87 maint
2604 2483 93 83 pour

1187 2607 87 73 estre
1356 2604 154 69 auvert
1588 2606 133 69 après
1789 2597 90 57 mon
1935 2593 34 59 de
2005 2600 59 50 ces
2120 2586 28 72 et
2216 2582 201 75 executé
2479 2586 191 63 comme

1200 2707 122 83 étant
1434 2709 62 74 mes
1547 2691 196 89 dernieres
1814 2687 189 93 Volontes
2064 2694 13 73 à
2150 2681 141 92 Saint
2358 2683 127 77 pierre
2552 2686 185 81 Martinique

1190 2809 20 76 le
1273 2810 116 84 Vingt
1463 2801 109 84 huit
1672 2811 103 78 mars
1869 2792 110 91 mille
2053 2792 116 89 sept
2231 2790 103 84 cent
2383 2786 262 85 cinquante

1198 2900 80 114 Sept

1583 2900 199 101 (Signé
1875 2892 146 99 Julien

1329 3026 254 106 Paraphé
1634 3050 41 77 au
1725 3029 110 98 desir
1901 3042 40 62 de
1992 3020 103 93 notre
2154 3010 115 84 procès
2329 3008 131 86 verbal
2505 3008 31 97 de
2566 3025 31 79 ce
2634 3024 70 79 jour

1223 3149 25 70 à
1289 3131 48 98 S^t
1370 3129 107 90 Pierre
1557 3153 23 58 ce
1654 3151 30 78 21
1728 3129 142 100 fevrir
1920 3136 90 91 1776
2076 3117 172 109 (Signé
2298 3113 194 106 Petit,
