2338 2719
362 306 0 65 T

308 367 7 106 u
352 365 144 133 inee

354 526 117 56 J'ai
529 520 138 54 Recu
747 487 242 70 monsieur
1014 482 30 66 le
1107 469 242 83 marquis
1414 465 39 66 la
1490 460 144 74 lettre
1739 457 87 69 que
1849 456 113 65 vous
2010 455 153 54 maées

383 594 91 78 fais
503 593 288 69 l'honneur
882 597 51 46 de
975 571 226 73 miecrere
1269 554 41 79 le
1367 550 36 83 28
1466 550 172 73 juillet
1717 553 106 58 par
1847 532 249 64 laquelle

380 701 109 59 vous
541 686 362 72 m'informes
969 682 36 49 de
1023 663 226 76 l'arrivée
1310 664 61 55 du
1402 652 174 67 nave
1617 632 396 79 l'enmanuel

391 780 108 70 dont
545 777 55 78 les
635 780 168 68 suires
877 746 223 86 n'outelé
1149 745 200 72 vendus
1412 731 98 72 que
1589 728 159 69 44"5
1826 711 166 65 parce
2035 697 120 70 qu'ils

388 873 78 82 ont
496 865 73 84 eté
611 858 135 68 juges
789 843 335 88 inferieurs.
1154 826 44 72 la
1246 807 399 90 manufacture
1727 798 187 56 d'ieux
1990 781 83 53 ert

400 967 202 60 soignée
651 947 184 63 comme
890 949 3 41 a
926 913 418 76 l'ordinaire.
1391 904 146 57 mais
1579 891 119 65 cetes
1735 888 56 51 de
1820 879 132 61 pend

416 1040 230 66 souvent
697 1027 91 61 des
822 1010 218 75 saisons
1113 1001 41 60 et
1194 999 73 53 du
1302 977 144 76 Sol.
1497 974 77 69 vos
1608 955 92 82 h^on
1760 942 144 88 font
1955 939 171 68 d'asses

437 1115 80 67 bon
562 1096 211 81 sucre;
825 1096 124 68 mais
1008 1081 102 66 non
1148 1078 119 56 pas
1308 1054 41 77 la
1376 1036 275 86 premiere
1751 1022 217 71 qualite
2026 1022 39 55 de

415 1202 40 73 la
486 1190 271 90 plaine.
801 1189 93 63 ceux
984 1178 82 59 par
1096 1158 52 63 les
1174 1150 136 77 nav^e
1357 1139 42 83 la
1433 1122 296 96 lexandre
1791 1110 87 76 ont
1916 1103 75 83 eté
2024 1097 131 79 plus

426 1260 550 99 avantageisement
1031 1237 223 75 vendres
1315 1229 89 66 car
1469 1201 329 75 j'apprends
1855 1194 123 63 par
2058 1190 59 52 mr

443 1374 274 67 morneron
806 1347 83 70 qui
927 1325 130 72 l'ont
1101 1316 77 69 eté
1267 1309 65 74 49
1410 1307 42 57 10
1500 1303 36 61 ce
1574 1282 72 77 qui
1668 1275 62 67 est
1784 1280 41 61 un
1859 1253 244 84 superbe

432 1450 167 76 prix;
651 1447 124 57 mais
813 1430 97 65 non
960 1419 103 55 pas
1104 1407 194 63 encore
1379 1377 34 69 le
1439 1366 134 82 hant
1620 1356 116 82 prix
1792 1364 52 56 ou
1901 1335 287 83 quelgieus

401 1530 231 73 heureux
706 1509 320 73 privilegies
1068 1483 85 61 ont
1217 1463 248 77 atteint.
1498 1454 131 63 vous
1665 1446 113 60 avis
1824 1428 289 58 depuiss

433 1614 125 65 reces
605 1610 82 64 uun
723 1594 188 72 pareil
978 1576 156 58 envoy
1186 1560 87 64 par
1301 1546 33 60 le
1358 1528 183 79 nav^.
1581 1523 39 72 le
1653 1510 223 87 nantois
1918 1496 178 85 cap^.

440 1676 270 89 foucher.
745 1664 44 75 et
817 1670 121 70 vous
989 1646 193 72 recivres
1237 1628 115 71 avec
1385 1621 45 58 la
1471 1601 252 76 pressate
1793 1602 47 62 un
1910 1581 156 70 autre

576 1768 66 62 39
714 1731 328 88 Bariques
1098 1722 100 75 par
1216 1709 30 79 le
1294 1693 143 84 nav^e
1472 1681 31 87 le
1526 1674 60 86 S^r
1616 1667 197 80 honore
1901 1651 37 70 Je
1967 1662 97 63 vous
2105 1657 31 65 en

438 1864 133 53 avois
632 1833 227 68 annonce
912 1819 123 63 40.
1106 1812 110 65 mais
1247 1799 33 52 il
1324 1788 103 59 s'eu
1458 1776 197 74 trouve
1735 1773 72 58 une
1835 1737 265 82 demoint

428 1787 65 59 de

429 1932 80 70 Je
534 1930 122 59 vous
687 1923 63 64 en
792 1897 227 71 adressie
1079 1873 68 78 cÿ
1184 1853 197 91 jointe
1437 1854 45 79 la
1518 1839 238 90 facture

468 2003 52 57 la
574 1978 251 80 maladie
888 1965 373 74 epifootique
1321 1961 76 57 sur
1422 1942 65 69 les
1541 1930 202 77 mulers
1813 1935 86 63 qui
1956 1933 0 50 a

968 2047 23 46 re

466 2093 231 64 ravage
750 2077 84 60 vos
878 2056 88 71 h^o.

1045 2025 266 84 pendaet
1371 2022 36 76 18
1485 2019 110 68 mois
1656 2024 184 66 acesse
1896 2025 63 56 de
1998 2025 75 53 se

475 2141 322 90 manifester
875 2156 60 53 au
1001 2149 147 59 même
1183 2136 173 60 degré
1407 2121 48 58 de
1526 2086 374 97 malignité.
1948 2080 115 72 J'en

454 2262 169 77 perds
668 2250 281 81 neamoins
980 2225 267 85 toujours
1301 2210 264 88 quelques
1622 2205 145 56 muns
1813 2192 84 62 de
1973 2180 132 82 cette

1524 2440 42 90 85
