4513 2705
438 292 360 85 contagion.
822 292 29 68 il
908 280 77 75 ma
1036 272 189 79 faller
1275 264 73 79 les
1394 255 296 84 romplacer
1771 244 40 76 et
1878 255 46 57 ce

413 384 429 95 remplacement
910 387 55 60 ne
1033 379 217 76 rcupere
1305 375 107 58 pas
1454 365 60 52 les
1565 343 156 74 pertes
1784 325 164 91 faite

421 502 114 70 par
571 492 30 73 ce
636 496 95 67 qun
798 467 171 78 mulet
1019 465 269 68 nouveau
1360 436 214 77 vennant
1619 437 36 57 de
1686 428 39 63 la
1778 417 267 76 Cote,

410 584 254 70 despagne
772 552 323 78 n'equivant
1136 541 102 66 pas
1291 539 4 55 a
1348 544 39 55 un
1456 518 162 74 mulet
1671 513 137 61 deja
1867 510 152 58 fait

425 697 51 57 au
519 671 198 75 travail
771 665 5 64 &
865 640 316 75 acclimale
1229 621 46 63 et
1313 616 62 63 les
1418 602 310 78 roulaisons
1764 612 43 48 en
1871 603 100 54 vor

424 753 134 83 plus
590 722 383 100 reutement;
1010 700 63 97 Je
1090 696 112 82 von
1272 677 345 93 feraiencore
1681 673 116 68 cette
1844 668 175 62 anne
2061 662 39 65 ce

444 862 41 54 un
556 831 148 71 autre
754 829 157 61 envoy
992 804 64 62 de
1107 800 73 64 40
1232 776 284 78 Daiques
1606 763 127 64 mais
1776 758 85 65 qui
1916 749 57 56 ne

428 931 205 73 pourra
697 924 127 55 vous
858 901 277 70 parviuir
1210 874 106 75 que
1337 860 120 70 dann
1484 855 33 67 le
1537 837 429 72 Connencemen

418 1016 54 67 de
501 1002 215 80 l'annee
796 969 341 102 prochaine

561 1078 98 70 j'ai
695 1080 112 61 recu
865 1064 220 55 monsier
1116 1045 40 58 le
1225 1036 255 59 marquis
1529 1021 38 66 la
1622 1009 182 69 montre
1859 1008 156 65 dor

415 1155 247 89 repetiton
747 1164 71 58 que
842 1154 119 67 vous
984 1124 212 76 destines
1236 1097 170 84 pouur
1487 1075 245 86 Robion
1776 1071 42 75 de
1844 1072 312 78 lavrignais

413 1258 64 84 Je
499 1254 41 81 la
568 1258 63 72 lui
672 1263 44 47 ai
752 1248 148 61 remis
940 1231 45 65 de
1015 1209 135 75 votre
1191 1193 125 76 part
1373 1184 53 79 et
1459 1185 51 63 de
1546 1176 101 67 cetle
1674 1180 30 48 de
1737 1178 82 51 vos
1852 1163 207 64 dames

433 1357 122 58 vous
583 1342 102 66 aves
710 1339 57 59 cy
801 1315 162 75 joiint
1028 1311 87 51 une
1138 1287 161 71 lettre
1335 1268 179 78 delui
1587 1258 100 64 qui
1732 1252 152 55 vous

432 1422 299 76 exprinne
790 1415 52 53 sa
902 1372 554 93 reconnoissannce.

514 1484 104 82 J'ai
655 1503 115 57 renu
842 1488 147 60 aussi
1025 1466 51 69 de
1105 1449 139 87 votre
1289 1440 137 77 part
1489 1440 73 62 au
1612 1443 208 63 nomme
1871 1433 196 64 agnan

443 1559 441 99 commandeuur
943 1539 106 85 sur
1080 1528 123 86 l'h^n
1263 1525 107 84 des
1407 1527 217 69 sourres
1693 1491 138 85 l'acte
1889 1496 2 62 d

414 1660 222 88 liberte
689 1655 134 76 sous
849 1638 326 85 signature
1261 1633 214 71 privee
1593 1610 80 55 que
1698 1606 132 53 vous
1874 1594 193 56 marres

423 1765 249 72 adressees
723 1764 129 57 pour
888 1738 127 69 lui.
1050 1723 55 80 Je
1124 1725 96 74 lui
1258 1730 55 56 ai
1373 1690 224 82 intime
1683 1687 77 66 vos
1794 1672 276 76 intuction

437 1864 109 56 avec
583 1841 136 71 toute
766 1826 37 76 la
833 1810 335 89 solemnite
1236 1783 334 89 posseble.
1601 1778 36 67 il
1684 1761 126 79 s'est
1886 1756 126 78 jetle
2061 1778 1 46 a

456 1952 75 64 mes
570 1920 186 89 pieds
842 1925 90 64 m'a
988 1890 314 87 embrasse
1340 1879 83 66 les
1474 1877 216 60 genoux
1786 1862 44 62 et
1894 1836 204 92 ajure

433 2028 51 59 de
509 2025 149 57 vous
712 1991 166 79 resterr
932 1977 190 87 fidele
1193 1974 45 78 et
1280 1969 58 77 de
1362 1956 171 82 tache
1562 1974 1 51 a
1608 1971 77 53 vos
1719 1939 303 81 interets.

421 2119 39 62 il
499 2118 3 61 a
582 2103 71 70 une
679 2087 82 83 tres
805 2092 93 72 nom
943 2070 190 83 breune
1178 2056 254 80 famille
1497 2047 86 85 sur
1618 2044 115 84 l'h^on
1803 2037 44 89 il
1882 2045 73 71 est
2008 2039 116 76 pere

424 2199 65 71 de
530 2181 159 92 sept
726 2169 294 99 enfaurs.
1057 2158 62 74 Je
1142 2154 160 75 laisse
1336 2149 52 96 sa
1435 2145 150 98 femme
1668 2156 80 68 aux
1789 2149 135 60 cases
1981 2143 177 70 saus

2413 215 101 103 rien
2569 208 148 104 faire
2780 204 38 82 il
2855 199 351 87 continuira
3300 210 1 63 a
3361 192 322 75 resternchez
3728 194 227 61 vous.
4007 190 84 46 ou

2436 321 257 88 pourroit
2732 332 29 63 il
2805 316 109 61 aller
2975 301 160 77 pour
3212 290 97 77 etre
3371 292 281 68 mieux.

2430 408 130 89 l'acte
2616 404 86 75 que
2726 412 130 62 vous
2902 390 173 77 m'avis
3126 389 190 66 envoye
3367 382 79 52 qui
3487 344 294 90 constitue
3837 332 59 81 sa
3946 320 261 85 liberte

2443 505 81 77 est
2570 481 409 95 parfaitement
3044 467 44 77 en
3187 446 271 86 regleet
3497 435 28 74 il
3570 435 58 79 est
3686 420 82 91 fort
3807 411 216 89 inutite
4084 400 144 82 de

2457 590 162 75 faire
2666 574 85 87 les
2778 568 137 90 frais
2991 579 88 48 d'en
3116 560 161 65 passer
3334 560 50 62 un
3440 512 312 105 pardevaut
3813 485 381 105 notaire.

2568 672 68 72 Je
2666 678 122 63 vous
2823 668 34 55 ai
2904 662 229 63 iuntreut
3218 646 110 54 par
3401 621 259 78 malectre
3729 614 90 65 du
3899 605 39 57 28
3997 595 190 66 avure

2492 779 71 77 de
2587 763 102 81 tout
2725 763 36 69 ce
2798 768 76 64 qui
2929 742 48 79 ne
3001 722 255 100 lusessoit
3295 716 58 69 la
3375 698 241 77 Colonie
3672 707 4 57 a
3731 692 107 69 cette
3875 664 314 92 eogeee

2497 869 58 74 du
2617 857 46 77 de
2692 851 125 76 part
2860 843 148 70 pour
3047 830 223 61 francee
3341 802 65 68 de
3433 776 343 88 l'assembllee
3821 755 342 80 coloniale

2482 964 118 79 tous
2660 963 91 57 mes
2785 932 132 87 recits
2973 907 135 104 sont
3163 871 424 124 parfaitement
3640 865 302 81 conformes
3976 859 3 51 a
4013 838 42 67 la
4097 832 206 82 verete

2494 1063 3 55 a
2540 1023 318 98 l'exeertion
2960 1006 42 74 de
3034 1007 42 75 la
3127 995 121 68 mort
3295 991 61 57 de
3416 958 140 88 m^eme
3601 952 41 81 de
3669 946 218 77 Codere
3942 944 71 60 qui
4051 936 71 56 se

2943 1097 46 64 d.
3020 1084 94 72 elle
3146 1078 60 66 cet
3256 1064 125 74 dans
3398 1066 33 56 ce
3490 1036 197 78 momie
3720 1027 49 67 el
3830 1025 76 67 au
3938 1008 119 79 port
4098 994 190 76 aup^e.

2522 1212 209 71 depuis
2760 1194 45 72 le
2831 1169 225 90 depart
3095 1169 50 65 de
3188 1145 137 83 notre
3378 1126 277 83 assembee
3710 1117 141 69 nous
3895 1103 240 62 sommes

2487 1140 189 80 tronne
2727 1105 167 100 fausse

2520 1277 406 97 franquilles.
2967 1263 109 68 cette
3106 1259 124 64 paix
3280 1232 138 69 vient
3454 1197 321 101 cependant
3848 1177 155 86 d'etre
4041 1163 243 86 troublee

2530 1388 110 61 par
2669 1366 233 70 l'arrivee
2978 1358 68 43 du
3089 1324 225 79 nomme
3372 1311 121 62 oge
3554 1280 250 79 mulatre
3895 1274 89 56 qui
4029 1275 3 44 a

2510 1455 302 75 debarque
2857 1423 131 75 dans
3012 1410 35 82 la
3090 1398 177 77 partie
3344 1397 62 56 du
3435 1383 121 66 nord
3612 1361 150 77 sous
3793 1350 35 66 le
3868 1338 234 74 costuume
4173 1329 116 62 d'unn

2535 1520 211 90 matetot
2809 1494 193 97 venant
3070 1486 39 81 de
3137 1485 41 76 la
3221 1460 268 85 nouvelle
3536 1426 390 93 angletaille.
3955 1424 28 62 il
4024 1423 102 57 ses

2491 1604 117 81 fait
2670 1598 72 71 des
2777 1579 302 81 partisans
3136 1577 87 44 des
3264 1553 117 65 gens
3396 1558 57 49 de
3491 1539 89 66 son
3677 1513 211 72 especie
3980 1500 204 55 amnis

2481 1715 5 54 a
2528 1675 340 90 l'assemblee
2930 1624 390 106 provinciale
3419 1612 53 69 du
3512 1598 233 67 nordel
3802 1596 3 52 a
3868 1582 74 60 m^r
3975 1571 58 72 de
4053 1572 224 73 peinier

2485 1779 70 71 les
2584 1766 162 76 lettres
2769 1752 69 75 les
2868 1743 121 68 plus
3039 1704 320 88 nolentes
3434 1707 42 56 en
3502 1694 94 70 lui
3638 1660 328 82 anmoncant
4044 1656 142 61 quil

2509 1867 149 65 vient
2739 1826 291 88 reclamer
3112 1791 166 86 pour
3358 1775 64 72 sa
3477 1758 157 82 caste
3691 1732 292 89 desdroits

2509 1957 75 52 im
2633 1892 443 112 priscreptibles
3142 1879 142 69 qu'us
3330 1852 231 82 prejuge
3610 1822 301 88 Barbare
3997 1823 128 56 avot

2520 2009 214 81 aneanti
2792 2000 206 61 depuis
3051 1978 86 64 deu
3246 1936 273 90 siecles.
3565 1922 120 63 qu'il
3739 1895 325 75 reposussera
4109 1880 69 57 la

2532 2098 125 66 foce
2716 2092 94 59 par
2848 2066 39 75 la
2930 2044 142 92 force
3144 2034 62 85 et
3248 2025 123 73 qu'il
3403 2022 49 62 sa
3532 1976 374 92 nocessament
3968 1978 135 56 venir
4186 1980 1 54 a

3026 2107 342 106 fortifier.
3398 2108 149 88 pour
3608 2085 245 81 reponse
3944 2057 52 86 on
4046 2077 1 73 a
4097 2044 111 102 fait

2591 2244 189 85 rarcher
2855 2217 292 87 contrebu
3227 2191 221 78 environ
3565 2164 152 84 mille
3748 2158 221 71 hommes
4007 2161 78 63 des
4115 2139 204 82 troupes

2508 2189 255 68 Leogane
2841 2176 48 51 de

4366 404 41 63 eil

4350 759 2 65 2
