4561 2720
336 251 214 83 deligne
624 253 34 64 et
712 218 356 98 patrioliques
1134 219 106 66 avec
1281 219 61 56 du
1384 177 304 89 Cason.
1708 157 330 105 l'approche

333 359 61 71 de
423 352 89 78 cette
552 354 200 67 arnée
804 323 66 81 les
911 326 4 64 a
960 314 106 79 fait
1122 299 73 82 se
1229 301 218 77 replier
1488 292 83 65 darn
1594 277 60 63 les
1689 263 221 68 double

372 447 283 83 montagnes
710 442 98 69 pris
851 419 41 83 la
940 399 284 102 frontiere
1290 396 64 70 en
1392 372 328 91 pagnolee
1820 360 37 75 et
1921 354 144 83 40–

354 544 84 76 des
460 537 127 78 leurs
621 547 56 60 se
707 530 120 73 sont
864 525 192 70 rendres
1109 471 574 100 augouvernement.
1706 473 73 63 ils
1818 469 4 57 o

368 648 245 69 assame
675 628 7 69 4
765 624 59 64 ou
857 611 114 63 cing
1036 588 255 75 Blancs
1351 574 49 75 et
1450 565 137 71 voté
1628 579 4 55 a
1691 558 98 69 l'un
1881 563 50 46 80
1999 539 149 67 mille

377 718 241 89 francs.
657 699 132 90 ondit
846 704 80 74 que
962 692 61 68 cet
1076 650 445 110 attroupement
1581 646 77 68 est
1718 637 67 73 de
1862 644 3 54 7
1908 643 3 55 a
1965 628 100 71 800

381 812 293 80 mulatres;
729 805 125 63 mais
886 788 27 65 le
941 774 239 73 nombre
1227 768 122 56 pece
1388 735 288 81 s'acroite
1787 728 95 54 ceux
1953 713 76 68 de

365 914 49 69 la
445 889 168 86 partie
681 891 104 71 que
847 851 251 98 j'habite
1172 854 34 60 et
1251 846 70 67 des
1354 824 295 75 environs
1694 810 148 76 n'ent
1894 804 137 67 pas

374 1000 233 66 aenué.
641 967 69 81 les
747 956 254 82 paroisses
1038 935 57 72 se
1121 923 140 79 sont
1315 903 310 89 assembles
1685 902 3 57 a
1732 888 127 73 ceta

377 1093 135 57 pou
580 1064 192 68 prendre
813 1046 64 75 les
923 1041 216 70 mesures
1166 992 423 105 convenables
1662 984 44 77 et
1749 980 27 70 il
1815 984 47 53 va

415 1142 278 94 paroitre
789 1146 99 68 une
929 1086 493 119 proclamation
1541 1076 113 76 tres
1720 1052 334 86 menacante

408 1256 41 64 de
478 1248 37 72 la
555 1241 118 72 part
734 1225 65 76 du
852 1196 481 95 gouverneur
1411 1183 86 61 qui
1543 1174 156 64 prend
1756 1157 177 52 dons
2025 1150 0 45 a

421 1306 292 100 prolection
829 1296 134 77 tous
995 1300 111 52 ceux
1160 1280 62 53 des
1270 1245 271 80 mulatres
1606 1248 101 55 qui
1751 1221 268 76 resteront

405 1412 54 58 eu
495 1403 131 62 pais
682 1375 52 80 et
771 1364 228 86 sommes
1034 1352 95 71 aux
1173 1335 195 79 clanis
1455 1321 45 70 et
1548 1309 138 87 livre
1738 1316 2 57 a
1792 1305 38 65 la
1888 1305 254 72 riqueur

420 1509 60 58 des
508 1479 90 79 bix
658 1467 116 82 tous
811 1472 127 64 ceux
1007 1463 80 59 qui
1131 1423 237 80 suivent
1415 1417 35 74 le
1471 1406 255 90 partide
1773 1411 34 61 ce
1848 1382 297 81 l'ogé.

415 1590 128 57 nous
565 1580 156 58 avons
752 1547 316 81 l'esperance
1118 1542 84 64 que
1239 1525 65 61 cet
1345 1493 461 89 attroupement
1883 1492 124 51 siun

428 1642 214 85 bientot
715 1633 209 74 dissipe

426 1736 77 70 m^r
549 1728 31 74 le
605 1720 91 77 C^te
749 1714 290 76 depernier
1122 1692 82 67 est
1265 1668 165 82 parti
1482 1661 142 73 hier
1715 1662 141 66 pour
1896 1634 196 85 france

413 1814 101 81 sur
541 1810 34 78 la
623 1797 200 81 fregate
879 1766 386 94 l'engageaute
1311 1751 304 80 commane
1747 1746 105 61 par
1959 1732 74 60 m^r

413 1920 51 59 de
487 1900 30 74 la
567 1899 163 69 Gaille
806 1880 43 69 et
901 1872 6 69 a
949 1857 176 74 laissé
1157 1857 48 70 le
1233 1823 505 89 commandement
1802 1827 1 58 a
1854 1817 2 64 m

406 2009 73 61 de
536 1952 513 113 Blanchelande
1112 1930 437 86 nouvellement
1615 1924 182 63 arridé
1846 1918 150 60 dans

416 2082 134 77 celte
582 2059 379 81 Colonie.

434 2164 140 72 nous
606 2166 156 63 avons
788 2137 378 78 connoissance
1228 2121 60 75 ici
1345 2118 64 72 du
1431 2105 155 73 decret
1650 2116 68 63 du
1766 2116 38 56 19
1858 2102 133 61 june

424 2247 312 78 concensant
776 2235 36 67 la
855 2222 208 82 noblesse
1136 2217 30 69 il
1204 2217 55 61 na
1291 2212 101 65 pas
1446 2204 171 58 trouve
1652 2209 53 46 ici
1760 2190 279 62 beaucoup

423 2364 52 64 de
497 2327 337 97 partisons.
897 2320 40 78 et
995 2313 166 76 jearois
1199 2306 41 68 en
1297 2306 102 59 mon
1455 2281 382 78 particulier
1930 2277 126 63 quil

2467 312 1 73 e
2635 298 278 88 importoit
2979 294 110 73 fot
3136 293 123 72 pau
3313 308 59 53 au
3407 275 254 85 bonheurr
3741 281 58 71 de
3873 273 260 82 peuple
4194 275 151 69 quil

2521 430 2 52 r
2591 420 72 62 Ly
2702 409 91 71 ceet
2832 408 105 63 des
2988 401 183 64 comtes
3229 392 30 57 et
3298 391 83 60 des
3439 380 319 57 marquis.
3789 370 156 61 pouur
4004 376 71 54 vû
4149 366 76 61 que
4275 355 85 61 les

2624 499 235 71 charges
2903 484 314 72 pecuumiaire
3319 463 250 73 distribres
3620 464 96 57 avec
3762 445 213 72 egalité
4046 437 412 70 soulageassent

2658 614 70 44 sa
2777 571 333 85 condition.
3141 569 102 62 c'est
3278 557 103 75 tout
3414 559 23 60 ce
3468 547 115 67 qu'il
3649 540 323 65 demandoit

2662 681 130 68 pour
2857 683 68 56 me
2955 655 367 80 Conformer
3396 643 270 73 neamoins
3725 640 3 57 a
3788 641 38 52 ce
3870 621 217 72 decret
4147 617 60 69 je
4245 624 120 50 vain

2650 775 264 67 nommerai
3004 732 224 94 charles
3265 741 56 61 de
3346 723 33 82 la
3427 697 504 99 Rochefoucauce
4033 693 123 77 tout
4208 694 175 69 court

2655 877 34 54 ce
2729 874 33 48 ne
2795 864 102 59 sera
2937 850 113 60 pas
3084 840 138 63 vous
3274 835 83 60 qui
3390 805 219 79 perdrés
3655 798 34 70 le
3721 792 151 69 pls
3925 796 39 49 en
4006 777 234 72 prenant
4289 757 148 76 vôtre

2653 931 406 81 vrainon.
3092 925 87 57 car
3235 905 153 70 cenom
3450 886 70 69 est
3565 875 184 79 encore
3848 876 44 68 un
3932 856 92 85 fort
4076 847 135 79 beau
4269 840 128 74 titre

2681 1036 130 60 mais
2852 1013 101 66 j'en
3018 1003 207 66 connois
3301 986 183 69 même
3534 976 47 59 de
3612 976 76 59 vos
3734 959 173 73 alliez
3958 951 90 62 qui
4075 948 304 58 ennauront

2661 1116 48 67 de
2737 1121 110 57 bien
2965 1086 207 77 villain

2774 1189 80 80 Je
2879 1193 133 63 vous
3038 1184 121 60 prie
3243 1147 222 80 monsier
3524 1141 40 78 le
3642 1140 250 71 marquis
3956 1103 271 88 defrer

2696 1271 211 74 Emon
2967 1242 269 86 Respect
3274 1239 123 68 evos
3445 1220 207 84 dames
3741 1231 1 51 a
3805 1221 75 57 m^r
3948 1206 28 72 le
4017 1193 280 81 vicomte

2736 1372 59 56 de
2830 1359 120 64 gand
3038 1340 45 72 et
3126 1330 61 65 de
3249 1335 54 58 me
3337 1314 171 74 croire
3558 1302 70 60 au
3675 1274 479 85 lessentimens
4207 1280 107 54 deu

2749 1441 134 78 plus
2914 1441 172 61 tendre
3136 1432 6 54 d
3268 1402 99 64 pli
3405 1373 267 88 dencere
3748 1364 50 66 et
3851 1360 79 66 du
3988 1349 149 74 plus

2728 1514 307 100 inviolable
3081 1487 423 99 attachement

2808 1738 5 59 9
2889 1687 232 101 novembre
3165 1677 182 86 1790.

3507 1528 175 92 Votre
3704 1523 88 77 tres
3833 1514 196 78 humbe
4079 1499 172 83 &tres

3559 1607 295 92 obeiisant
3908 1601 287 74 serviteur

3707 1676 410 137 Prvencher

3738 2098 55 117 89

2375 385 230 60 LIREUTIONCÉNÉEAS

2475 414 0 36 1
