4183 2697
383 668 76 85 Votre
506 677 159 78 intention
712 677 48 69 est
811 695 43 65 que
900 678 54 86 s'y
988 680 78 84 faire
1117 699 126 71 assurer

402 769 31 92 Je
478 771 159 101 nestime
675 789 70 84 pas
798 798 145 77 d'après
995 792 24 84 le
1063 783 65 91 Prix
1179 795 90 86 porté
1323 798 48 77 sur
1418 787 28 85 la
1487 793 122 86 facture
1671 806 47 77 des
1773 808 41 67 40
1854 815 171 79 Bariques

251 890 25 91 de
308 890 82 92 suire
451 891 59 80 Par
542 892 25 93 le
613 893 32 89 S^t
684 894 129 86 honore
869 904 100 79 foient
1017 912 23 61 de
1081 911 136 73 Bonne
1272 909 143 80 qualité
1450 909 43 85 Ce
1528 912 50 78 qui
1627 903 192 86 d'ailleurs
1882 926 43 72 ne
1974 925 72 62 peut

258 1011 93 66 guere
394 1000 60 66 être
502 1003 206 81 autrement
758 1006 114 81 parce
905 1012 98 72 qu'ils
1053 1021 132 63 auront
1223 1015 52 66 été
1320 1016 194 82 fabriqués
1558 1034 30 52 en
1638 1032 143 65 arriere
1831 1029 114 70 saison

276 1093 75 77 Cette
405 1096 271 81 Marchandise
731 1101 87 82 souit
871 1108 227 80 actuellement
1158 1119 107 72 d'assés
1326 1127 29 66 de
1393 1116 125 81 Careur
1573 1129 96 71 pour
1707 1120 131 83 Croire
1898 1133 74 68 qu'il

280 1189 69 95 Vous
399 1191 70 96 sera
520 1212 248 73 avantageux
816 1202 30 80 de
879 1200 30 90 les
956 1204 120 92 Vendre
1131 1216 156 65 ausilôts
1328 1222 57 60 leur
1433 1219 107 79 entrée
1574 1223 29 78 en
1651 1214 225 88 Magasin,
1918 1219 22 91 Je
1974 1225 57 87 Vour

266 1303 85 70 serai
381 1287 131 83 obligé
555 1294 27 78 de
632 1313 40 64 me
709 1297 85 81 faire
831 1293 194 94 Connoitre
1068 1300 28 86 la
1139 1303 91 83 senus
1299 1309 98 89 votre
1460 1309 188 91 Volonté.

457 1413 142 62 Comme
643 1411 20 76 il
714 1408 90 81 peut
861 1410 107 79 venir
1025 1436 14 63 à
1095 1423 43 79 vos
1177 1436 265 67 arrangemens
1529 1433 26 62 de
1612 1433 172 83 Toucher
1828 1439 26 85 le
1892 1440 115 85 produit

302 1478 31 72 de
368 1481 71 80 Ces
488 1486 144 99 suires,
667 1498 32 89 Je
740 1513 78 76 Vour
862 1530 29 42 en
935 1523 96 79 ferai
1061 1540 117 65 passer
1214 1531 29 81 le
1275 1528 235 97 Montanl
1555 1546 22 83 si
1621 1550 76 78 Jour
1749 1544 21 80 le
1821 1547 162 81 desires;

277 1586 67 75 J'ai
390 1586 216 86 l'honneur
657 1597 147 82 d'offrir
871 1624 68 50 mon
983 1622 140 73 respect
1179 1619 16 78 à
1232 1630 210 78 Madame
1476 1631 31 76 la
1559 1631 274 89 Marechale
1891 1650 31 68 et
1969 1647 18 69 de

271 1672 56 71 Lui
360 1672 86 73 faire
490 1675 21 71 en
574 1682 98 77 même
740 1684 80 82 tems
876 1689 27 75 la
971 1710 98 70 même
1136 1720 272 75 proposition.
1451 1722 32 76 Je
1534 1733 180 71 reculerai
1760 1731 161 76 Mon

274 1781 384 67 Bembourcement
728 1806 16 48 à
790 1792 64 68 une
907 1792 259 95 Circontante
1232 1819 75 71 plus
1374 1802 215 92 faborable,
1614 1807 233 90 Comptait
1902 1815 44 70 sur

275 1869 49 80 les
378 1881 182 70 promenes
633 1890 61 65 que
748 1881 81 76 Veut
881 1884 101 75 Bien
1043 1913 35 52 me
1109 1899 88 74 faire
1250 1903 87 67 M.
1415 1904 286 79 Provenchere
1778 1922 62 63 qui
1881 1927 56 59 est

283 1956 77 75 dans
418 1961 30 76 la
499 1964 215 79 disposition
776 1979 31 64 de
870 1995 84 61 faire
1027 1992 34 66 de
1116 1985 104 77 sortes
1269 1991 212 78 Remises
1540 2000 88 76 Cette
1699 2006 176 72 année.

513 2054 93 82 Tont
668 2059 25 73 se
742 2061 126 89 Passoit
926 2073 103 81 Bien
1089 2084 330 87 tranguilement
1478 2101 84 75 dans
1616 2097 32 82 la
1715 2099 161 89 Colonie
1938 2128 13 62 à

279 2171 198 80 L'éporue
541 2186 37 61 du
650 2172 39 78 26
759 2174 135 81 Janvier
942 2193 147 69 surtont
1142 2188 26 74 de
1197 2183 25 83 la
1276 2185 83 79 Part
1403 2195 46 79 des
1494 2217 171 63 nois,
1708 2216 30 65 et
1781 2209 30 74 il
1860 2209 79 73 faut

289 2284 138 75 Espérer
483 2279 60 73 que
581 2272 27 75 la
672 2274 149 82 sagene
879 2278 46 77 du
975 2280 112 81 décret
1136 2295 54 73 qui
1233 2298 3 65 a
1279 2286 54 84 été
1395 2288 157 92 Rendut
1615 2307 253 76 appaisera
1925 2299 40 75 les

2347 771 316 97 Mouremenl
2731 788 59 78 qui
2823 779 52 76 ont
2900 776 30 71 eu
2978 792 71 51 lieu
3117 771 86 79 dans
3244 759 36 80 la
3335 758 127 92 Partie
3531 765 43 79 du
3615 771 86 75 nord
3749 777 22 74 de
3805 759 36 91 S^t
3868 762 197 81 Domingue

2315 985 151 61 Je
2520 963 73 84 suis
2671 967 72 64 avec
2828 962 265 86 Respect,

2651 1119 279 78 Monsieur,

2304 1435 175 100 Nante
2548 1464 28 73 le
2646 1435 70 96 18.
2772 1451 104 84 Mars
2925 1468 84 70 1790

3540 1270 101 101 Votre
3693 1274 58 101 tres
3790 1298 223 83 humble&

3444 1358 73 87 très
3552 1363 188 88 obeissant
3798 1367 213 89 serviteur.

3533 1500 281 85 Montirint
3879 1516 105 79 eprt
