2625 2701
580 475 63 67 MII

782 420 120 73 eque
942 417 55 75 je
1019 417 115 74 vous
1182 421 245 63 marquois
1510 408 210 57 monneur
1787 405 28 71 le
1853 403 222 68 marquis
2152 408 123 59 par
2368 405 67 56 ma

724 531 226 66 lettredeu
1003 519 38 61 26
1098 514 111 62 jun
1297 513 48 51 au
1374 501 132 69 sujet
1560 499 63 56 des
1658 504 229 52 diversité
1941 477 294 66 d'opinions
2301 480 76 53 sur
2407 468 31 62 la

736 594 315 86 continuation
1127 588 40 76 ou
1190 585 40 72 la
1263 578 268 78 dinsotution
1607 574 45 68 de
1686 568 287 73 l'assembee
2008 548 219 83 generale
2262 548 33 64 et
2373 554 70 55 mes

738 717 168 48 osariles
972 709 65 50 sur
1059 684 51 73 les
1136 679 139 76 suites
1318 683 46 61 de
1393 692 23 47 ce
1450 676 116 68 choe
1611 661 313 74 d'opinions
1986 665 32 48 ne
2043 648 89 64 sest
2189 647 63 61 que
2282 645 90 61 trop

731 781 204 72 ralisé.
968 765 264 81 l'assembles
1292 752 200 82 génerale
1569 735 253 83 marchant
1871 733 3 69 a
1919 738 169 61 grands
2134 730 116 60 par
2326 738 110 50 vers

732 868 64 83 l'in
831 849 282 96 dependance
1164 847 35 79 et
1238 838 240 84 chevohrant
1521 824 5 81 a
1559 821 247 82 depouiller
1869 805 456 80 legouverneur–

746 992 32 53 du
810 984 97 55 peu
967 942 302 83 d'autorité
1312 934 148 74 qu'elle
1493 921 68 62 lui
1596 913 125 64 avoit
1760 907 196 66 laisse.
1984 897 244 72 legeneral
2284 879 119 66 dont

726 1082 28 45 la
783 1061 231 64 palunce
1060 1034 121 76 etoit
1221 1029 172 69 lassée
1452 1030 123 54 apris
1603 1018 138 56 avoir
1800 993 103 64 fais
1951 985 258 71 beaucoup
2296 979 58 53 ae

756 1123 255 87 sacrifices
1080 1110 269 78 personels
1388 1109 134 64 pour
1552 1095 23 64 le
1600 1091 99 68 bien
1744 1090 38 56 de
1810 1084 31 60 la
1875 1086 109 58 paix
2089 1083 180 58 untrun
2362 1060 85 71 des

761 1220 285 74 manocurrés
1100 1219 187 60 sondes
1334 1215 39 44 et
1428 1181 214 82 adieuses
1708 1182 61 59 que
1799 1162 187 78 tramoit
2048 1147 299 73 l'assemblee
2393 1157 115 50 dann

734 1313 100 77 tous
858 1311 49 75 les
947 1288 233 94 quartiers
1209 1286 39 66 de
1271 1283 33 67 la
1332 1269 195 78 Colonie
1583 1256 45 74 et
1674 1240 194 85 suctout
1913 1237 51 76 au
1981 1229 138 82 port
2162 1224 52 71 au
2246 1225 170 71 prince

755 1395 97 82 par
873 1384 223 84 lorgane
1161 1372 59 71 du
1252 1375 171 60 comite
1495 1364 70 65 qui
1626 1364 5 54 y
1656 1333 105 77 etoit
1803 1324 170 71 établi
2038 1323 215 62 aformé
2292 1303 38 75 le

744 1467 185 80 projet
970 1462 46 72 de
1035 1459 35 71 le
1105 1452 258 81 dissondre
1451 1431 40 75 et
1528 1437 45 51 de
1610 1418 221 69 ramener
1885 1412 87 63 par
2003 1398 33 72 la
2081 1390 30 76 la
2151 1389 119 76 paix
2328 1393 70 54 que

733 1561 99 72 etoit
882 1545 200 79 troublée
1128 1558 45 45 au
1197 1519 142 85 port
1391 1512 60 77 au
1478 1517 180 63 prince
1735 1508 82 55 par
1834 1483 52 68 les
1921 1467 365 79 ensinnations
2344 1476 1 45 –

740 1629 249 91 perfides
1056 1629 44 65 de
1138 1636 21 50 ce
1185 1617 254 67 dangereux
1494 1577 263 86 comité.
1787 1573 111 62 cette
1941 1556 296 80 entreprise
2275 1558 49 57 de
2363 1554 79 44 sai

736 1718 120 82 part
925 1709 100 79 aeté
1066 1699 159 63 cause
1280 1690 60 65 de
1366 1696 29 56 ce
1426 1685 72 53 qui
1532 1667 98 75 s'est
1662 1669 193 61 parré
1901 1654 138 63 danns
2065 1633 84 75 clle
2194 1621 144 74 ville
2412 1623 116 64 dans

724 1801 191 80 lanuit
972 1792 46 62 du
1065 1796 50 64 29
1163 1791 56 58 au
1253 1770 56 71 30
1374 1756 142 74 juillee
1563 1766 62 60 d^er
1678 1727 323 81 Venjonsice
2038 1711 37 76 la
2130 1697 225 88 retation

742 1913 67 58 qui
853 1904 61 55 est
951 1885 85 68 tres
1068 1882 42 60 ex
1150 1863 117 79 acte.
1298 1860 116 69 vous
1447 1843 172 78 pouvés
1680 1851 4 52 y
1733 1815 171 78 ajouter
1969 1811 77 60 foi

769 1975 289 81 Cassemblée
1096 1980 114 53 seau
1238 1977 28 54 le
1299 1975 2 48 a
1334 1970 52 44 S^te
1425 1960 150 56 pare
1631 1931 121 75 dont
1798 1931 39 64 la
1874 1916 225 66 norreur
2169 1915 1 52 a
2229 1902 229 63 dequise

729 2056 103 84 tous
852 2051 41 85 les
914 2045 96 89 faits
1080 2057 4 62 a
1135 2054 126 67 rendu
1319 2049 46 46 un
1405 2012 138 84 decret
1594 2007 47 75 le
1710 2003 55 81 31
1809 2013 59 55 du
1914 1999 138 68 même
2104 1988 108 56 more
2277 1969 81 68 par
2381 1972 32 60 le

750 2156 87 74 qu'il
878 2151 70 65 elle
984 2121 239 90 proclame
1286 2116 38 70 la
1381 2098 295 85 guerrecoile
1722 2096 32 70 et
1806 2081 189 85 assigné
2030 2082 5 59 a
2063 2071 112 73 tous
2198 2076 54 56 les
2288 2044 210 77 quartier

754 2250 58 54 des
855 2253 135 63 rendés
1038 2238 141 64 vous
1238 2222 126 74 pour
1431 2184 223 89 marcher
1714 2192 54 63 au
1799 2163 123 90 port
1964 2160 252 72 aupuisce
2268 2132 175 81 contre

496 418 16 53 Pe
518 419 87 68 M.MTar
