4388 2720
280 302 26 77 le
350 299 196 80 troipes
573 316 31 48 du
649 305 102 62 Roy
808 294 31 62 et
877 278 39 85 les
942 273 120 85 bons
1094 268 227 82 ciloÿurs
1389 284 71 47 qui
1501 284 95 55 s'ÿ
1624 271 171 67 etoient
1853 244 177 84 jointe

283 401 189 80 presque
496 394 113 69 toute
636 391 45 70 la
703 395 170 65 partie
922 388 58 47 du
999 377 107 52 nord
1152 370 31 54 et
1235 362 74 66 une
1344 356 200 65 grandé
1581 350 192 60 partiel
1800 351 34 49 le

275 499 228 77 paroisses
545 482 44 80 de
613 470 176 89 l'ouest
849 476 182 64 avoient
1089 450 103 69 voté
1234 452 130 66 pour
1388 441 33 62 la
1459 423 277 82 dissolution
1820 423 48 69 de
1918 426 105 63 cettte

268 591 247 80 assemblée
564 577 123 81 entre
712 566 153 83 autres
907 556 124 76 notre
1060 541 251 82 paroisse
1370 536 43 61 de
1444 529 32 70 la
1513 523 106 66 croix
1680 520 42 57 du
1765 501 244 77 bonquets

264 710 125 57 ainsi
428 705 76 51 que
527 672 119 77 vous
679 669 30 63 le
762 662 152 66 vetres
969 656 115 65 par
1137 644 162 71 divers
1358 634 156 69 arretés
1570 625 81 65 que
1692 608 206 70 jejanis
1945 615 59 55 ice

261 794 36 61 et
344 785 120 66 toute
529 768 171 75 etoint
745 758 72 64 tres
857 756 195 65 decidées
1109 749 4 45 a
1154 722 245 69 dessoudre
1485 714 148 66 mêmi
1675 696 97 62 par
1799 686 198 68 laforce

257 870 56 80 cet
372 845 385 99 attroupement
799 835 339 83 dangereux.
1174 827 41 53 en
1256 803 293 77 consequince
1584 797 24 63 le
1645 786 314 69 gouverneur
2012 791 2 52 q

264 981 1 53 a
294 964 78 73 fait
434 961 188 68 marcher
672 945 110 71 vers
827 949 51 63 S^r
932 934 106 64 mars
1111 933 71 63 une
1206 902 158 88 partie
1406 894 82 66 du
1539 882 246 80 regiment
1843 875 61 63 du
1938 873 102 64 Cap

266 1065 101 62 sous
394 1044 47 76 les
475 1052 137 59 ordres
640 1049 40 51 de
713 1032 53 68 m^r
805 1023 41 72 de
873 1003 176 86 vincent
1103 995 179 78 auquel
1314 979 101 80 s'et
1449 971 108 81 oent
1602 965 145 88 joints
1849 965 45 59 un

270 1120 365 99 detachement
706 1104 69 80 des
804 1084 220 99 ttroupes
1070 1074 342 92 patriotiques
1461 1083 49 57 du
1525 1076 106 58 Cap
1749 1050 4 70 a
1790 1050 102 63 ccette
1937 1046 169 66 arméee

259 1225 151 72 devoit
453 1207 49 75 se
552 1197 189 85 joindre
811 1200 126 64 aussi
989 1193 65 56 des
1093 1163 285 86 volontaires
1430 1159 41 71 de
1498 1136 144 85 notre
1669 1129 176 81 partie
1891 1136 33 58 de
1961 1115 184 83 l'ouert.

270 1331 67 58 nos
379 1297 241 79 senateurs
681 1279 207 83 setoient
931 1255 275 95 retranchés
1242 1245 34 79 et
1322 1238 111 85 forts
1486 1244 51 59 de
1568 1224 316 72 lequipage
1928 1223 49 54 du

276 1405 219 62 vaisseau
528 1392 51 64 du
616 1364 130 81 Roÿ
771 1357 35 80 le
831 1352 222 80 liopard
1114 1330 119 84 qu'ils
1268 1323 73 85 ont
1388 1312 227 81 suborné
1661 1328 33 47 se
1721 1307 327 71 preparoient

264 1479 79 74 ela
370 1468 249 79 defense:
670 1474 110 58 mais
827 1440 227 80 quelques
1112 1434 249 59 prudents
1408 1405 181 79 d'entre
1638 1409 74 56 eux
1794 1407 86 56 ont
1940 1372 176 80 ouvert

250 1568 138 70 l'avis
455 1577 42 51 de
530 1545 313 80 s'embarquer
893 1542 69 50 sur
982 1527 35 58 le
1063 1507 253 76 vaisseau
1382 1501 38 55 et
1463 1499 42 56 de
1534 1502 182 57 partir
1799 1484 147 52 pour

257 1644 166 76 france
502 1648 9 52 c
556 1622 136 74 qu'ils
718 1612 80 78 ont
849 1596 199 87 executé
1087 1592 36 66 le
1181 1589 5 78 8
1251 1595 47 58 de
1327 1598 21 54 ce
1402 1591 103 49 mois
1564 1577 59 57 au
1666 1552 208 89 nombre
1947 1556 46 59 de
2048 1538 46 76 84

267 1730 224 84 membres
541 1729 42 62 et
606 1710 104 82 tous
728 1707 57 74 les
809 1693 202 89 soldats
1053 1695 33 61 en
1140 1679 224 75 garnison
1455 1684 2 48 a
1484 1685 54 50 S^t
1594 1672 118 61 marc
1797 1649 123 79 qu'ils
1947 1634 112 76 ont

247 1822 318 89 embauches.
599 1817 132 69 apres
763 1806 36 74 le
838 1789 211 74 depart
1087 1787 42 62 du
1163 1767 274 76 vaisseau
1505 1762 204 67 l'armée
1761 1748 60 68 de
1915 1748 129 63 nore

258 1911 118 81 s'est
426 1902 178 86 reterée
657 1903 28 69 et
708 1890 92 79 tout
842 1887 97 74 seit
991 1869 173 86 trouvé
1208 1864 235 73 pacifie
1504 1844 129 79 dans
1665 1850 90 58 cette
1805 1820 205 79 partie

270 2003 135 81 faute
444 2006 50 66 de
576 1974 413 92 combattans;
1043 1975 114 60 mais
1195 1931 394 89 l'incendiaire
1658 1916 150 77 decret
1871 1916 64 70 du
1992 1915 48 65 31

258 2086 180 79 Juilles
483 2080 114 75 etoit
642 2074 140 75 lancé
834 2073 35 66 et
905 2060 52 68 les
986 2056 233 75 paroisses
1254 2057 48 52 du
1331 2053 90 49 sud
1485 2024 111 66 dont
1638 2019 40 66 la
1737 2009 237 72 majoreté
2005 2000 95 72 etoit

260 2195 122 60 pour
406 2166 292 80 l'assemblée
774 2178 49 49 se
851 2152 133 75 sont
1048 2142 82 72 mis
1168 2151 40 54 en
1272 2121 221 82 marche
1547 2116 35 65 et
1635 2119 206 59 seusont
1892 2104 204 63 renduy

257 2267 231 69 aleagare
564 2268 54 50 au
648 2241 195 77 nombre
894 2230 115 72 diton
1098 2229 50 60 de
1193 2229 189 61 quinze
1438 2232 2 41 a
1479 2221 60 60 dix
1589 2201 105 68 huit
1734 2196 116 69 cent
1901 2194 230 81 personne

2422 245 122 70 pour
2579 223 157 86 fondre
2794 228 67 73 sr
2887 230 27 65 le
2953 213 107 83 port
3111 213 273 86 auprunce.
3423 213 54 79 ils
3521 205 81 80 ont
3650 195 104 91 fais
3803 204 123 77 prad
3991 212 186 65 precede

2408 345 88 66 leur
2552 340 190 64 arrivée
2811 343 29 50 de
2863 323 186 67 l'action
3131 314 31 64 la
3192 309 120 66 plus
3337 297 175 71 cruelle
3561 311 30 47 et
3630 292 36 63 la
3701 302 95 50 plus
3836 269 291 76 d'anglante

2427 448 35 50 en
2523 417 222 80 mutelant
2810 413 36 76 un
2917 394 391 88 commandant
3387 397 60 62 de
3478 403 33 56 ce
3579 377 231 83 quartier
3884 391 65 56 n^e
4022 390 44 47 en

2419 544 190 54 Ccoder
2691 518 113 68 dont
2846 507 138 69 talete
3031 503 6 72 a
3062 501 79 71 eté
3179 493 208 65 coupés
3438 484 33 57 et
3544 480 264 57 promence
3855 472 90 63 sur
4018 470 80 65 une

2428 620 221 72 pique.
2682 622 53 43 sa
2767 608 138 54 venve
2952 588 63 72 est
3077 577 158 73 morte
3277 581 227 62 depuis
3556 563 48 60 de
3636 552 213 61 douleur
3913 559 52 49 ou
3998 549 46 54 de
4083 547 146 48 poirs

2431 702 53 78 les
2507 689 119 88 plus
2661 697 183 63 grands
2879 656 282 87 preparatiff
3206 653 76 75 ont
3316 660 64 63 été
3419 634 141 88 faits
3616 638 59 63 au
3704 615 134 85 port
3891 622 56 68 au
3984 617 182 69 prince

2445 796 130 73 pour
2625 787 194 69 recevoir
2874 767 99 63 cette
3000 760 217 69 armée.
3258 741 131 68 nous
3417 738 122 61 nous
3575 723 212 63 sommes
3848 713 80 61 mis
3986 716 22 48 en

2457 865 215 93 marche
2720 856 275 75 plusieurs
3050 831 90 76 fois
3181 824 84 85 sur
3315 826 70 62 des
3418 813 105 67 avis
3592 811 153 57 qu'elle
3815 768 398 87 approchoit.

2464 976 113 65 mais
2614 971 45 61 de
2689 952 167 75 sages
2913 935 45 68 et
3000 906 290 99 prudentes
3332 888 351 98 reflescions
3721 871 85 78 ont
3856 856 215 95 retardé
4137 845 2 79 s

2453 1047 296 86 marche.
2784 1041 29 57 on
2876 1034 6 63 a
2926 1022 222 67 envoÿe
3221 1005 93 54 des
3341 981 359 71 commmosaire
3798 962 139 59 pour
3983 946 194 61 obtenir

2453 1147 244 81 quelques
2717 1106 355 96 conditions.
3100 1091 94 74 cette
3235 1083 170 67 armée
3442 1054 139 78 enfin
3669 1058 6 66 a
3723 1029 291 98 capitule
4059 1034 131 65 avec

2448 1240 31 72 le
2517 1237 191 68 general
2783 1228 40 60 et
2862 1191 109 90 s'en
3003 1184 59 82 est
3095 1175 237 80 retournée
3396 1172 123 68 dans
3550 1129 381 91 desfoyers:
3965 1116 35 70 le
4049 1109 191 72 quartier

2454 1321 48 75 de
2537 1312 213 77 leogane
2825 1284 86 81 acte
2981 1268 222 84 devasté
3242 1257 111 73 par
3401 1247 83 70 cette
3528 1228 188 78 troupe
3777 1204 71 82 qui
3882 1196 175 81 n'etoit
4105 1194 140 64 pas

2454 1386 294 95 sullement
2804 1369 282 86 compace
3135 1329 322 94 d'habitans
3539 1316 132 72 mars
3709 1310 53 60 de
3803 1298 113 57 gens
3961 1294 124 49 sans
4126 1273 123 60 avecu

2469 1486 35 72 et
2533 1473 241 82 artoute,
2803 1470 198 65 nation
3118 1429 156 78 q'ils
3318 1415 219 67 avoient
3604 1385 224 79 soudoy
3901 1375 51 55 de

2466 1572 119 66 vous
2616 1562 133 61 voÿez
2826 1538 247 75 monsieur
3118 1524 30 57 le
3186 1503 225 76 marquis
3478 1497 64 56 que
3577 1478 98 74 nous
3712 1464 177 63 etions
3947 1461 192 58 comme
4206 1437 43 75 sa

2452 1657 176 67 l'avois
2684 1640 165 61 prevu
2915 1634 66 53 au
3028 1611 208 60 momeul
3289 1589 40 57 de
3358 1583 147 58 nous
3547 1554 226 75 egorger
3826 1536 117 62 entre
3977 1524 235 64 cetoient

2469 1734 133 78 pour
2665 1735 77 56 une
2794 1690 244 81 difference
3093 1661 353 88 d'opinions.
3468 1642 212 82 depuis
3712 1626 40 71 la
3791 1602 201 84 retraite
4026 1593 55 75 de
4117 1591 104 65 cetle

2462 1822 167 66 armée
2664 1804 29 71 le
2715 1796 168 67 Calme
2926 1765 270 72 commence
3237 1757 6 53 a
3296 1729 224 79 renaitre
3580 1721 33 61 et
3650 1712 68 73 les
3748 1703 219 81 affaires
3999 1680 234 79 repremet

2469 1895 103 73 leur
2606 1887 191 71 train;
2828 1862 117 69 nous
2970 1850 175 67 etions
3182 1820 398 79 veritablement
3639 1811 121 62 dans
3808 1794 65 65 une
3915 1792 127 58 crioe
4105 1769 161 72 affieure

2462 1995 138 57 notre
2628 1965 148 81 surat
2849 1958 160 69 voque
3053 1927 211 75 depuis
3291 1921 37 72 le
3360 1918 5 63 8
3414 1914 58 60 de
3489 1924 31 51 ce
3564 1898 163 69 mois.
3754 1882 106 82 nous
3883 1876 141 74 avons
4065 1874 173 57 envoÿe

2466 2091 5 54 a
2509 2063 89 79 l'un
2647 2043 143 84 suite
2845 2032 78 74 des
2956 2024 199 74 depule
3245 2020 147 52 pour
3450 1994 125 69 jlai
3599 1996 64 53 der
3693 1994 47 54 la
3787 1972 157 68 cause
3985 1961 48 62 de
4058 1961 35 56 la

2450 2138 218 73 Colonie
2735 2117 192 80 devant
2971 2097 276 78 l'assembée
3289 2080 266 75 nationale
3629 2060 169 71 quatre
3843 2070 49 46 du
3921 2041 114 75 port
4070 2044 78 65 aux

2477 2237 116 56 deux
2647 2213 39 70 de
2714 2213 33 66 la
2775 2213 159 63 Croix
2981 2196 69 63 des
3090 2169 225 84 bouquels
3368 2163 31 64 et
3439 2145 319 81 incissament
3805 2136 25 70 il
3865 2150 37 55 va
3960 2143 36 53 en
4037 2115 196 78 partirr

2478 2329 2 54 6
2564 2324 47 46 ou
2655 2322 2 44 8
2762 2315 47 45 de
2836 2297 30 61 la
2908 2288 187 59 partie
3151 2278 65 53 du
3241 2264 151 61 nord.
3423 2240 96 75 ceux
3566 2234 39 70 de
3632 2230 33 63 la
3703 2220 109 78 croix
3851 2215 73 67 des
3962 2208 221 77 bouquets
