3232 3656
200 324 30 60 du
270 324 195 70 pressieup
505 324 105 72 Sang

165 398 72 70 bien
309 401 117 53 Voulu
467 396 143 74 versser

161 476 39 76 ser
234 473 111 80 jouir
401 473 112 71 après
558 473 44 75 ma

179 570 70 68 cete
292 570 95 68 fait
456 570 40 57 la

163 658 1 64 a
250 657 54 62 ma
390 656 126 58 mort
578 656 39 63 sy

164 742 1 59 t
219 748 1 58 a
280 736 197 72 quelqun
521 733 77 65 soit

167 824 212 74 mentaire
432 820 188 89 aussitot

168 925 70 58 soin
284 923 42 63 de
437 924 93 58 mes

188 1003 111 81 faire
358 1005 88 75 avec
516 1012 94 60 moin

186 1100 100 77 faire
351 1096 78 72 dire
478 1097 149 74 dabord

148 1204 15 62 de
206 1197 194 69 Requiet
444 1193 99 72 pour
577 1192 26 68 le

168 1310 1 47 a
226 1289 190 66 deceder
478 1279 117 67 dans

159 1397 141 57 caude
354 1394 92 64 estre
482 1391 155 65 enterre

179 1487 184 74 deceder
424 1485 131 69 dans

181 1598 0 52 a
228 1582 24 74 la
299 1582 82 85 ditte
428 1580 182 84 paroisse

217 1689 109 70 pour
366 1679 81 77 être
503 1680 65 70 dit

154 1786 26 72 de
224 1791 174 64 l'année
487 1792 94 52 une

180 1890 38 61 de
292 1890 83 54 mon
444 1881 118 62 ame

172 1976 175 68 epence
400 1976 39 59 de
511 1976 97 62 mon

211 2055 383 78 testamentaire

192 2245 212 92 parroisse
447 2244 38 75 de
521 2242 107 84 Saint

159 2344 57 83 otre
256 2333 305 93 distrilattées

150 2445 24 57 er
226 2425 19 77 le
298 2426 233 84 reverand

152 2530 62 95 itte
270 2526 214 102 paroisse,
512 2538 27 76 et

169 2643 122 62 cela.

175 2737 38 56 me
264 2719 31 80 de
333 2720 89 81 Bon
466 2712 113 87 Port

178 2824 23 63 et
240 2817 123 78 Pierre
424 2817 146 81 Lavoir

178 2904 159 81 tribuée
392 2911 71 71 par
513 2918 44 58 le

221 2998 33 71 de
328 2995 130 74 servir
520 2994 39 75 la

198 3076 185 125 Parroisse
430 3101 35 80 et
521 3088 94 86 cette

1124 324 58 53 Au
1234 324 109 69 mone
1400 324 40 78 est
1498 324 98 67 pour
1642 324 17 73 le
1698 326 110 79 repot
1860 327 29 68 de
1952 330 121 69 lame
2112 327 36 84 de
2198 329 76 83 feut
2343 333 270 82 demoiselle

1130 412 271 71 Marqueritte
1451 412 172 73 Julien
1688 412 88 71 feut
1855 412 60 57 ma
1969 412 104 69 seur
2152 412 128 68 veuve
2320 412 14 65 à
2399 412 88 61 mon
2537 412 99 67 déces

1133 482 27 78 de
1210 481 89 79 feut
1343 481 117 79 Sieur
1532 479 221 76 Francois
1836 477 117 75 milly
1997 489 28 63 et
2080 483 50 65 les
2169 475 155 77 autres
2357 475 61 73 six
2468 480 116 72 cents

1125 567 119 71 livres
1296 568 108 66 pour
1447 575 43 60 en
1548 563 118 71 faire
1746 571 48 61 un
1858 564 96 69 fond
2028 556 17 66 à
2087 556 28 72 la
2162 554 92 71 ditte
2296 551 193 73 Paroisse
2547 566 97 59 pour

1126 656 76 54 estre
1252 651 57 57 dit
1364 648 97 68 Tous
1490 649 47 69 les
1578 643 248 69 premiers
1876 637 183 68 lundit
2135 636 31 59 de
2206 640 214 60 chague
2515 641 92 60 mois

1126 752 74 60 une
1290 735 129 68 messe
1485 741 119 63 pour
1650 729 26 68 le
1732 729 134 72 repot
1917 726 42 64 de
1999 725 139 66 lame
2194 722 32 55 de
2256 725 37 63 la
2353 715 83 68 ditte
2476 713 22 75 de
2528 712 134 73 suntte

1122 818 286 87 Margueritte
1453 815 151 85 Julien
1673 810 59 76 fut
1818 816 53 62 ma
1928 805 106 80 seur
2114 808 1 69 a
2184 796 314 88 perpetuitte
2549 807 53 51 en

1123 908 371 77 reconnoissance
1549 904 74 73 des
1696 901 141 77 biens
1892 895 175 79 qu'elle
2162 896 51 65 me
2274 889 186 78 laissoit
2527 883 108 65 tant

1118 1011 35 50 en
1208 1002 58 64 ces
1322 997 115 73 iilles
1509 1000 75 68 que
1657 987 239 75 aillieurs;
1923 983 31 79 et
2008 987 31 75 je
2094 985 80 66 prie
2265 983 68 70 mon
2395 973 239 80 Executeur

1116 1076 352 73 testamentaire
1543 1079 163 65 davoir
1765 1078 22 63 la
1846 1073 136 68 bonté
2024 1071 45 71 de
2116 1066 39 78 se
2214 1066 109 73 faire
2382 1064 109 77 faire
2539 1060 136 78 ainsy

1116 1177 27 57 et
1201 1183 90 58 aura
1355 1171 100 75 part
1517 1171 44 66 dn
1612 1168 96 77 cette
1760 1167 165 68 bonne
1999 1166 206 72 ouvre.

1196 1279 82 69 Item
1360 1290 28 64 je
1443 1279 120 77 legue
1623 1281 94 68 cent
1782 1277 132 75 livres
1985 1288 110 64 pour
2144 1272 77 66 être
2265 1268 284 77 emploÿées
2610 1278 0 49 a

1122 1370 29 55 de
1227 1362 99 82 messe
1384 1379 70 65 par
1500 1360 18 75 le
1582 1365 204 71 reverand
1855 1363 105 71 perte
2007 1369 100 60 curé
2151 1352 31 78 de
2215 1350 31 78 la
2296 1347 205 71 Paroisse
2557 1345 43 61 de

1129 1443 118 80 Saint
1303 1442 123 79 Pierre
1488 1459 90 60 pour
1623 1445 16 68 le
1701 1445 118 76 repôt
1892 1444 39 63 de
1976 1442 129 72 lame
2189 1443 34 71 de
2284 1440 79 81 feut
2430 1458 39 58 M^r
2509 1440 151 74 Doillin

1372 1513 67 48 ausse

1116 1544 29 64 de
1180 1548 105 67 lislle
1355 1543 110 79 aucÿ
1512 1547 116 74 dans
1674 1544 35 64 la
1767 1537 76 81 dite
1895 1540 186 80 paroisse
2145 1534 29 78 de
2238 1534 133 79 Saint
2435 1533 163 74 Pierre

1117 1641 153 63 l'année
1339 1637 169 67 derniere
1603 1649 95 55 mille
1762 1638 95 66 sept
1904 1651 101 61 cent
2073 1640 270 76 cinquante
2390 1644 64 70 six
2506 1647 64 55 en

1112 1725 378 79 reconnoissance
1567 1731 60 63 des
1671 1731 159 77 boutés
1890 1730 77 73 qui
2016 1743 0 53 a
2082 1732 197 74 toujour
2323 1734 66 74 ent
2449 1745 99 64 pour
2608 1742 77 71 moÿ

1118 1810 22 79 je
1178 1817 71 73 prie
1326 1834 82 54 mon
1468 1815 230 75 executeur
1758 1813 394 79 testamentaire
2223 1818 33 68 de
2305 1815 22 75 le
2382 1816 115 72 faire
2552 1816 104 76 faire

1123 1903 122 87 ainsi
1324 1903 213 85 lorsqu'il
1586 1910 98 78 aura
1738 1905 189 87 desfond
1988 1919 43 51 en
2122 1921 152 64 maint
2340 1907 39 73 de
2474 1913 105 67 mon

1117 1986 249 99 heritage.

1155 2081 205 76 Item-Je
1399 2081 111 80 legue
1588 2098 0 57 a
1682 2079 228 79 Madame
1982 2084 33 74 la
2065 2077 128 80 Veuve
2254 2080 150 77 Doissin
2499 2088 77 69 une

1123 2170 186 75 pension
1378 2169 163 83 viagère
1611 2170 40 72 sa
1721 2175 46 64 vie
1831 2166 192 72 durant
2092 2165 41 78 de
2185 2165 168 83 quatre
2406 2168 81 78 cent
2533 2163 116 83 litzes

1116 2252 181 79 laquelle
1357 2252 186 72 somme
1603 2254 88 73 sera
1746 2260 109 69 prise
1921 2254 77 76 sur
2042 2254 21 74 le
2113 2256 60 70 plu
2211 2259 110 64 clair
2365 2262 33 64 et
2447 2263 22 66 le
2518 2257 82 73 plu

1111 2358 75 67 pur
1234 2352 43 73 de
1352 2352 107 74 mon
1517 2352 214 74 heritage
1779 2370 27 59 et
1854 2352 101 77 sera
2020 2356 154 72 payée
2228 2355 75 66 par
2356 2359 251 70 preferance

1122 2457 16 57 à
1174 2439 84 75 tout
1310 2439 114 75 autre
1471 2439 42 75 de
1560 2440 52 74 six
1659 2459 42 55 en
1753 2439 57 75 six
1888 2461 79 53 mois
2040 2444 99 70 deux
2186 2450 109 64 cents
2347 2445 151 69 livres.
2535 2463 0 51 –

1175 2561 89 87 plus
1288 2563 17 85 je
1353 2568 113 80 legue
1531 2567 0 73 a
1609 2568 172 81 maditte
1828 2567 125 74 dame
2019 2573 160 80 Doissin
2256 2575 113 69 mille
2417 2576 119 72 livres

1118 2664 205 79 dorgeant
1390 2666 133 72 paÿé
1573 2670 61 76 des
1678 2679 205 67 premiers
1949 2667 122 74 fonds
2116 2666 66 78 qui
2238 2667 27 69 ce
2321 2677 288 64 trouveront

1116 2757 27 69 de
1214 2762 60 69 mes
1313 2756 109 76 biens
1471 2756 33 67 et
1564 2772 50 58 cet
1685 2772 43 63 au
1805 2757 416 74 reconnoissances
2264 2759 61 65 des
2368 2754 164 77 bonttés
2576 2756 115 69 quelle

1129 2853 0 51 a
1177 2850 60 69 eut
1286 2845 90 73 pour
1472 2839 96 89 moÿ
1623 2843 246 83 pendant
1936 2843 78 74 tout
2056 2847 24 76 le
2140 2847 91 80 teus
2279 2861 66 70 que
2381 2852 96 74 jaÿ
2507 2850 121 70 restté

1113 2941 123 62 chais
1276 2941 64 52 elle
1419 2940 69 65 plu
1557 2940 29 60 je
1665 2940 89 67 fais
1804 2940 256 68 abandont
2119 2940 0 56 a
2208 2940 55 70 ma
2317 2939 104 69 ditte
2485 2939 148 63 dame

1109 3012 46 69 des
1193 3015 175 88 remises
1420 3022 58 85 que
1510 3036 33 72 je
1588 3020 32 89 cy
1679 3038 58 73 aÿ
1795 3018 97 85 fait
1950 3027 39 70 et
2047 3040 97 57 avec
2190 3023 71 76 cela
2319 3023 32 80 je
2384 3024 32 88 la
2468 3032 84 70 prie
2597 3025 84 71 detre

1101 3109 203 85 contante
1348 3113 25 77 et
1430 3112 32 85 de
1525 3111 102 85 faire
1677 3114 83 70 dire
1817 3122 76 72 une
1975 3119 101 86 messe
2121 3131 114 78 pour
2273 3121 25 88 le
2330 3125 126 84 repot
2501 3127 38 58 de
2596 3127 38 81 mo
