3200 3560
1073 387 144 123 seroit
1293 402 168 108 passé
1512 398 143 83 outre
1740 409 0 59 a
1782 385 34 91 la
1883 381 371 123 publication
2339 379 59 96 des
2440 381 143 105 bancs

1070 559 28 63 et
1146 559 0 64 a
1202 541 42 80 la
1327 528 320 101 celebration
1717 528 48 102 du
1828 545 403 87 Mariage.

795 672 136 87 No
976 686 82 92 Cette
1111 672 224 108 procedure
1397 682 42 107 si
1477 682 215 109 précipitée
1747 680 33 115 se
1826 680 144 107 fairoit
2033 711 16 56 à
2081 684 33 83 la
2160 685 112 94 Veille
2335 689 25 85 de
2407 689 24 87 la

844 791 172 94 sceance
1066 800 37 95 du
1144 795 101 102 Con^l
1287 796 229 103 superieur
1579 814 65 87 qui
1687 812 129 78 devoit
1866 828 257 62 commencer
2173 806 36 88 le
2273 810 35 83 2.
2336 816 51 92 de
2429 809 144 100 Janvier

832 912 103 94 Qu'il
974 909 192 97 sembloit
1220 925 116 83 qu'on
1383 923 164 77 prenoit
1608 935 0 53 a
1642 922 116 81 tache
1825 922 28 94 de
1901 928 279 70 prevenir.

1061 1030 77 107 Le
1196 1031 295 126 Procureur
1548 1067 120 82 gnal
1733 1069 169 93 ayant
1960 1043 95 123 fait
2095 1045 36 121 sa
2205 1069 354 85 remontrance

1065 1188 39 82 au
1148 1172 107 127 Con^e
1288 1173 293 129 superieur
1645 1208 39 101 et
1728 1208 282 109 jnterjetté
2065 1192 207 131 d'Office
2355 1214 151 119 appel

1053 1318 38 84 de
1125 1320 38 103 la
1211 1324 238 98 sentence
1532 1345 38 70 en
1633 1356 37 78 ce
1733 1356 73 81 qui
1861 1356 331 76 concernoit
2255 1346 273 98 l'execution

1061 1474 344 103 provisoire,
1436 1491 26 65 et
1517 1470 287 101 demandé
1884 1477 116 121 qu'il
2055 1480 67 119 fut
2169 1483 92 119 fait
2307 1487 231 118 deffenses

1063 1640 45 70 au
1197 1628 119 84 Cure
1389 1632 39 106 de
1470 1643 157 95 passer
1701 1645 135 93 outre
1909 1643 231 102 jusqu'à
2191 1655 39 93 ce
2280 1649 114 101 qu'il
2445 1651 67 77 ent

1059 1779 96 80 esté
1208 1770 176 112 statue
1445 1771 73 106 sur
1571 1775 191 113 l'appel
1831 1776 50 97 du
1934 1780 349 108 Curateur,
2320 1786 41 98 Il

1042 1928 270 87 jntervint
1399 1940 235 91 Arrest
1723 1940 288 95 conforme
2107 1963 14 80 à
2162 1944 83 99 son

611 2064 42 115 2.
675 2064 147 117 Janvier
876 2064 122 117 1730.
1054 2070 476 111 requisitoire.

1096 2239 77 105 ette
1248 2239 327 106 precaution
1642 2226 85 125 fut
1785 2242 202 102 jnutile
2071 2230 395 105 l'ordonnance

1040 2364 43 121 du
1149 2365 117 121 Juge
1341 2367 51 86 du
1466 2376 67 83 31.
1584 2378 275 89 Decembre
1951 2402 168 82 ayant
2152 2394 84 99 este
2293 2375 245 122 signiffiée

1038 2529 58 95 au
1143 2515 117 119 Curé
1325 2517 25 89 le
1415 2532 149 110 même
1627 2550 150 93 jour,
1816 2538 27 108 jl
1890 2531 207 117 publia
2161 2534 67 91 les
2276 2539 133 87 bans

1027 2673 31 122 le
1108 2682 227 118 premier
1414 2678 262 112 Janvier,
1728 2708 127 72 mais
1908 2685 45 117 la
2051 2689 377 127 publication

1041 2841 83 115 n'en
1184 2830 66 127 fut
1301 2849 156 109 point
1518 2836 155 112 faite
1752 2855 56 82 au
1878 2840 262 114 Domicile
2211 2846 55 116 du
2310 2848 226 126 Curateur

2895 1859 123 120 Cette

2929 1997 81 102 Dor

2937 2145 85 74 cons

2932 2222 72 164 fun
