3200 3832
1806 349 3 119 A
2023 277 303 188 Monsieur

1135 509 245 116 Monsieur
1433 509 226 115 Romain
1721 491 209 129 Conseiller
1991 491 47 117 du
2091 486 155 123 Roy
2295 505 95 98 Juge
2432 487 156 118 Royal

1120 655 105 93 Ciuil
1296 654 26 111 Et
1368 653 218 117 Criminel
1665 655 33 96 Et
1745 653 249 111 Lieutenant
2057 647 177 112 Genéral
2313 661 51 94 de
2394 642 289 115 l'amirauté

1091 1053 294 121 Supplie
1441 1049 74 109 trés
1538 1046 335 112 humblement
1937 1041 212 111 françoise
2230 1068 147 83 michel
2457 1043 253 106 Emancipée

1157 1226 114 75 ageee
1339 1218 37 74 de
1443 1207 164 91 vingt
1654 1210 64 69 ans
1816 1198 84 100 fille
1949 1212 35 71 de
2054 1211 196 81 Monsieur
2292 1194 98 85 Paul
2488 1203 147 78 michel

1151 1343 43 93 Et
1269 1358 34 82 de
1378 1350 106 89 anne
1565 1328 207 109 Julienne
1865 1322 150 97 Gobert
2068 1334 1 89 a
2115 1316 56 96 son
2216 1313 127 96 deceds
2413 1336 126 72 veuuve
2585 1323 48 74 de

1168 1456 65 104 feu
1316 1463 44 81 M.
1415 1453 256 92 Durieux;

1170 1562 167 98 Disant
1398 1556 263 98 Monsieur,
1708 1561 118 91 quelle
1901 1573 125 72 auroit
2073 1549 201 100 Consenti
2349 1566 1 61 a
2383 1566 29 63 la
2466 1541 235 84 recherche

1170 1675 64 91 que
1316 1690 57 58 M.
1414 1670 168 85 Lamure
1643 1665 210 91 habitant
1922 1674 42 83 au
2033 1666 189 94 macouba
2291 1654 265 102 Capitaine
2625 1652 98 80 d'une

1163 1785 251 94 Compagne
1490 1773 37 96 de
1615 1774 175 94 milice.
1838 1763 78 98 fais
2005 1760 112 85 d'Elle
2179 1760 36 87 En
2290 1776 224 77 mariage,
2555 1749 77 89 sur

1135 1905 180 81 L'auis
1377 1890 28 85 Et
1460 1888 278 95 abrobations
1793 1894 36 92 de
1876 1884 50 102 ses
2001 1887 293 94 Principaux
2355 1882 251 92 parents,
2648 1898 0 55 –

1175 2003 32 70 Et
1284 2003 19 90 le
1374 2001 314 91 Consentement
1739 2005 77 86 par
1880 1996 102 89 Ecrit
2040 2011 32 65 de
2156 2008 179 73 Monsieur
2405 2012 33 74 de
2463 1996 26 85 la
2527 1992 193 83 Chausée

1192 2096 71 112 son
1333 2094 257 128 Curateur;
1624 2104 82 114 Elle
1748 2102 55 115 sy
1863 2093 124 103 seroit
2057 2094 196 120 d'autent
2296 2092 107 117 plus
2499 2094 230 90 volontiers

1183 2222 134 115 portée
1404 2224 111 111 qu'on
1585 2221 77 110 luy
1726 2216 141 97 auroit
1940 2211 67 118 fait
2072 2211 232 82 connoistre
2370 2231 57 86 que
2500 2205 84 97 son

1195 2352 215 100 pretendu
1484 2353 109 77 Etoit
1677 2351 36 69 un
1769 2343 71 88 trés
1882 2343 178 82 honnele
2136 2335 185 99 homme
2405 2331 199 90 sortable
2659 2329 37 87 Et

1186 2480 271 97 Convenable
1530 2482 3 73 a
1569 2468 110 102 toutes
1738 2461 209 111 Egards,
1977 2484 25 71 et
2053 2477 148 88 qu'une
2276 2452 93 105 fille
2436 2450 40 89 de
2560 2441 78 89 son

1191 2622 65 83 age
1334 2593 255 111 orphelinne
1659 2588 34 79 ne
1754 2588 115 109 devoit
1930 2602 97 93 point
2104 2591 169 91 menquer
2360 2568 239 108 l'occasion
2662 2573 80 77 d'un

1165 2736 356 98 Etablissement
1574 2727 127 102 aprés
1747 2727 58 100 Ces
1858 2718 259 98 demarches
2226 2735 22 62 et
2316 2711 50 85 les
2399 2705 314 105 reflections

1172 2837 274 126 Respectiver
1493 2858 29 101 de
1587 2847 53 110 ses
1671 2834 188 120 parents
1907 2828 19 88 et
1984 2827 111 115 d'Elle
2178 2856 60 65 qui
2279 2825 60 87 l'on
2397 2828 170 116 Engage
2642 2816 94 102 dans

1205 2982 91 89 cette
1348 2981 152 100 affaire
1553 2976 62 75 Elle
1662 2974 165 100 nauroit
1893 2973 77 91 pas
2043 2967 69 98 Crû
2186 2965 144 75 devoir
2390 2959 151 75 trouver
2622 2956 69 84 des

1219 3082 303 109 difficultés
1565 3078 207 108 toujours
1815 3080 311 102 disgrasieuses,
2153 3069 24 106 Et
2227 3067 171 105 souvent
2455 3063 317 101 préjudiciables

1209 3217 0 65 a
1328 3218 64 63 une
1485 3182 115 116 fille;
1629 3174 256 117 cependant
1955 3165 257 116 Monsieur,
2248 3157 91 97 led.
2385 3152 104 100 Sieur
2536 3151 24 89 de
2592 3161 24 93 la
2648 3152 135 110 Chauvé

1225 3319 120 95 deux
1401 3320 104 94 jours
1545 3329 112 83 après
1713 3295 144 93 sond.
1889 3295 376 115 Consentement,
2297 3293 88 112 sans
2425 3304 152 80 aucune
2625 3306 120 83 raison

607 294 10 111 7
673 290 153 109 Xbree
929 288 116 105 1729

752 644 8 199 n
