3136 3680
1152 542 163 118 autres
1405 539 187 121 effets,
1625 550 57 106 ils
1772 550 367 95 continuerent
2213 545 108 104 leur
2392 554 141 105 route

1147 657 202 97 jusqu'a
1428 655 361 100 Sumanare,
1825 674 52 83 où
1918 668 54 92 ils
2047 669 84 97 ont
2198 678 234 103 continue
2479 682 127 107 leurs

1123 771 379 113 Brigandages
1612 796 147 84 aprés
1845 804 130 76 avoir
2054 785 138 95 volés
2270 787 34 118 et
2374 791 155 111 pilles

1159 875 267 110 plusieurs
1523 879 252 112 habitans
1863 891 50 101 de
1969 912 40 85 ce
2082 892 277 105 quartier,
2389 891 60 100 ils

1135 1020 48 72 en
1262 1004 355 91 rencontrerent
1696 1036 40 68 un
1823 1035 0 62 a
1883 1011 34 79 la
2010 1011 168 90 chasse
2263 1029 234 79 nommé

1120 1108 197 87 Garret
1432 1110 139 101 qu'ils
1643 1117 81 87 ont
1803 1121 248 87 assassiné
2122 1124 38 99 et
2223 1126 97 96 pris
2405 1122 89 106 son

1123 1222 186 101 fusil;
1357 1224 51 91 ils
1492 1238 198 88 vinrent
1768 1226 106 94 dela
1966 1236 121 88 dans
2151 1230 57 96 sa
2292 1253 284 81 maison–

1131 1363 43 59 ou
1229 1337 57 83 ils
1365 1337 271 92 trouverent
1721 1364 55 67 un
1856 1344 63 89 des
2010 1349 327 88 camarades
2428 1382 49 57 de

1115 1445 73 96 cet
1251 1447 205 97 homme
1534 1455 31 91 et
1642 1465 140 96 aprés
1866 1464 140 105 avoir
2076 1485 96 75 pris
2279 1477 38 99 ce
2373 1488 74 81 qui

1122 1547 105 98 leur
1300 1563 333 91 convenoient
1714 1560 119 99 dans
1906 1567 44 99 la
2051 1578 250 94 maison,
2340 1578 64 97 ils

1115 1661 401 111 l'attacherent
1620 1688 85 84 par
1778 1676 55 102 les
1937 1706 153 72 mains
2194 1711 17 67 à
2262 1716 47 81 un
2375 1690 183 107 poteau

1112 1782 35 73 et
1208 1784 132 90 sans
1435 1810 43 62 un
1566 1788 146 94 autre
1793 1811 133 80 négre
2014 1818 71 78 qui
2158 1805 161 89 setoit
2393 1809 119 93 joint

1114 1907 1 64 a
1171 1901 89 84 eux
1380 1912 75 75 qui
1525 1905 74 87 eut
1676 1895 356 112 l'humanité
2110 1905 45 102 de
2203 1940 190 69 revenir
2463 1917 96 93 sur

1109 2010 60 99 ses
1265 2014 84 89 pas
1476 2018 128 84 pour
1670 2013 39 94 le
1790 2014 309 103 détacher,
2119 2042 32 84 il
2209 2023 55 93 est
2329 2032 189 106 certain

1107 2130 79 76 que
1248 2131 60 78 ces
1397 2138 136 86 deux
1646 2142 227 84 coquins
1967 2149 310 83 l'auroient
2352 2151 156 89 laisse

1106 2242 154 96 periu
1365 2234 140 100 dans
1595 2243 116 109 cette
1755 2246 216 107 posture

1253 2335 78 95 La
1411 2345 146 100 mort
1647 2361 39 73 de
1759 2378 33 70 ce
1858 2355 251 107 Garret,
2145 2354 214 108 homme
2433 2363 77 106 tres

1089 2446 286 119 laborieux
1475 2476 34 73 et
1570 2460 80 91 très
1719 2464 89 107 bon
1885 2471 190 109 sujet,
2113 2475 159 105 laissé
2341 2502 81 76 une

1079 2563 190 112 femme
1337 2572 42 91 et
1432 2571 103 102 trois
1634 2576 214 112 enfants
1947 2612 41 74 en
2041 2583 88 105 bas
2213 2618 94 80 agé
2384 2600 134 88 dans

1071 2675 42 107 la
1174 2677 124 115 plus
1383 2690 186 104 grande
1656 2718 146 73 misere
1888 2696 35 102 et
1977 2699 106 109 hors
2169 2707 187 97 d'Etat
2426 2713 50 93 de

1087 2814 241 81 pouvoir
1408 2788 290 116 subsister,
1738 2816 2 79 M
1894 2815 52 92 de
2001 2802 273 114 fiedmond
2338 2820 34 106 l'a
2437 2810 100 115 faite

1081 2905 162 88 placer
1317 2923 24 80 à
1380 2907 38 102 la
1463 2908 294 107 fondation,
1811 2923 44 91 de
1915 2956 58 66 sa
2047 2949 189 80 maison
2298 2930 49 94 de
2395 2944 133 88 Sante

1048 3009 39 94 et
1136 3013 3 100 M
1270 3009 190 97 Préville
1517 3014 76 126 lui
1641 3046 13 104 a
1711 3048 208 106 proposé
1979 3038 48 100 de
2067 3038 75 129 lui
2201 3042 124 130 faire
2379 3046 177 108 donner
