3232 3640
875 1904 6 104 1

1031 370 387 101 Testamentaire
1485 375 37 88 de
1554 395 30 78 ce
1637 378 133 97 preter
1823 400 2 66 a
1878 400 91 75 cette
2023 388 159 71 bonne
2236 391 132 73 euvre
2415 390 36 75 et

1040 465 116 83 aura
1231 471 105 79 part
1411 467 105 83 Dieu
1585 473 53 79 lÿ
1667 471 290 82 entiendra
2009 471 64 79 bon
2125 473 296 80 compte,

1030 557 230 84 d'assigne
1306 563 121 74 nous
1508 582 80 59 mes
1646 561 132 82 biens
1853 568 195 69 presant
2100 571 29 72 et
2192 564 225 76 advenir

1038 673 0 68 a
1081 653 106 86 faire
1243 653 117 77 batir
1423 669 31 68 ce
1491 651 161 91 topitel
1727 652 124 86 qu'il
1900 649 180 87 tiendra
2130 653 74 80 lieu
2266 651 211 85 d'opital

1027 767 29 63 et
1126 752 118 80 hotel
1291 752 35 76 de
1391 751 229 80 Charitté
1703 752 176 81 audit
1944 756 88 76 lieu
2079 748 29 85 de
2191 768 258 65 puimeros

1028 865 49 59 au
1126 855 196 87 Conptat
1390 857 43 79 Le
1469 857 184 79 noissin
1715 859 264 87 dAvignon
2052 864 43 86 JJe
2126 866 86 80 prie
2267 867 227 85 Monseigne

1021 940 196 87 leveque
1282 947 36 74 de
1371 943 160 75 Voison
1603 945 41 80 de
1692 944 320 87 samploÿer
2084 965 0 66 a
2131 964 95 66 cette
2291 951 167 73 bonne

1026 1054 118 57 euvre
1233 1041 183 71 d'avoir
1486 1044 34 68 la
1580 1045 158 68 bontté
1812 1045 277 69 d'ordonner
2153 1056 15 59 à
2227 1062 75 53 M^r
2336 1052 20 63 le
2391 1060 103 56 Curé

1030 1151 66 74 qui
1157 1132 133 95 desert
1343 1139 34 90 la
1450 1132 221 99 paroisse
1744 1138 73 78 du
1871 1137 60 70 dit
1984 1143 80 64 lieu
2131 1146 40 87 de
2231 1149 267 84 puimeros

1027 1245 305 80 d'emploÿer
1414 1244 89 66 tous
1561 1243 47 75 les
1661 1243 153 81 fonds
1873 1264 76 66 que
1990 1245 30 76 je
2085 1248 135 82 legue
2290 1267 124 59 pour

1023 1342 113 79 faire
1203 1344 135 73 batir
1405 1346 101 77 cette
1612 1348 219 79 maison
1904 1368 118 57 pour
2072 1351 51 79 les
2190 1373 247 58 pauvres

1025 1437 294 83 nécéssiteux
1380 1448 150 70 dudit
1591 1445 94 72 lieu
1763 1454 44 61 de
1879 1449 245 81 fuimeros
2194 1462 141 70 qu'au
2377 1467 141 70 moÿen

1014 1536 58 77 des
1116 1536 128 90 biens
1294 1538 76 89 que
1421 1563 31 58 je
1535 1546 95 73 leur
1681 1542 178 81 donne
1935 1547 108 79 sera
2094 1547 44 90 dit
2183 1554 341 84 journellement

1015 1644 25 54 et
1091 1633 20 87 à
1162 1641 288 82 perpetuité
1549 1659 97 61 une
1781 1650 150 77 messe
2001 1654 132 79 tant
2197 1668 126 67 pour
2387 1660 44 77 le

1015 1745 105 75 repot
1177 1742 35 68 de
1292 1752 98 66 mon
1463 1748 116 69 ame
1669 1769 82 64 que
1807 1770 122 64 pour
1973 1759 25 65 le
2059 1767 128 72 repot
2243 1763 37 64 de
2341 1764 138 79 lame

1019 1842 35 72 de
1096 1842 73 76 fut
1244 1842 105 78 mon
1424 1858 89 60 pere
1571 1853 35 72 et
1703 1859 73 67 ma
1883 1864 111 70 mere
2048 1860 34 71 et
2135 1860 89 74 feut
2304 1883 72 60 ma

1010 1942 126 84 sœur
1222 1947 338 89 Marqueritte
1641 1973 78 64 qui
1824 1976 47 56 me
1942 1959 224 87 laissoit
2236 1962 106 84 tous
2395 1965 53 71 ses

1001 2048 128 89 biens
1206 2051 154 90 qu'elle
1445 2066 154 74 avoit
1650 2060 55 84 en
1782 2068 62 81 ces
1901 2072 141 87 islles
2107 2077 226 89 pourquoi
2365 2093 41 60 je

1017 2152 80 76 dois
1149 2158 243 82 appliquer
1439 2177 29 61 ce
1516 2166 77 79 bien
1675 2177 94 67 pour
1811 2176 23 67 le
1888 2178 127 75 repos
2052 2176 34 68 de
2135 2177 138 67 lame
2321 2184 39 68 de
2403 2182 89 81 feut

1025 2259 86 68 mon
1151 2259 87 75 père
1294 2260 33 79 et
1383 2261 44 71 de
1525 2265 55 77 ma
1678 2286 97 63 mềre
1857 2280 66 71 qui
2000 2279 118 79 m'ont
2164 2283 63 71 mi
2306 2293 69 62 au

1030 2347 148 83 monde
1238 2352 30 60 et
1326 2353 359 92 nottamment
1749 2377 103 59 pour
1910 2372 91 68 celle
2047 2389 72 62 qui
2191 2382 35 65 me
2268 2374 184 87 laissoit

1010 2430 77 85 feut
1170 2438 218 61 masœur
1445 2448 65 75 que
1560 2453 91 78 pour
1699 2450 80 83 tous
1848 2458 72 64 mes
1950 2465 124 66 autres
2116 2463 111 80 freres
2277 2479 34 60 et
2353 2469 124 77 seus

1000 2522 25 61 de
1052 2524 146 73 routtes
1253 2537 2 56 a
1311 2540 71 70 qui
1449 2534 226 81 japlique
1754 2542 25 58 le
1823 2543 179 85 surplu
2064 2550 65 70 des
2168 2555 116 79 biens
2323 2561 76 66 que
2438 2565 30 55 le

1001 2617 227 77 Seigneur
1315 2640 58 62 m'a
1422 2643 79 63 par
1556 2627 41 79 sa
1663 2630 107 75 toute
1831 2632 231 84 puissance
2106 2650 34 52 et
2184 2644 138 81 bonté
2346 2649 143 81 prouer

993 2717 49 60 en
1076 2715 51 64 ces
1159 2717 111 86 illes
1331 2725 80 80 que
1456 2725 341 92 pretanttions
1856 2748 60 69 que
1951 2741 102 76 j'ay
2094 2752 48 72 en
2189 2744 167 78 france
2415 2754 36 62 de

997 2803 133 78 toutes
1175 2808 246 93 lesquelles
1478 2818 32 77 je
1580 2829 168 68 donne
1800 2839 37 57 et
1912 2838 126 82 legue
2084 2859 79 63 par
2203 2863 26 61 ce
2262 2865 181 62 presant

1016 2912 13 52 à
1058 2893 208 89 lopital
1313 2901 153 80 dudit
1555 2909 93 84 lieu
1712 2935 40 67 de
1803 2933 270 78 purmeros
2143 2956 86 61 mon
2290 2949 127 72 pays

1023 2979 150 82 natal
1230 2977 130 90 dans
1390 2986 23 84 le
1477 2985 209 102 Conptat
1750 3014 248 82 venoissin
2064 3007 261 100 davignon
2391 3024 81 71 tout

1016 3085 30 83 ce
1093 3085 88 79 qui
1261 3098 41 59 me
1351 3091 93 92 reste
1523 3100 151 86 après
1717 3106 52 70 les
1813 3108 97 86 legs
1980 3108 27 85 ci
2044 3109 136 91 desses
2224 3130 232 79 acquittés

1026 3154 202 105 comme
1297 3162 139 108 étant
1519 3176 59 90 ma
1638 3170 203 114 derniere
1916 3198 186 94 volonté
2180 3200 240 108 finalle

3039 384 68 68 que

3038 488 60 89 au

3040 562 31 68 Ce

3040 673 56 59 Cec

3038 753 88 65 dira

3042 855 66 80 Jar

3052 938 71 77 déce

3035 1029 84 88 The

3046 1144 61 62 Mo

3054 1237 52 73 da

3038 1353 41 54 ne

3044 1441 65 62 qui

3032 1506 94 97 Julie

3025 1676 109 91 huit

3002 1771 120 93 Signe

3035 1985 95 66 mai

3033 2262 2 55 a
3097 2264 2 59 1

3027 2571 39 78 J'a

3004 2673 94 86 estre

3012 2793 116 70 étaint

3006 2883 17 80 le
3085 2889 34 69 V.

3009 2975 84 104 Sept

3032 3221 24 65 à
