3232 3656
713 263 210 90 Testament
961 265 228 91 olographe

896 326 31 76 de

700 383 54 125 J^r
790 386 81 124 P^re
908 391 144 122 Julien

855 504 38 46 du

722 762 83 76 No^re
839 764 39 74 R^t
904 759 12 74 à
944 765 22 59 S^t
987 757 96 67 Pierre

717 825 14 82 le
763 815 27 92 28
854 814 73 93 mars
959 814 91 93 1757.

802 994 111 94 118^bre
938 981 124 101 1821.

877 213 242 65 Surrn

1423 235 138 49 extrait
1604 235 43 43 des
1691 235 169 51 minutes
1896 235 43 52 du
1971 235 110 51 Greffe
2128 235 36 50 de
2199 235 201 55 Bribunal
2432 235 20 54 de
2495 236 166 52 Premiere

1429 272 175 60 Justance
1673 272 111 60 séant
1843 288 13 45 à
1903 275 115 58 Saint
2078 277 107 57 Pierre
2261 280 274 55 martiique
2582 289 0 46 –

1356 338 69 78 Au
1468 341 84 80 nom
1618 331 47 93 du
1701 322 114 90 Pere,
1836 322 46 101 du
1933 322 83 108 fils,
2052 323 46 106 du
2142 324 31 96 s^t
2202 350 114 80 Esprit
2352 340 204 90 ainsisoit
2585 346 23 68 il

1105 420 173 111 Moÿ
1306 420 31 96 de
1410 430 230 100 soussigné
1706 440 103 84 Jean
1869 432 140 89 Pierre
2076 436 140 90 Julien
2290 445 97 85 natif
2424 441 22 81 de
2468 440 185 79 Peimeros

702 548 31 70 28
802 558 80 65 mars
930 558 87 70 1717
1070 530 285 92 Legconptat
1397 521 192 101 venaissin
1651 517 263 106 d'Avignon,
1949 515 15 99 à
1984 516 164 101 présent
2189 519 44 88 eû
2260 531 72 84 cette
2366 522 58 79 ille
2465 522 214 89 martinique

724 629 114 76 déposé
874 630 24 76 en
947 627 120 81 minutes
1109 630 144 80 depuis
1295 627 24 74 le
1385 627 85 63 mois
1512 625 30 70 de
1602 624 150 79 feuvrier
1818 628 90 59 mille
1969 619 78 82 sept
2089 617 78 81 cent
2221 633 198 66 quarante
2474 622 102 80 neuf,
2606 617 60 81 fils

714 707 25 77 de
794 705 31 79 M^e
874 700 185 84 Levacher
1124 700 29 86 de
1198 700 53 86 fui
1310 700 62 79 Sier
1434 700 209 86 Phisippe
1698 702 136 73 Julien
1907 711 148 62 Vivant
2123 698 166 83 bourgois
2319 703 25 62 et
2387 706 31 61 en
2455 714 67 56 cien
2565 714 136 61 conseul

1122 788 119 80 dudit
1298 788 63 70 lieu
1417 790 29 70 de
1497 787 255 80 Puimeros,
1775 802 28 58 et
1872 785 34 69 de
1962 782 233 80 demoiselle
2252 788 204 75 Gabrielle
2496 781 205 76 Tranchere

1130 878 67 73 mes
1242 880 106 79 peres
1388 883 28 71 et
1488 877 118 72 meres
1679 889 129 69 apres
1886 882 107 80 metre
2083 881 67 81 mis
2206 893 40 67 en
2300 893 25 67 la
2373 881 220 71 prisance
2642 881 35 59 de

1118 970 94 80 Dieu
1273 969 222 81 Invoquer
1545 971 72 67 son
1678 969 127 74 saint
1861 985 78 54 nom
2033 968 139 80 lavoir
2244 974 94 72 prié
2382 973 34 64 de
2510 983 55 46 me

1119 1063 249 71 pardonner
1450 1064 66 67 mes
1572 1062 162 65 peches
1800 1060 31 67 et
1902 1059 30 68 de
2003 1057 173 70 recevoir
2262 1063 71 54 mon
2405 1059 96 61 ame
2562 1057 56 57 en

1122 1135 52 73 son
1244 1136 128 80 Saint
1436 1132 215 83 Paradis,
1697 1137 320 73 considerant
2081 1135 105 74 qu'il
2238 1143 81 65 n'est
2360 1143 70 59 rien
2488 1131 35 76 de
2546 1142 93 66 plus

1118 1235 166 77 sertaint
1355 1241 65 73 que
1483 1231 31 75 la
1596 1234 94 77 mort
1754 1236 31 67 et
1837 1227 30 67 de
1966 1230 142 75 moins
2161 1223 271 80 incertaint
2484 1225 54 78 que
2584 1216 66 77 son

1113 1320 122 71 heure
1316 1318 209 82 Voullant
1600 1320 140 77 avant
1809 1316 87 81 d'en
1960 1316 99 80 estre
2117 1326 237 69 prevenut
2418 1320 186 71 donner

1118 1417 17 75 à
1201 1414 72 64 mes
1329 1411 166 80 afaires
1551 1407 299 81 temporelles
1917 1409 55 67 les
2022 1408 399 76 arrangemants
2466 1403 94 73 qu'il

1113 1496 221 80 l'onviens
1387 1499 11 73 à
1462 1491 122 85 toutte
1642 1490 192 86 perssone
1915 1490 36 77 de
2021 1486 98 86 faire
2177 1505 99 56 pour
2329 1484 128 80 l'ordre
2521 1482 34 65 de
2590 1491 53 54 ces

1131 1578 171 90 affaire,
1321 1595 131 67 eviter
1511 1582 92 83 tout
1656 1588 131 74 proces
1839 1600 125 66 apres
2022 1578 107 91 soit,
2153 1595 28 74 et
2238 1578 191 87 disposer
2468 1579 53 68 des
2559 1578 106 69 biens

1131 1681 62 73 qui
1237 1680 1 67 a
1287 1674 91 79 plut
1433 1671 12 66 à
1489 1672 29 80 la
1567 1674 276 78 providance
1904 1668 135 77 divine
2106 1672 34 64 de
2213 1681 34 56 me
2285 1670 164 67 donner
2488 1676 39 50 en
2594 1675 29 59 ce

1150 1758 127 76 monde
1352 1756 106 67 tant
1509 1760 53 74 en
1608 1758 59 69 ces
1724 1753 106 78 islles
1899 1765 128 69 qu'an
2085 1748 140 82 france
2283 1765 35 47 et
2359 1746 128 78 dans
2561 1751 83 55 mon

1135 1840 95 80 pais
1295 1838 149 81 natal:
1474 1846 29 65 et
1545 1842 119 77 dans
1711 1844 12 70 le
1789 1847 113 74 temp
1967 1854 71 67 que
2115 1854 43 65 ma
2216 1830 126 89 santte
2388 1841 31 68 et
2501 1828 49 76 la

1128 1929 236 84 Jugemant
1454 1931 42 72 me
1543 1928 25 80 le
1628 1932 168 78 permet
1843 1923 43 79 de
1947 1930 18 76 le
2018 1926 115 77 faire
2210 1924 31 74 de
2319 1922 78 80 mon
2469 1925 181 74 bongre

1127 2031 25 59 et
1214 2011 93 83 libre
1375 2010 174 90 franche
1611 2010 205 90 volontté
1884 2033 187 65 comme
2139 2013 167 81 estant
2356 2025 44 65 en
2462 2031 68 57 par
2592 2012 93 73 faite

1126 2106 156 73 santté
1340 2106 32 95 et
1437 2107 149 90 plaine
1651 2104 382 93 connoissance
2117 2110 155 87 desprit
2337 2107 91 85 j'aÿ
2454 2103 155 92 resolut
2654 2113 33 72 de

1124 2195 102 79 taire
1304 2217 78 63 mon
1448 2196 235 83 testament
1761 2196 186 86 olograsfe
2031 2211 36 71 de
2133 2208 199 77 dernière
2398 2200 198 80 Volontté
2638 2198 54 81 que

1118 2306 24 64 je
1190 2303 91 65 veux
1344 2313 33 53 en
1435 2304 96 60 tens
1599 2306 33 66 et
1690 2307 221 63 ordonne
1997 2305 87 67 estre
2146 2307 154 68 suivit
2367 2313 34 55 et
2444 2307 212 69 exécuter

1124 2384 114 81 dans
1292 2392 120 77 toutte
1484 2385 36 86 sa
1604 2384 192 87 formnt
1850 2399 36 63 et
1952 2394 168 79 teneur
2186 2410 66 63 par
2330 2394 270 75 mMonsieur

1108 2478 188 87 Thibout
1369 2479 377 79 actuellemant
1813 2488 30 64 en
1891 2497 79 60 cette
2031 2487 91 72 islle
2201 2487 146 86 greffier
2395 2499 37 67 en
2486 2502 98 69 chef
2626 2489 36 77 du

1118 2562 183 80 cousseil
1368 2564 210 75 superieur
1639 2568 29 75 de
1722 2582 78 58 cette
1861 2570 72 62 dite
1999 2573 72 61 isle
2160 2575 266 77 Martinique
2503 2589 62 67 que
2597 2589 28 67 je

1127 2656 169 62 nomme
1349 2648 90 70 pour
1486 2649 264 74 l'exécution
1824 2656 38 70 du
1919 2659 206 68 présant
2184 2656 290 74 testamant,
2506 2660 31 72 et
2585 2665 79 71 par

1119 2731 23 80 le
1204 2733 199 82 presant
1470 2737 239 74 aueillant
1787 2744 261 76 revoquant
2122 2752 119 68 toutes
2286 2761 283 63 testament–

1114 2825 189 69 Codicille
1370 2825 277 78 donnation
1725 2827 311 79 procuration
2103 2841 44 64 cÿ
2191 2828 172 78 devant
2430 2839 67 69 que
2552 2837 39 66 je

1125 2914 174 86 pourois
1355 2915 105 86 avoir
1522 2912 75 86 fait
1671 2914 198 79 voulant
1963 2920 74 86 que
2105 2930 137 77 celuÿ
2298 2925 62 78 cÿ
2403 2920 81 77 soit
2533 2930 25 79 le
2595 2927 81 72 seul

1115 3008 87 83 qu'il
1246 3004 112 81 vaille
1432 3022 69 69 par
1557 3006 261 85 testament
1905 3008 194 89 codicille
2160 3010 224 80 donation
2459 3018 32 68 de
2533 3014 150 83 dernier

1114 3090 176 85 volontté
1345 3101 170 72 comme
1570 3093 146 86 estant
1787 3096 68 85 mes
1897 3096 219 90 dernieres
2176 3099 202 87 volonttés
2408 3106 31 66 et
2553 3110 74 72 mes
