3200 3560
599 53 218 186 Michel
864 53 45 184 (d

978 64 37 174 ue

1101 208 0 90 M

1203 146 104 192 age

1021 336 0 0 1

1234 350 1062 125 Martinique.

1219 508 49 56 as

549 545 46 97 L.
629 544 22 95 du
697 569 56 67 15.
810 571 79 97 Mars
945 573 25 83 75
1058 566 196 89 M.
1296 553 49 109 de
1421 537 512 175 Champigny
2011 551 60 130 Et
2147 553 397 170 Dorgeville

1095 710 214 88 rendent
1365 727 207 105 compte
1636 729 34 74 de
1709 720 43 113 la
1832 717 297 119 procedure
2210 742 74 88 qui
2341 753 1 60 a
2406 736 116 80 este

1080 834 136 109 faite
1279 865 1 77 a
1335 840 264 110 l'occasion
1669 840 49 112 du
1781 862 288 99 Mariage
2147 847 41 103 de
2235 868 49 90 la
2362 852 1 100 D

1075 996 273 96 francoise
1422 1010 253 90 Michel,
1715 1025 110 78 avec
1871 1004 35 93 le
1973 1006 42 98 S^r
2089 1007 157 99 Dela
2307 1024 156 86 Mure

1063 1156 321 105 Capitaine
1463 1158 37 88 de
1550 1160 205 100 Milice
1842 1183 81 85 qui
1987 1194 0 63 a
2075 1176 174 91 donne
2315 1170 103 99 lieu
2519 1203 0 70 a

1083 1335 48 64 un
1186 1322 187 100 arrest
1446 1311 48 100 du
1549 1313 224 142 Conseil
1818 1319 309 138 superieur
2199 1326 49 111 du
2301 1364 49 74 11.
2385 1356 170 76 Mars

1067 1492 102 113 1730
1249 1498 102 109 par
1405 1479 219 131 lequel
1687 1483 74 97 les
1860 1497 47 86 S^r
1960 1487 291 117 Romain
2360 1491 119 130 Juge

1059 1655 27 80 et
1141 1631 37 98 le
1240 1632 145 126 Goust
1457 1631 317 116 Procureur
1847 1633 45 116 du
1955 1635 155 133 Roy
2172 1668 64 75 de
2290 1666 45 77 la

1062 1791 319 113 Juridiction
1444 1795 41 89 de
1548 1795 41 99 S^t
1636 1796 183 102 Pierre
1907 1819 79 79 ont
2042 1822 104 94 este
2209 1805 271 111 jnterdits

1061 1948 36 90 de
1139 1953 139 123 leurs
1319 1952 270 126 fonctions
1682 1974 243 110 jusqu'a
1975 1988 37 95 ce
2079 1983 114 105 qu'il
2252 1991 44 76 en
2364 1985 63 91 ait
2485 1971 106 99 este

1057 2108 246 123 ordonne
1377 2136 110 100 par
1537 2114 53 122 sa
1665 2116 380 122 Majeste.

1523 2335 328 111 Fait.

1457 2465 28 63 le

1139 2496 90 82 La
1341 2525 97 74 D.
1490 2515 265 88 francoise
1827 2517 203 87 Michel
2110 2526 123 92 agee
2306 2519 35 85 de
2401 2522 75 88 20.
2502 2539 82 72 ans

1042 2652 36 60 et
1156 2625 392 128 Emancipee,
1581 2629 116 125 fille
1772 2638 38 104 de
1860 2635 149 120 Paul
2094 2663 185 96 Michel
2347 2650 29 116 et
2416 2648 168 118 d'anne

1040 2779 290 131 Jullienne
1410 2787 254 132 Gobert,
1708 2797 150 131 veuve
1939 2835 67 96 au
2060 2816 113 119 jour
2236 2804 39 134 de
2320 2808 75 130 son
2450 2809 121 117 deces

564 251 342 112 Delamure

801 1942 60 91 203

920 1821 63 6 R
