3232 3664
148 325 119 84 Gourg
314 328 21 71 le
394 331 126 86 Vingt
549 330 202 93 huitieme

169 412 118 73 sept,
316 423 366 75 commencant

198 494 48 69 du
292 495 63 73 fils
401 506 32 51 et
484 500 59 61 du
578 502 32 64 S^tr
625 498 104 76 Esprit

154 591 114 99 asente
322 597 95 97 page
479 600 73 92 fait
599 607 87 97 neuf

155 695 111 90 ropre
315 717 27 72 et
397 707 130 88 signé
589 711 41 66 de
685 730 40 50 ma

152 805 40 72 ne
246 799 208 77 Julien,
485 813 25 57 et
563 812 125 72 après

188 912 100 54 ment
352 916 73 65 que
476 919 51 66 son
556 921 184 67 envelopp

149 981 37 80 dit
271 986 43 68 M^e
358 989 223 85 Emerigon
631 1004 89 65 pour

171 1060 173 95 inutes,
368 1059 37 92 et
435 1065 50 93 en
544 1070 83 94 être

162 1156 66 80 que
264 1160 32 70 de
325 1154 126 82 droit,
487 1154 31 84 de
553 1158 98 86 tout

177 1249 92 66 udit
344 1261 49 62 me
464 1265 211 66 Bonnet

199 1337 33 70 et
294 1340 153 75 Valoir
498 1353 23 62 ce
561 1347 75 71 que
671 1350 33 74 de

632 1398 99 65 raissone

157 1418 64 79 cête
283 1423 107 81 dont
426 1436 47 71 est
540 1439 173 78 mention

163 1514 2 75 #
230 1516 140 72 procès
435 1521 145 79 Verbal
623 1530 96 76 pour

184 1618 119 79 gresfe
358 1624 28 66 et
436 1632 68 54 ont
565 1622 90 75 tous

227 1797 38 79 P.
297 1799 254 102 Emerigou,
577 1804 151 96 Petit.

148 1989 121 96 Verale
344 1982 4 95 &
409 1974 209 122 conforme

163 2114 136 104 époser
368 2133 51 61 au
474 2110 114 104 Greffe
651 2115 36 87 de

175 2236 236 96 premiere
489 2222 220 110 jstance

176 2384 102 96 ique
366 2375 30 75 le
466 2336 103 114 neuf

187 2487 51 71 uit
288 2481 130 75 lun

174 2570 47 85 Lef

174 2890 1 94 s
249 2888 179 112 astorg,
449 2897 225 100 chevalier

152 2999 260 74 d'honneur,
438 3002 220 75 conseiller

156 3081 77 73 cette
281 3081 58 97 île
401 3098 35 84 et
473 3094 225 110 Président

1242 295 49 77 du
1347 295 204 77 tribunal
1600 303 43 91 de
1703 308 214 86 première
1971 311 197 83 Jnstance
2232 307 126 80 Séant
2407 315 21 70 à
2470 303 42 79 S^t
2553 299 135 94 Pierre

1259 385 283 75 Martinique

1616 464 259 101 Certifions
1925 486 56 61 que
2037 468 28 69 la
2156 463 252 100 signature
2471 459 148 93 d'autre
2654 469 91 74 part

1248 557 40 65 est
1355 560 87 84 celle
1515 560 34 75 de
1629 567 67 80 M^r
1769 560 228 97 Jacquin
2097 559 181 98 Greffier
2316 568 43 75 en
2397 572 102 85 chef
2564 569 81 55 du
2718 562 28 62 di

1244 659 212 74 tribucal
1508 661 36 80 de
1597 664 200 72 première
1854 657 213 77 jnstance
2120 667 29 64 de
2201 649 25 83 la
2272 654 83 61 ville
2418 650 119 76 Saint
2583 643 136 66 Pierre

1273 745 302 91 Martinique,
1614 749 33 71 et
1706 751 59 81 que
1824 740 66 90 soi
1967 742 88 80 doit
2118 753 2 67 y
2164 753 74 71 être
2302 732 191 93 ajoutée
2551 736 106 66 tant
2695 742 40 62 en

1249 839 237 79 Jugement
1548 854 62 60 que
1683 845 118 75 hors.

1654 950 64 75 En
1752 946 310 83 temoignage
2120 947 29 73 de
2223 963 92 62 quoi
2367 950 115 74 nous
2522 950 144 69 avons

1242 1024 165 67 délivré
1461 1021 59 94 les
1568 1025 222 92 présentes
1859 1042 302 72 auxquelles
2229 1037 95 74 nous
2380 1032 120 76 avons
2550 1026 95 77 fait

1253 1122 196 78 apposer
1488 1121 17 67 le
1550 1121 129 77 Sceau
1735 1126 44 58 du
1830 1125 258 80 tribunal.

1681 1215 251 95 Certifions
1969 1232 40 65 en
2065 1219 123 74 outre
2258 1229 64 73 que
2366 1217 27 75 le
2449 1207 168 86 timbre
2694 1233 25 56 ni

1255 1319 439 93 l'Enregistrement
1768 1327 34 74 ne
1849 1319 95 93 sont
1990 1326 122 86 point
2165 1319 49 92 en
2266 1326 123 86 asage
2434 1319 136 73 dans
2616 1324 96 68 cette

1253 1421 210 76 Colonie.

1724 1508 180 81 Donné
1946 1520 50 71 en
2057 1518 112 75 notre
2248 1504 131 85 hôtel
2439 1518 14 66 à
2489 1503 50 79 S^t
2575 1495 131 83 Pierre

1310 1615 269 72 Martinique
1646 1609 17 67 le
1775 1609 118 78 Neuf
1960 1606 129 79 Juin
2201 1610 68 78 mil
2336 1613 95 68 huit
2465 1610 84 66 cent
2599 1613 101 78 vingt
2734 1611 22 80 ue

1912 1705 283 139 Astorg

1312 1836 161 85 Scellé
1511 1844 84 87 led.
1620 1846 84 85 jour
1768 1866 32 60 9.
1832 1849 83 78 Juin
1954 1866 103 61 1821.

1545 1945 137 154 Rgr

1438 2163 151 109 Vupour
1640 2165 259 110 légalisation
1951 2180 39 78 de
2019 2188 22 79 la
2093 2184 175 95 Signature
2336 2193 37 73 de
2426 2188 68 82 M^r
2524 2176 167 93 Astorg

1373 2265 215 90 Scrsident
1643 2288 31 66 du
1742 2269 166 84 tribunal
1963 2285 24 67 de
2037 2300 141 52 premiere
2215 2273 154 78 instane
2436 2280 117 70 séant
2627 2260 12 89 à

1390 2349 53 88 S^t
1473 2350 197 98 Pierre.※

1540 2456 0 70 A
1655 2448 64 93 fort
1755 2446 128 98 Royal
1954 2450 186 87 Martinique
2183 2449 21 85 le
2247 2458 86 90 onze
2383 2457 78 77 juin
2518 2449 108 91 1821.

1823 2551 46 86 Le
1946 2546 204 94 Lieutenant
2202 2544 158 92 Général
2445 2540 235 93 Gouverneur

1782 2637 22 63 et
1852 2632 292 78 administrateur
2187 2641 92 66 pour
2311 2630 22 71 le
2376 2629 119 70 Roi.

814 2639 49 153 Vu
898 2643 84 150 sour
995 2646 211 154 leigaisation
1224 2654 25 139 de
1267 2662 25 128 la
1311 2705 164 104 dégnatone
1494 2724 24 85 de
1537 2717 14 90 Ml
1603 2693 196 118 Douselet.

1134 2792 127 79 Paris
1288 2792 23 79 le
1365 2815 1 57 8
1430 2794 139 82 Octobre
1612 2809 89 69 1821.

910 2841 92 111 Pour
1026 2843 26 110 le
1098 2882 155 77 Ministre
1279 2874 175 91 Secretaire
1511 2880 102 89 d'Etat
1648 2886 23 85 de
1706 2866 30 107 la

2246 2740 260 140 Doureloz

1018 2067 74 87 TAe

824 2939 146 89 Marine
991 2945 23 87 et
1041 2964 41 74 des
1103 2949 145 88 Colonies
1278 2968 20 77 et
1334 2955 57 92 par
1421 2961 288 90 autorisation.

903 3090 72 69 NEV

1071 3025 29 130 Le
1136 3036 197 123 Secrétaire
1370 3026 151 137 Général
1557 3029 29 125 du
1623 3028 188 121 Ministère

1617 3173 2 69 V
1689 3136 204 106 Vauvillieus
