3232 3632
1106 322 90 65 Item
1264 330 0 70 –
1309 322 28 72 Je
1387 322 113 83 legue
1561 338 0 55 a
1640 338 50 59 ma
1752 323 96 79 ditte
1910 322 140 78 dame
2112 322 157 72 Doissin
2331 322 213 68 l'armoire

1109 421 62 73 que
1215 417 80 82 j'ai
1351 411 205 89 achepté
1611 411 26 71 de
1711 415 44 69 M^r
1791 408 69 85 son
1921 407 76 87 fils
2059 405 360 76 actuellement
2462 403 106 89 dans

1098 510 25 72 la
1163 509 221 77 chambre
1438 515 72 74 que
1550 504 221 84 J'aucupe
1835 503 114 69 dans
1990 496 31 77 la
2103 494 162 85 maison
2329 495 37 57 de
2442 505 61 55 ma

1100 595 73 71 dite
1228 593 140 67 dame
1428 591 176 72 Doissin

1170 675 96 87 Item
1332 676 30 86 je
1410 677 126 85 legue
1608 676 18 64 à
1710 683 54 65 M^r
1800 671 210 84 Benoÿ
2046 672 24 73 le
2106 675 126 75 vievre
2328 672 138 77 metre

1097 769 250 74 peruquier
1399 777 37 59 ea
1477 780 27 59 ce
1556 768 140 70 bourg
1742 764 142 73 Saint
1941 761 125 72 Pierre
2129 759 68 69 tout
2233 767 21 54 ce
2301 767 78 64 qui
2462 762 58 62 me

1105 860 64 70 doit
1225 864 74 66 par
1340 868 48 56 ces
1434 853 137 67 billets
1611 861 33 63 et
1716 851 95 69 tout
1846 858 27 60 ce
1940 852 69 63 qui
2076 842 37 72 le
2164 848 205 59 trouvera
2468 848 47 62 me

1101 942 114 60 devoir
1273 955 0 47 a
1361 949 83 54 mon
1496 939 118 64 deces
1658 947 44 56 en
1770 932 420 72 reconnoissance
2233 930 64 64 des
2336 928 190 70 services

1115 1029 52 62 que
1243 1035 42 50 m^r
1319 1028 66 59 son
1437 1027 91 66 frere
1604 1041 56 56 ma
1722 1027 157 68 rendu
1955 1027 180 70 aupres
2173 1027 29 63 de
2273 1027 43 67 M^r
2349 1029 14 67 le
2401 1031 161 66 Jeneral

1104 1110 51 72 que
1211 1116 90 68 pour
1340 1104 51 72 ses
1458 1107 180 79 marques
1699 1104 208 74 damitie
1974 1112 101 70 qu'il
2142 1118 45 63 ma
2255 1104 78 74 tou
2378 1110 79 67 jour
2502 1103 67 80 fait

1152 1204 82 72 Item
1308 1204 41 73 Je
1394 1204 98 81 legue
1561 1215 0 56 a
1653 1217 51 72 M^r
1756 1206 156 85 lafoud
2002 1214 271 77 Marchand
2336 1213 47 70 au
2439 1206 110 83 fort

1098 1297 151 81 Roÿal
1337 1312 81 53 mon
1470 1298 209 73 compere
1743 1291 29 64 la
1854 1289 168 80 moitié
2081 1290 34 68 de
2185 1297 47 73 ma
2290 1290 139 80 Garde
2464 1291 87 62 robe

1106 1394 30 50 et
1174 1380 152 64 l'autre
1413 1378 162 65 moitié
1628 1381 10 62 à
1711 1383 68 59 M^r
1837 1376 205 66 Benoÿ
2091 1374 19 67 le
2154 1378 122 63 vievre
2363 1384 78 57 mon
2495 1382 87 58 ami

1119 1464 252 75 mentionné
1424 1468 54 70 cÿ
1515 1462 102 70 osus
1675 1462 214 79 laquelle
1959 1466 80 74 sera
2098 1465 192 76 partage
2344 1466 123 71 entre
2520 1472 43 63 vos

1099 1548 82 81 deuz
1251 1567 65 67 par
1363 1549 141 85 égalle
1563 1553 111 77 part
1739 1557 200 72 comme
2003 1556 118 77 deux
2180 1551 105 73 bons
2344 1560 124 60 amis
2515 1551 70 73 telle

1105 1643 76 72 quil
1222 1647 25 65 ce
1298 1641 192 70 trouvera
1561 1642 0 65 a
1658 1641 91 72 mon
1800 1640 167 72 deces.

1141 1734 93 75 Item
1327 1744 23 64 je
1414 1735 128 81 legue
1600 1754 18 50 à
1699 1747 58 73 ma
1821 1741 140 76 petite
2031 1739 139 85 sieulle
2229 1741 139 81 Cleron
2432 1743 82 77 fille
2548 1744 35 72 du

1096 1822 40 74 dit
1187 1822 108 77 Sieur
1351 1824 160 81 lafond
1601 1849 79 49 mon
1737 1852 227 56 compere
2020 1833 29 72 la
2094 1831 182 73 somme
2321 1834 40 67 de
2445 1839 109 61 mille

1094 1917 117 67 livres
1269 1918 187 72 laquelle
1511 1916 170 79 somme
1741 1939 38 58 de
1850 1918 137 79 mille
2042 1918 126 79 livres
2217 1939 49 49 en
2327 1918 71 76 sera
2447 1918 77 71 fait

1105 2005 40 67 un
1187 2003 82 78 fond
1341 2010 65 67 sur
1466 2027 72 56 une
1592 2013 412 77 communautté
2063 2013 76 79 soit
2183 2019 66 69 sur
2314 2021 214 74 hopital

1103 2104 34 58 ou
1193 2094 55 71 sur
1293 2095 18 72 le
1357 2100 202 73 couvent
1615 2100 66 76 des
1726 2108 260 75 Reverand
2054 2132 111 53 peres
2218 2110 274 79 Capucins

1095 2206 84 59 pour
1230 2196 201 74 procurer
1493 2213 50 57 un
1588 2203 393 81 établissement
2059 2219 0 48 a
2126 2209 62 77 ma
2248 2213 114 81 petite
2410 2214 137 80 fieulle

1098 2290 233 82 lorsqu'elle
1393 2292 68 74 sera
1524 2305 45 65 en
1637 2297 80 79 age
1802 2299 119 74 d'être
1995 2305 205 72 marie,
2228 2304 34 78 et
2307 2309 29 75 je
2393 2304 79 77 prie

1112 2387 81 57 mon
1245 2388 236 74 Executeur
1532 2392 392 79 testamentaire
2002 2403 119 74 ainsi
2183 2413 81 64 que
2311 2410 24 67 le
2360 2409 182 68 reverand

1097 2485 79 60 père
1231 2473 103 74 curé
1389 2476 37 72 de
1467 2471 32 78 la
1565 2477 208 89 Paroisse
1838 2482 75 80 des
1965 2491 251 87 reverands
2257 2513 111 61 pères
2409 2495 168 93 Capuins

1096 2557 43 81 du
1185 2556 55 79 for
1304 2564 126 81 Roÿal
1494 2563 150 81 d'avoir
1702 2568 37 74 la
1791 2569 144 82 bontté
1987 2579 38 78 de
2076 2583 150 77 placer
2272 2582 269 86 solidement

1099 2651 135 86 ladite
1297 2656 180 85 Sommi
1533 2663 34 82 de
1668 2662 110 88 mille
1841 2669 136 89 livres
2033 2679 104 79 pour
2180 2674 366 90 l'établissement

1103 2765 30 64 de
1172 2762 91 83 cette
1331 2770 193 70 pauvre
1592 2769 98 73 fille
1763 2788 28 61 et
1865 2789 119 64 avoir
2041 2780 114 72 part
2206 2774 12 72 à
2251 2778 137 77 cette.
2422 2790 74 64 bon

1099 2860 172 62 neuvre
1342 2856 274 79 charitable
1674 2868 79 75 gon
1793 2862 90 90 doit
1941 2864 103 81 faire
2089 2870 2 77 a
2149 2871 102 83 toute
2285 2874 150 84 paure
2475 2873 73 79 fille

1097 3042 33 93 de
1174 3047 86 92 feut
1348 3055 132 86 Marie
1549 3060 249 91 Bernard
1905 3090 47 64 ma
2001 3081 111 80 Seur
2164 3077 45 88 du
2261 3082 123 82 cotté
2430 3103 51 56 de

1096 3143 89 79 feut
1263 3151 59 81 ma
1418 3152 95 80 mere
1624 3156 189 81 mariée
1874 3165 46 68 en
1975 3165 252 83 Dophiné
2298 3179 125 66 après
2483 3172 35 66 la

3083 349 19 87 10

3078 453 43 71 ne

3079 534 28 67 de

3068 621 51 61 D0

3078 787 42 50 ai

3067 853 56 67 au

3070 934 48 58 as

3075 1023 28 67 Je

3071 1123 46 69 ac

3055 1172 21 101 1

3068 1378 27 76 de

3065 1470 69 95 Cett

3069 1563 35 70 de

3063 1648 33 75 de

3070 1830 23 81 le

3068 1932 4 75 d

3059 2027 63 102 des

3055 2139 30 72 Ce

3061 2218 27 91 de

3044 2428 76 77 Mo

3050 2534 74 81 Avo

3067 2619 54 78 d'a

3051 2826 0 71 a

3060 2909 48 81 les

3065 3013 0 60 C

3064 3096 43 104 de
