2944 3688
1085 557 96 85 fers
1254 540 52 103 les
1372 542 250 107 criminels
1696 543 37 95 et
1792 544 51 97 les
1910 551 191 94 avoient
2175 572 66 74 mis
2322 567 147 77 avec–

1094 655 224 101 d'autres
1401 669 209 95 négres,
1647 659 98 100 doit
1804 662 76 108 être
1931 670 128 94 punil
2126 663 127 92 d'une
2335 677 195 79 maniere

1096 780 347 103 exemplaire
1533 797 76 76 par
1686 792 187 89 raport
1956 789 56 83 au
2081 784 83 89 mal
2241 780 76 103 qui
2400 780 63 91 est

1086 883 211 104 resulté
1364 883 34 104 de
1440 906 34 96 la
1558 885 286 123 négligence
1928 887 51 93 de
2029 887 93 97 son
2189 887 211 125 devoir;
2459 893 33 107 Il
2551 892 59 98 est

1095 1000 161 98 detenu
1317 1009 46 99 en
1417 1019 169 95 prison
1678 1010 176 103 jusqu'a
1946 1032 31 79 ce
2031 1018 92 98 quil
2184 1012 108 83 vous
2345 1019 54 99 ait
2484 1012 76 93 plu

1096 1109 234 93 ordonner
1413 1124 76 95 que
1549 1112 76 103 son
1685 1124 144 86 procés
1912 1119 105 104 soit
2085 1114 136 109 fait,
2274 1120 189 82 nous–

1091 1229 149 92 avons
1334 1231 311 94 cependant
1733 1237 142 94 pensé
1956 1258 74 73 que
2098 1248 189 73 comme
2361 1239 27 84 il
2462 1237 0 82 a
2523 1248 54 68 ici

1095 1332 66 106 des
1226 1338 299 100 prolecteurs
1642 1363 65 74 qui
1787 1341 73 88 ont
1933 1342 44 95 du
2043 1339 138 86 credit
2254 1339 29 101 et
2363 1354 66 92 que
2487 1344 88 96 cest

1105 1464 37 78 un
1231 1466 178 93 ancien
1491 1453 200 94 soldat
1780 1464 74 97 qui
1898 1455 119 90 joüit
2091 1454 126 90 d'une
2291 1456 141 89 demie
2484 1456 134 104 solde

1097 1569 80 97 qui
1228 1565 211 102 pourroit
1512 1561 88 94 être
1680 1591 211 62 accordée
1964 1591 21 69 à
2022 1561 36 102 la
2116 1561 131 98 veuve
2378 1561 102 87 dle

1099 1686 190 74 renvoie
1380 1672 46 92 de
1472 1680 61 93 cet
1624 1671 198 109 homme
1891 1700 38 82 en
2005 1671 176 111 france
2272 1673 305 105 pourroit.

1086 1772 92 135 etré
1214 1773 228 134 punition
1515 1772 337 135 suffisante,
1880 1809 91 80 car
2044 1809 27 72 si
2126 1774 91 106 l'on
2281 1772 91 115 fait
2445 1778 101 102 son

1110 1909 168 104 procés
1354 1932 53 59 ici
1481 1932 1 86 i
1572 1926 1 92 y
1649 1924 0 76 a
1739 1924 296 98 apparence
2126 1925 83 84 qu'il
2300 1919 106 76 sera

1086 2000 203 122 absous

1139 2130 180 138 Nous
1419 2159 240 100 sommes
1759 2171 100 85 avec
1928 2151 50 131 un
2028 2136 230 146 profond
2328 2145 240 139 Respect

1133 2522 790 141 Monseigneur

1931 2790 211 146 Vostres
2201 2786 230 137 humbles
2470 2799 31 128 et
2550 2812 41 109 tre

1955 2919 273 93 obeissants
2294 2915 280 96 serviteurs

1686 3009 260 116 fudmirs

2142 3028 257 128 Preville
