3232 3632
1050 328 175 99 dernieres
1279 328 263 99 jnttentions
1596 335 26 88 et
1683 339 283 86 nottamant
2020 333 20 89 je
2087 326 108 94 casse
2256 351 148 64 anille
2444 351 88 63 pour

1043 427 156 89 toujour
1265 428 18 85 le
1337 425 246 85 Testament
1643 427 72 74 par
1793 431 96 77 moÿ
1931 422 66 85 fait
2039 428 36 79 en
2117 419 132 87 favent
2279 418 30 71 de
2357 417 60 86 fut
2495 423 0 66 m

1038 513 145 84 Poissin
1248 512 37 71 de
1333 510 84 85 lille
1471 514 108 81 reçu
1651 516 72 74 par
1802 505 102 77 metre
1975 511 25 67 le
2035 502 133 73 Vaché
2221 503 205 74 notaire

1038 598 146 78 Roÿal
1246 593 42 82 de
1346 599 23 75 ce
1426 589 54 81 dit
1549 594 134 76 bourg
1741 585 139 76 Saint
1943 584 140 63 Pierre
2170 579 320 71 Martinique

1049 685 23 63 le
1111 678 115 74 Vinngt
1293 677 46 71 un
1400 668 132 76 fevrier
1622 663 103 64 mille
1781 661 108 83 sept
1934 661 97 61 cent
2081 658 273 76 cinquante
2422 666 52 56 un

1045 756 130 81 lequel
1236 750 231 83 testamant
1533 760 80 59 non
1663 744 214 80 capatif
1932 744 30 73 je
2005 742 114 80 casse
2157 745 24 59 et
2242 736 186 70 amille
2478 736 57 71 des

1049 855 2 71 a
1102 840 187 86 presant
1357 846 25 60 et
1439 835 94 83 pour
1572 832 181 82 toujour
1834 828 123 81 ainsi
2003 835 58 58 que
2120 825 87 74 tout
2259 823 116 68 autre
2422 833 69 60 que

1053 931 30 73 je
1129 921 97 81 puis
1289 938 47 62 cÿ
1375 918 162 75 devant
1610 922 111 68 avoir
1771 908 76 83 fait
1921 905 167 83 desquel
2145 917 24 68 je
2219 916 30 65 ne
2357 924 70 48 me

1048 1009 217 80 resouvient
1320 1009 67 73 pas
1430 1007 29 56 et
1508 1003 40 74 sy
1586 1005 28 65 je
1691 1000 112 57 mant
1863 994 316 83 resormenot,
2206 996 84 71 jean
2350 991 129 70 ferois

1069 1095 185 79 mention
1318 1093 217 77 expresce,
1572 1093 28 70 je
1648 1086 136 70 casse
1859 1080 217 77 annullé
2129 1077 126 69 ainsi
2308 1081 77 50 par
2432 1082 39 58 ce

1058 1181 175 71 presant
1324 1174 29 79 la
1410 1170 320 76 procuration
1789 1172 77 62 que
1908 1166 33 63 je
1989 1160 55 74 fit
2114 1157 11 59 à
2195 1154 60 70 M^r
2292 1150 218 76 Philippe

1058 1261 186 76 Dacostat
1299 1258 207 69 residant
1572 1253 11 64 à
1613 1254 145 73 vaison
1824 1246 139 78 passée
2029 1246 78 69 par
2154 1246 159 63 devant
2405 1246 108 59 metre

1056 1331 189 77 DuRant
1323 1328 171 74 notaire
1561 1339 52 57 au
1658 1325 74 71 lieu
1794 1324 35 72 de
1890 1322 188 74 Caront
2135 1315 131 74 dans
2294 1328 17 51 le
2356 1315 165 69 conptat

1043 1414 250 82 Venaissin
1358 1417 228 73 davignon
1657 1416 78 69 par
1779 1406 206 81 laquelle
2039 1404 300 81 procuration
2383 1414 28 61 je
2455 1410 72 71 luÿ

1043 1501 138 74 cedoit
1245 1491 25 71 la
1359 1494 143 75 moitié
1542 1487 62 72 des
1643 1485 132 82 droits
1817 1492 23 64 et
1906 1480 267 76 prettention
2238 1497 66 61 que
2363 1480 119 76 j'aÿ
2505 1493 0 56 a

1053 1579 249 83 prettandre
1369 1582 39 72 de
1462 1573 88 89 feut
1667 1572 156 88 messier
1896 1570 131 82 Perre
2082 1567 175 84 Gabriel
2300 1571 25 60 de
2356 1560 155 86 labeau

1059 1669 22 63 de
1131 1668 144 73 Berord
1330 1664 111 76 baron
1497 1666 38 71 de
1608 1661 127 82 maclez
1785 1662 116 79 Saint
1940 1661 166 78 remond
2154 1656 25 66 de
2244 1658 118 73 moulle
2399 1650 112 83 Garde

1059 1747 19 69 la
1117 1747 154 69 Baronie
1333 1761 24 53 de
1429 1747 145 67 Macles
1636 1743 125 69 située
1814 1753 34 58 en
1881 1746 130 65 france
2069 1745 77 65 pres
2184 1743 29 66 de
2266 1742 101 67 lion,
2381 1739 173 69 laquelle

1057 1836 32 67 est
1131 1834 293 90 Expréssement
1491 1829 131 90 asectée
1708 1835 13 78 ÿ
1764 1826 199 88 potheque
2019 1840 19 65 à
2086 1822 69 90 fart
2223 1820 273 88 demoiselle

1047 1929 156 71 Danne
1261 1918 253 81 Tranchere
1593 1928 43 64 ma
1700 1914 166 74 Tante;
1892 1912 87 77 seur
2031 1919 33 65 de
2106 1908 76 73 fut
2266 1921 60 55 ma
2405 1919 87 61 mere

1051 2024 25 71 et
1139 2014 94 77 dont
1278 2020 25 73 je
1348 2009 100 77 suis
1499 2008 77 79 son
1651 2006 204 82 héritiers
1907 2017 36 59 et
1994 1997 216 85 legartaire
2262 1996 257 79 huniversel

1048 2107 114 78 Come
1220 2109 125 82 apert
1398 2106 78 74 par
1528 2102 73 77 son
1659 2103 262 82 testament
1991 2096 72 77 fait
2104 2103 42 63 en
2229 2110 54 62 ma
2347 2096 161 79 faveur

1067 2197 1 59 a
1133 2187 243 73 molemond
1429 2187 41 70 du
1513 2188 164 70 conptat
1738 2183 225 67 Venaissin
2012 2189 71 63 reçu
2149 2193 60 60 par
2281 2189 87 60 metre
2401 2186 148 58 coutton

1062 2264 153 70 notaire
1279 2261 134 73 dudit
1467 2261 70 73 lieu
1611 2262 25 66 de
1725 2261 252 71 mollemont
2036 2272 40 62 au
2116 2270 163 64 conptat
2318 2267 198 66 venoissin

1061 2344 72 74 tous
1189 2340 172 79 lesquels
1411 2341 111 78 droits
1561 2353 28 61 et
1650 2338 277 75 pretentions
1972 2346 288 69 apartenant
2321 2345 0 62 a
2388 2342 78 73 feut
2510 2340 22 61 la

1065 2419 55 77 dite
1176 2419 238 78 démoiselle
1486 2426 155 57 hanne
1708 2422 239 75 Tranchere
2011 2441 46 58 ma
2112 2443 150 57 portion
2323 2443 44 46 en
2416 2443 95 58 vertu

1057 2517 27 62 de
1127 2507 59 69 son
1246 2518 48 63 dit
1359 2510 292 74 Testamant,
1700 2510 227 69 lesquelles
1976 2512 232 71 Prettantion
2257 2531 21 53 ce
2338 2524 205 64 montoient

1068 2602 0 68 a
1124 2599 38 69 de
1223 2594 189 75 sommes
1456 2592 316 67 considerable
1844 2615 33 44 et
1954 2594 106 78 dont
2115 2594 28 81 je
2192 2594 50 81 fit
2298 2594 155 79 remise
2492 2594 60 74 des

1056 2684 121 79 titres
1223 2692 46 58 au
1315 2686 57 64 dit
1418 2683 121 77 Sieur
1608 2683 224 78 Dacostat
1907 2688 17 78 le
1964 2693 92 70 jour
2102 2686 34 71 de
2182 2693 29 73 la
2257 2690 92 77 ditte
2389 2695 155 71 procure

1064 2776 124 84 passée
1259 2783 76 76 par
1382 2779 18 74 le
1459 2774 59 79 dit
1612 2773 124 64 metre
1789 2772 176 69 Durand
2042 2772 165 83 notaire
2271 2782 53 73 au
2372 2781 53 74 dit
2478 2775 64 69 lieu

1057 2868 35 77 de
1135 2868 158 74 caronb
1362 2874 54 55 au
1467 2865 149 68 contat
1688 2865 234 80 venaissin
1998 2885 80 60 par
2121 2867 157 77 lequel
2322 2872 59 67 fut
2406 2871 144 73 couvai

1067 2955 70 64 nut
1200 2932 65 92 que
1315 2931 26 78 je
1397 2931 147 77 donne
1595 2950 33 66 et
1690 2931 21 87 ce
1760 2931 84 83 doit
1925 2941 53 81 au
2026 2948 56 73 dit
2140 2944 72 80 sier
2281 2962 45 60 Da
2370 2962 141 60 costat

1064 3016 25 82 la
1178 3014 133 73 moitié
1352 3015 37 72 de
1472 3016 61 80 mes
1593 3016 331 87 prestantions
1976 3029 80 75 sur
2108 3034 157 72 l'hoirie
2342 3038 49 69 du
2432 3035 73 72 dit

1051 3103 81 99 feut
1219 3103 135 94 messire
1429 3105 128 98 Pierre
1617 3109 157 95 Gabriel
1833 3110 36 75 de
1921 3118 157 85 Berord
2137 3125 34 76 et
2231 3123 183 84 n'aÿant
2454 3122 21 65 le
2508 3121 48 67 dit

3049 342 62 83 Pier

3034 440 63 78 sur

3039 530 76 71 tan

3033 620 76 80 Cou

3039 713 82 63 prés

3043 780 72 80 toy

3044 868 85 72 proc

3044 942 55 90 dit

3029 1034 95 87 cent

3053 1131 46 49 ma

3033 1220 28 49 et

3032 1309 79 59 etd

3051 1398 77 56 mas

3029 1477 77 71 seul

3034 1575 28 62 de
3104 1580 23 62 le

3036 1659 26 66 de
3110 1670 2 56 2

3034 1733 100 93 sons

3041 1828 87 90 pour

3042 1929 61 81 quil

3049 2009 88 92 apre

3039 2103 82 74 aus

3036 2192 74 85 léga

3034 2307 96 55 moil

3035 2376 102 78 legas

3036 2464 90 73 avoir

3030 2557 79 58 Rou

3028 2635 103 97 Seigne

3022 2737 61 60 cela

3023 2824 88 63 pour

3026 2903 58 74 fils

3024 2990 112 76 Pierre

3003 3093 119 64 -main

3021 3178 82 64 Vous
