2624 3760
224 234 46 95 21
344 227 89 129 8bre
484 227 110 153 1779

1070 261 338 128 Cayenne

841 515 177 99 Deux
1129 515 222 109 négres
1425 515 178 96 évadés
1677 545 59 77 au
1825 528 141 81 mois
2027 515 52 102 de
2117 515 101 100 7^bre

738 647 118 92 1778,
907 647 81 81 des
1054 647 272 89 Prisont,
1356 674 22 62 à
1437 646 316 108 Cayenne,
1789 656 89 77 ont
1936 645 324 107 massacré,

738 793 123 69 près
912 766 39 96 de
1009 766 298 96 Kourou,
1346 795 45 64 un
1488 766 278 93 mulatre
1837 766 194 92 libre,
2057 771 26 89 je
2135 777 110 82 sont

753 906 186 90 rendus
1016 902 212 85 ensuite
1304 900 20 86 à
1374 900 432 90 Sinnamary,
1850 904 97 68 ou,
1985 906 167 79 après

744 1025 294 104 plusieurs
1119 1021 482 118 brigandages,
1624 1017 67 92 ils
1739 1023 91 107 ont
1877 1006 287 123 assassiné
2212 1011 25 76 le

762 1174 221 73 nommé
1040 1157 216 94 Garet,
1286 1153 143 89 pillé
1487 1153 33 79 sa
1622 1147 273 89 maison,
1927 1152 33 72 et
1998 1149 240 79 commis

735 1285 300 85 plusieurs
1107 1281 190 84 autres
1369 1286 232 74 excet.
1632 1297 48 57 en
1735 1274 232 84 rendant
2003 1272 195 84 compte

739 1405 46 105 de
846 1428 61 82 ces
975 1401 174 107 faits,
1201 1397 114 92 M^r
1382 1397 39 109 de
1473 1393 289 113 fiedmond
1806 1412 39 68 et
1897 1391 213 99 Préville

762 1539 315 98 marquent
1134 1533 169 102 qu'ils
1375 1531 97 103 ont
1521 1530 111 103 fait
1689 1529 206 94 donner
1959 1524 250 105 quelques

752 1671 292 86 vétemens
1114 1678 36 80 et
1206 1662 30 98 la
1326 1660 178 94 ration
1581 1664 22 72 à
1652 1656 30 102 la
1751 1652 207 104 femme
2020 1649 157 100 Garet

738 1800 38 74 et
834 1803 23 75 à
914 1797 67 85 ses
1054 1789 133 95 trois
1252 1782 228 110 enfants
1567 1779 192 106 réduits
1831 1778 23 83 à
1904 1779 31 88 la
2000 1779 140 103 plus

742 1919 243 92 extrême
1082 1923 257 86 misere,
1367 1930 34 70 et
1449 1915 63 98 ils
1567 1912 202 101 prient
1816 1909 411 100 Monseigneur

744 2050 38 80 de
865 2049 196 87 vouloir
1125 2047 101 94 bien
1315 2051 311 90 approuver
1690 2057 69 73 ces
1829 2047 203 79 secours
2127 2047 64 80 ils

748 2172 258 89 ajoutent
1072 2170 258 98 qu'après
1409 2172 284 92 beaucoup
1779 2168 40 94 de
1865 2176 205 79 peines
2123 2171 33 76 et
2209 2167 33 90 de

750 2293 318 109 dépenses,
1099 2314 70 86 ces
1230 2291 256 109 assassins
1579 2308 100 65 aux
1741 2289 125 101 quels
1919 2289 125 86 deux
2105 2288 179 94 autres

735 2429 241 88 Esclaves
1051 2425 241 110 s'étoient
1360 2421 159 110 joints
1632 2422 90 77 ont
1759 2418 76 111 été
1879 2416 212 113 fusilles
2151 2416 129 94 dans

758 2578 57 60 un
879 2561 93 96 lieu
1051 2552 665 107 presqu'inaccessible;
1759 2569 72 83 que
1888 2550 114 86 trois
2067 2550 86 100 ont
2188 2556 93 90 péri

747 2703 30 72 et
835 2690 83 100 que
983 2685 31 89 le
1072 2682 365 106 quatrieme,
1472 2682 82 104 qui
1620 2677 141 105 avoit
1813 2677 111 93 pris
1991 2675 29 105 la
2080 2675 133 103 fuite

748 2824 24 76 à
824 2815 71 83 été
947 2807 285 99 tellement
1285 2807 155 107 blessé
1500 2811 148 99 qu'on
1708 2802 132 100 croit
1891 2814 133 88 qu'il
2092 2811 84 92 n'en

746 2951 271 96 reviendra
1089 2960 162 81 pas.

914 3064 144 100 M^re
1109 3064 41 109 de
1193 3062 295 111 fiedmond
1532 3071 39 84 et
1623 3056 197 96 Préville
1895 3070 325 87 annoncent

758 3225 85 68 que
912 3198 29 84 la
1024 3193 317 100 destruction
1424 3192 36 97 de
1515 3216 72 70 ces
1655 3185 246 98 scélerats
1965 3185 56 79 est
2077 3181 84 98 duë
2210 3206 21 64 à
