3200 3568
65 353 35 91 ix
184 352 259 100 reponses

51 661 105 82 roue
243 658 130 85 qu'il

97 983 43 75 un
211 984 227 72 Arrest

71 1136 0 59 a
133 1114 43 74 s^r
225 1104 276 83 Romain

137 1264 38 88 de
255 1272 118 77 cette

64 1436 137 93 ution
279 1418 40 91 de
369 1415 135 101 leurs

59 1626 32 92 en
155 1599 303 117 prejudice

81 1765 259 114 prescrits
385 1765 110 112 par

80 1918 116 103 effet
273 1920 158 101 que–

58 2087 221 95 écution
340 2074 226 91 provisoine

57 2228 61 94 les
194 2225 175 112 motifs

67 2408 157 79 ent.

102 2570 34 70 et
182 2556 42 87 le
270 2551 34 93 s^r
350 2527 43 112 Le
422 2521 122 119 Goux

98 2703 276 118 fonctions
422 2709 49 83 de

74 2875 152 121 iction
321 2867 196 132 jusqu'a

1193 383 28 88 ce
1273 376 119 91 qu'il
1457 386 34 84 en
1563 384 67 89 ait
1682 384 99 93 esté
1853 386 337 91 autrement
2283 388 297 94 ordonne–

1204 547 106 97 par
1360 513 44 127 sa
1509 509 200 115 Mas^e

1194 666 49 102 Le
1309 666 33 95 S^r
1383 666 50 100 Le
1482 664 165 97 Noir
1721 675 288 98 Nottaire
2091 699 0 63 a
2165 698 157 84 aussy
2371 679 99 101 esté
2511 660 197 118 jnterdit

1192 844 138 101 pour
1376 832 54 104 six
1530 846 192 81 mois,
1783 829 378 108 Ausurplus
2221 826 32 103 Il
2307 842 0 62 a
2368 833 100 76 esté
2513 823 171 86 donné

1190 1000 101 81 acte
1363 1003 50 75 au
1485 989 295 99 Procureur
1852 999 224 95 général
2154 987 45 94 de
2248 989 166 101 l'apel
2478 997 196 75 comme

1184 1135 157 98 d'abus
1449 1135 116 117 qu'il
1631 1160 0 98 a
1697 1138 307 120 jnterjetté
2070 1135 33 97 de
2161 1137 41 96 la
2293 1135 323 123 celebration

1180 1312 46 80 du
1309 1314 244 107 mariage
1629 1315 46 87 en
1751 1308 251 113 question
2079 1309 38 110 et
2162 1316 137 103 pour
2376 1314 0 92 y
2436 1308 176 79 estre–

1172 1447 101 130 fait
1319 1457 128 110 droit
1539 1454 37 119 Il
1631 1456 101 125 luy
1787 1484 0 58 a
1860 1465 101 114 esté
2025 1448 202 129 permis
2291 1445 46 128 de
2401 1445 147 134 faire

1171 1619 256 109 jusinuer
1507 1645 88 93 qui
1639 1615 89 129 bon
1808 1618 97 124 luy
1958 1613 433 119 sembleroit.

1179 1807 150 84 M.
1371 1802 42 107 de
1463 1789 360 123 Champigny
1873 1802 34 81 et
1965 1787 344 116 Dorgeville
2401 1800 284 106 marquent

1182 1969 89 102 que
1315 1953 45 118 le
1413 1942 134 131 Con^e
1600 1945 302 126 superieur
1982 1940 98 98 s'est
2143 1940 311 101 determiné
2525 1960 0 78 a
2587 1945 89 120 vser

1173 2113 40 102 de
1261 2101 233 115 severité
1567 2126 0 75 a
1623 2099 209 117 l'egard
1904 2104 40 94 de
2000 2130 73 70 ces
2161 2110 128 108 deux
2378 2099 265 119 Officiers

1180 2279 78 94 que
1312 2265 55 83 les
1428 2265 264 93 dernieres
1808 2263 233 109 affaires
2148 2264 156 103 qu'ils
2365 2281 79 68 ont
2497 2277 48 72 eu
2621 2272 55 73 au

1156 2430 265 118 Conseil,
1458 2427 73 134 les
1576 2424 320 137 frequentes
1960 2443 184 114 prises
2233 2448 2 95 a
2306 2432 293 113 partye–

1179 2595 314 98 ausquelles
1600 2594 67 97 Ils
1721 2601 73 73 ont
1861 2592 194 95 donné
2115 2591 114 88 lieu
2330 2608 26 68 et
2410 2589 67 75 les

1163 2757 392 142 continuelles
1632 2751 372 145 jnjonctions
2111 2750 157 123 qu'on
2335 2750 60 84 est
2452 2745 197 114 obligé
