3200 3816
991 388 56 84 De
1102 385 141 93 Dame
1346 411 127 82 marie
1525 377 247 114 Jourdant
1840 373 175 116 Jayeux
2085 375 190 94 ayeulle
2338 395 32 60 de
2417 373 39 86 la

998 508 93 77 dette
1160 502 305 108 demandresse
1527 503 37 101 en
1598 505 99 94 datte
1753 521 44 79 du
1838 521 65 76 dix
1951 496 107 105 sept
2106 497 44 82 de
2198 493 30 90 Ce
2276 498 199 86 mois,

964 637 39 89 il
1083 644 29 114 ne
1165 650 94 108 peut
1330 623 55 91 La
1522 633 129 119 spee
1741 616 29 132 de
1851 617 192 118 panfier
2106 633 1 74 a
2161 609 376 130 Luppata.

975 759 97 103 qu'il
1137 756 134 94 passe
1314 752 164 104 devant
1542 746 163 109 Cazalie
1778 752 30 89 et
1866 750 266 85 neuuille,
2168 752 30 72 et
2264 754 74 65 par
2396 737 38 84 la

972 869 120 99 lettre
1166 888 54 69 des
1278 863 151 99 sieurs
1532 868 158 83 michel
1757 858 135 100 frerd
1966 854 158 104 aisnee
2176 866 37 70 de
2258 848 135 91 lad.

975 964 343 105 Demandresse
1391 992 38 66 de
1465 984 16 78 la
1532 966 239 91 Chassagne
1851 948 61 104 son
1970 963 135 82 Beau
2178 941 172 105 frere,
2385 941 39 98 Et
2466 932 121 95 Preval

969 1076 60 113 son
1076 1084 140 103 oncle
1313 1089 205 96 maternee
1589 1104 35 69 en
1670 1069 117 102 Datte
1858 1087 42 69 du
1947 1062 148 101 vingt
2152 1052 172 91 octobre
2404 1051 156 112 dernier

962 1202 44 101 Et
1081 1216 61 111 dix
1182 1197 105 125 sept
1369 1202 27 90 de
1454 1194 27 100 ce
1530 1197 88 103 mois
1709 1193 28 102 Il
1811 1190 28 120 ne
1897 1218 86 88 peut
2058 1178 61 104 se
2159 1180 240 96 Dispenser
2476 1189 42 86 de

968 1332 208 122 perfister
1242 1344 2 72 a
1319 1322 311 125 Lapposition
1697 1318 104 114 qu'il
1894 1339 2 98 a
1961 1318 182 117 formee
2220 1333 1 61 a
2263 1310 26 84 la
2357 1319 238 93 publication

997 1458 76 89 des
1133 1463 129 82 Bans
1337 1460 122 79 dud.
1503 1435 137 108 Sieur
1715 1435 159 108 Lamur
1950 1471 83 60 avec
2115 1438 24 94 la
2198 1425 266 107 demoiselle

980 1591 236 99 michel;
1266 1580 33 109 Et
1358 1587 76 100 par
1509 1579 190 104 heussay
1751 1585 1 69 a
1810 1566 100 98 Este
1999 1573 64 95 dit
2136 1580 77 90 que
2294 1560 55 83 les
2401 1583 159 79 moyens

979 1727 324 100 Dapposition
1366 1717 185 101 allegue
1606 1721 76 93 par
1730 1705 96 85 led.
1883 1698 119 93 Sieur
2078 1691 54 84 De
2167 1700 31 80 la
2262 1688 234 84 Chausse
2554 1702 37 66 ne

967 1878 102 72 sont
1129 1866 95 86 pas
1279 1850 286 102 suffisant
1633 1856 52 70 ny
1767 1829 215 91 valable
2072 1831 95 87 pour
2227 1817 236 106 Empecher
2525 1811 37 86 le

1003 1977 184 91 mariage
1269 1959 109 102 Dont
1445 1967 23 91 Il
1559 1948 207 114 Sagist,
1809 1946 41 108 Et
1917 1966 70 88 que
2069 1948 32 75 le
2161 1941 389 96 Consentement

979 2097 82 76 des
1114 2086 143 97 autres
1310 2092 238 89 parents,
1588 2100 122 78 ainsy
1763 2094 88 80 que
1906 2083 175 86 celuy
2127 2089 55 70 du
2223 2073 162 86 Sieur

977 2198 30 94 la
1053 2206 256 89 Chausee,
1385 2196 105 90 Doit
1558 2194 159 110 suffir
1777 2223 106 81 pour
1951 2202 75 82 luy
2094 2190 227 96 accorder
2396 2189 60 92 led

957 2318 324 88 Conclusions
1391 2335 37 65 de
1465 2317 44 93 sa
1575 2323 228 96 Requste
1891 2348 169 73 aquoy
2132 2334 31 78 il
2228 2312 317 105 persiste;

971 2459 79 79 sur
1122 2460 117 81 quoy
1306 2440 60 78 veu
1457 2442 113 97 lad.
1615 2443 235 109 Requeste
1916 2460 32 78 et
2014 2452 55 87 les
2128 2455 130 101 Lettre
2339 2457 244 103 rapportees

985 2569 93 87 sur
1155 2565 24 92 le
1209 2566 195 97 Bureau
1465 2575 78 89 par
1604 2571 57 100 les
1727 2583 280 88 partyes,
2045 2594 24 73 le
2107 2588 87 85 tout
2262 2578 280 93 consideres

971 2683 426 123 Conformement
1467 2695 91 80 aux
1627 2690 312 121 Conclusions
1973 2709 46 103 du
2088 2714 267 88 procureur
2425 2722 64 76 du

945 2818 107 95 Roy
1168 2815 124 99 sans
1372 2824 125 78 avoir
1577 2815 149 110 Egard
1787 2831 9 101 a
1848 2817 344 138 lapposition
2252 2830 189 125 formee
2493 2857 73 90 par

974 2931 94 97 led.
1117 2933 137 100 Sieur
1317 2959 30 72 de
1395 2948 23 92 la
1468 2943 230 94 Chausse
1774 2970 38 72 au
1903 2971 194 81 mariage
2168 2963 158 85 dEntre
2390 2946 130 96 led.

967 3075 119 81 Sieur
1174 3057 179 103 Lamure
1411 3066 38 73 Et
1515 3059 127 80 lad.
1679 3061 343 96 demandresse
2109 3088 105 70 avec
2273 3070 105 87 led.
2414 3058 105 100 Siin

977 3203 272 102 L'amuere,
1293 3184 44 127 En
1381 3185 280 126 Consegonnee
1731 3204 81 107 que
1854 3193 63 103 leus
1950 3214 125 83 cmns
2134 3194 169 128 foucant
2371 3205 204 110 peubleiee
