3200 3824
881 418 54 61 La
987 418 143 57 meritér
1200 413 91 73 pour
1351 394 82 98 vous
1511 412 161 78 prouver
1751 367 170 99 Combien
1983 355 71 118 J'ay
2107 352 213 130 L'honneur
2374 350 151 128 d'Estre

920 528 81 77 avec
1082 539 62 56 une
1206 510 218 92 parfaitte
1485 509 182 91 Estime
1753 511 212 83 Monsieur
2027 505 32 74 Et
2101 510 76 81 tres
2225 503 113 86 Chere
2388 516 112 71 oncle

904 639 137 106 Vostre
1087 648 68 84 très
1192 635 182 101 humble
1434 649 30 78 Et
1516 635 63 91 trés
1621 624 207 104 obeissant
1885 619 221 104 serviteur
2165 610 138 108 signé
2376 630 17 58 à

914 774 221 68 Loriginal
1187 745 146 105 Chery
1377 743 32 89 de
1438 743 32 87 la
1515 743 206 94 Chaussée
1781 739 32 77 Ce
1880 739 108 110 vingt
2048 746 100 102 sept
2193 739 77 107 Juin
2360 749 70 68 mil

896 894 103 91 sept
1061 867 84 76 cent
1225 860 113 90 vingt
1390 869 114 106 neuf
1545 844 32 104 et
1637 843 95 98 dans
1793 838 66 128 lad
1905 837 91 126 lettre
2060 852 46 103 est
2180 829 146 122 jnclus
2381 837 119 115 Lecrit

929 979 58 76 qui
1049 968 133 82 suit.

328 1066 256 104 Consentement
626 1073 23 87 du
677 1066 38 89 S^r
757 1081 38 68 de
830 1085 23 57 la
939 1053 176 101 Comme
1202 1054 197 95 Curateur
1471 1059 30 85 de
1552 1048 299 102 Mademoiselle
1924 1044 189 106 francoise
2200 1058 132 86 michel
2412 1055 36 82 Et

926 1151 125 110 ayant
1114 1150 220 109 souhaité
1396 1161 24 90 de
1482 1147 212 106 sétablir
1741 1171 78 84 avec
1889 1162 212 86 Monsieur
2194 1142 261 111 Lamure,

929 1291 15 72 à
970 1282 49 83 Cet
1079 1280 90 89 Effet
1222 1275 29 97 Je
1303 1274 64 100 luy
1412 1282 137 72 donne
1617 1282 69 68 mon
1746 1269 314 89 Consentement
2127 1281 83 62 pour
2284 1281 110 53 faire

902 1389 237 104 Publier
1186 1393 45 93 ses
1271 1387 102 80 bans
1449 1378 229 106 aussytost
1747 1387 135 88 quelle
1966 1369 278 90 sonhaittera
2349 1379 93 56 pour

923 1486 48 102 son
1073 1512 239 83 mariage,
1357 1480 72 86 fait
1484 1503 40 59 au
1602 1476 191 102 Prescheur
1864 1492 16 66 le
1935 1474 119 110 vingt
2109 1480 111 103 sept
2291 1470 95 95 juin

939 1614 54 79 mil
1067 1600 91 108 sept
1216 1607 128 83 cent,
1388 1598 113 95 vingt
1553 1586 150 108 neuf,
1732 1583 129 112 signé
1897 1583 1 85 a
1949 1582 211 109 Loriginal
2234 1580 210 93 Cherry–

940 1739 48 67 La
1044 1710 240 99 Chaussée,
1310 1727 26 71 et
1399 1707 77 82 sur
1533 1703 31 82 la
1630 1699 304 104 Suscription
1992 1713 31 83 de
2052 1697 104 93 lad.
2214 1693 127 94 Lettre
2407 1693 82 102 Est

931 1829 106 94 Ecrit
1114 1861 2 64 a
1184 1831 190 87 Monsieur
1443 1837 198 76 Monsieur
1703 1832 85 75 Du
1830 1837 113 81 Bois
2027 1838 21 76 se
2083 1820 182 96 cretaire
2335 1818 43 102 du
2420 1829 91 91 Roy

945 1947 156 96 Maison
1224 1958 186 83 aronne
1474 1944 32 95 de
1577 1928 133 108 france
1775 1946 38 67 et
1878 1949 38 67 de
1966 1922 68 105 ses
2090 1918 193 103 finances
2333 1937 82 79 sr

955 2076 66 78 ses
1082 2073 116 87 terres
1254 2079 2 79 a
1323 2076 40 71 la
1419 2062 318 90 Bassepointe

346 2271 106 89 michel
484 2276 0 77 a
516 2262 122 94 dem^lle
694 2260 130 83 michel
912 2249 212 119 J'ay
1171 2249 131 96 Recue
1375 2281 32 50 ma
1496 2248 73 82 here
1609 2265 146 65 Sœure
1820 2246 56 84 La
1924 2245 147 115 tostre
2119 2273 89 85 par
2257 2252 219 101 laquelle

952 2360 212 109 Japprend
1220 2387 84 66 auxc
1359 2351 74 97 bin
1498 2353 49 85 de
1588 2355 32 113 la
1677 2370 139 98 Joye,
1857 2356 146 109 Vostre
2085 2360 358 93 Etablissement

939 2498 73 61 avec
1091 2484 205 90 Monsieur
1376 2486 39 76 La
1481 2482 146 92 Mure,
1653 2479 99 95 Cela
1825 2490 39 69 me
1911 2477 86 89 fait
2056 2502 33 60 un
2155 2487 212 82 veritable
2426 2494 0 56 –

934 2568 203 102 plaisir,
1164 2566 24 97 et
1238 2573 31 95 Je
1298 2566 82 87 vous
1440 2598 29 66 en
1529 2568 74 104 fait
1677 2570 67 68 mon
1803 2568 341 106 Compliment;
2189 2582 29 87 Je
2255 2570 97 79 vous

922 2680 195 85 souhaite
1177 2684 65 82 bien
1307 2680 42 70 du
1420 2681 326 85 Consentement
1818 2700 95 58 dans
2008 2678 131 86 vostre
2227 2685 268 83 mariage;

923 2771 130 90 quand
1112 2787 0 54 a
1200 2779 88 79 Mon
1348 2775 223 86 agrement
1625 2788 67 78 que
1767 2797 87 65 vous
1922 2778 33 85 me
2023 2778 317 102 demandez,
2374 2783 108 97 Cest

931 2884 64 96 peu
1074 2876 33 82 de
1158 2876 122 86 Chose
1346 2884 33 84 jl
1431 2890 83 62 vous
1552 2884 45 67 est
1650 2878 83 73 tout
1785 2886 189 96 acquit,
2018 2878 31 102 Et
2109 2878 31 101 je
2193 2878 150 96 Croist
2410 2893 84 91 que

936 3004 94 69 vous
1124 3011 32 97 ne
1210 3000 165 108 pouviez
1437 3005 79 103 pas
1602 3000 133 104 mieux
1813 2991 164 113 faire;
2009 2991 31 89 Je
2071 2991 86 94 vous
2236 2992 78 96 prie
2384 2998 173 92 dassurer

932 3103 43 85 de
1062 3119 81 71 mon
1187 3111 174 84 Respect
1423 3122 12 51 à
1479 3116 68 57 mon
1603 3110 174 80 oncle;
1808 3110 37 89 Et
1895 3110 80 87 suis
2050 3112 81 80 trés
2180 3114 361 87 veritablement

332 1162 165 92 Chaussée
552 1162 34 80 du
627 1166 21 98 27
689 1164 82 100 Juin

337 1255 97 106 1729

334 2162 93 115 Lettre
448 2166 36 104 de
515 2165 19 114 de
565 2167 68 101 m^llte
664 2158 76 116 marie
789 2162 60 113 Roz

335 2346 84 79 chez
461 2344 41 71 M^r
548 2336 174 81 Dubois

342 2420 37 111 du
433 2434 36 101 20
506 2417 78 106 Juin
605 2415 94 113 1729

2898 442 92 74 RCHIN

2607 666 84 120 fettre
2728 664 36 110 du
2802 694 91 82 sieur
2931 697 26 66 la

2606 775 104 94 ad^lle
2745 775 119 104 michel
2914 776 82 97 Chez

2622 882 40 81 du
2710 878 0 75 8
2758 865 127 102 aoust
2941 862 56 117 177

927 3215 65 101 ma
1036 3203 127 115 Chere
1230 3204 126 79 Saure
1442 3201 140 88 vostre
1644 3201 62 85 trés
1745 3201 178 109 humble
2001 3199 194 115 servante
2250 3207 147 107 signé
2459 3199 16 88 à

923 3337 238 91 Loriginal
1243 3327 120 87 Marie
1409 3331 110 103 Rose
1581 3330 173 91 michel,
1776 3324 25 81 ce
1839 3322 95 107 vingt
1980 3350 102 89 neuf
2128 3334 72 96 Juin
2277 3342 48 95 mil
2379 3332 126 105 sept

1664 3456 66 172 44

2626 2256 107 87 Lettre
2759 2256 30 76 du
2829 2237 37 95 S^r
2884 2232 38 100 La
2954 2228 46 104 Vin

2615 2343 85 90 sœur
2745 2340 27 76 la
2803 2349 87 77 miere
2952 2332 41 94 bu

2613 2423 106 187 7729

2621 3250 92 98 Lettre
2762 3274 28 76 du
2819 3263 28 88 S^r
2882 3251 78 102 Gay
2995 3273 0 81 a

2628 3356 120 91 michel
2810 3369 30 79 du
2866 3350 23 101 8^
2929 3358 85 89 Nous

2634 3431 113 121 1729
