3200 3560
921 361 277 143 appellant
1273 355 187 143 d'Office
1536 350 31 103 de
1604 348 178 120 l'ord^e
1819 345 42 132 du
1926 342 129 138 Juge
2120 331 141 143 dud.
2296 330 101 125 Jour

922 520 67 94 31.
1037 510 283 100 Decembre
1391 506 38 104 Et
1470 505 74 105 sur
1586 503 58 104 ses
1694 504 318 97 conclusions
2054 499 30 87 jl
2155 509 153 64 fut–

919 645 205 107 ordonne
1198 648 247 109 qu'avant
1510 632 133 115 faire
1699 632 125 106 droit
1897 635 42 114 le
1996 628 108 118 Juge
2168 660 34 57 et
2251 636 42 80 le

904 787 320 113 Procureur
1304 785 39 104 du
1405 783 137 128 Roy
1597 781 227 120 seroient
1925 782 236 123 mandez
2216 787 136 118 pour

922 940 112 100 estre
1085 931 245 107 entendus
1397 933 67 105 sur
1516 929 59 105 les
1627 935 222 99 nullitez
1916 933 297 89 resultantes
2265 929 51 81 de

908 1080 137 130 leurs
1088 1073 316 134 procedures
1509 1077 38 106 Et
1608 1092 82 99 que
1732 1072 38 89 le
1831 1068 38 90 S^r
1911 1059 38 87 Le
1992 1060 163 93 Noir
2209 1062 215 97 Nottaire

928 1256 77 85 qui
1059 1246 119 96 avoit
1254 1254 146 81 receu
1462 1238 35 88 le
1566 1244 250 91 contract
1898 1231 36 88 de
1982 1233 334 96 Mariage–

915 1380 145 125 seroit
1128 1382 408 123 pareillement
1629 1380 255 110 mande.

948 1570 59 58 Le
1065 1536 49 102 S^r
1139 1532 282 119 Romain
1488 1550 299 98 jnterrogé
1868 1535 51 95 1^e
1985 1524 284 121 Pourquoy
2317 1523 34 99 Il

925 1696 119 84 avoit
1098 1692 167 87 donné
1336 1681 284 112 mainlevée
1697 1679 33 99 de
1776 1677 326 112 l'opposition
2162 1671 50 109 du
2248 1669 169 114 Curateur

922 1837 116 90 sans
1077 1836 238 84 ordonner
1381 1836 62 93 au
1477 1848 277 80 paravant
1827 1845 89 76 que
1969 1829 68 77 les
2104 1824 190 96 moyens

921 1971 338 123 d'opposition
1326 1969 211 125 fussent
1604 1975 320 107 examinez
2017 1977 118 113 par
2203 1984 92 66 une

926 2136 106 75 avis
1075 2112 46 93 de
1164 2104 212 121 Parens,
1419 2094 310 130 Repondit
1826 2109 115 114 qu'il
1994 2112 123 92 avoit
2188 2090 220 127 regardé

918 2274 59 69 ces
1035 2277 191 95 moyens
1278 2280 205 67 comme
1571 2271 81 102 une
1718 2286 139 87 pure
1938 2264 272 86 chicanne
2290 2264 52 66 de

908 2406 45 123 la
1003 2415 118 114 part
1188 2405 44 89 du
1290 2403 283 120 Curateur
1639 2412 137 109 pour
1852 2402 281 119 empecher
2217 2420 43 64 ce

934 2551 260 109 Mariage
1273 2551 70 113 qui
1399 2555 39 83 ne
1485 2549 87 115 luy
1635 2550 213 112 plaisoin
1903 2554 189 108 pas.

785 2681 72 104 2^°
929 2681 136 98 S'il
1129 2705 41 75 ne
1234 2685 200 111 scavoit
1482 2698 96 98 pas
1682 2700 80 94 que
1826 2677 32 99 le
1922 2692 401 88 consentement

935 2836 50 107 du
1027 2831 259 121 Curateur
1352 2846 42 106 en
1453 2842 342 108 conséquence
1870 2826 92 114 d'un
2037 2833 100 85 avis
2196 2834 41 81 de

2941 786 0 84 3

2673 1240 0 0 6
