3232 3656
155 279 127 72 oissin
331 280 222 74 larmoire

160 359 261 89 uellement
463 366 116 84 dans

156 449 102 87 aison
329 449 36 70 de
437 465 65 66 ma

159 628 76 77 evre
332 623 140 80 metre

150 715 47 63 out
233 721 25 58 ce
300 725 77 63 qui
465 722 62 62 me

160 810 204 57 trocuvera
468 807 49 54 me

170 896 16 61 ce
237 883 56 73 des
338 881 194 72 services

170 994 28 64 de
269 992 49 63 M^r
345 990 17 76 le
395 986 175 78 Jeneral

156 1075 35 62 na
256 1062 82 75 tou
379 1062 82 83 jour
508 1057 77 84 fait

153 1178 117 65 hand
331 1181 56 65 au
448 1171 111 72 fort

177 1257 56 75 ma
287 1257 150 77 Garde
470 1257 94 58 robe

154 1351 119 50 rievre
356 1349 87 52 mon
497 1348 101 53 ansi

159 1425 139 73 astage
343 1432 130 63 antre
532 1440 45 59 uns

181 1507 112 74 bous
346 1521 127 62 amis
526 1507 80 77 telle

155 1706 15 67 le
231 1706 138 69 Cleron
425 1704 96 72 fille
562 1706 41 71 du

150 1808 126 60 iuune
318 1797 40 67 de
444 1794 127 68 mille

167 1887 0 68 s
218 1897 51 56 en
324 1878 71 72 sera
446 1879 91 68 fait

185 1984 63 72 Sur
311 1984 230 83 lopital

217 2076 280 73 Capucins

152 2189 36 67 la
247 2175 118 87 petite
418 2177 143 83 fieulle

166 2264 38 77 e,
228 2264 31 87 et
303 2277 37 77 je
402 2266 87 86 prie

185 2382 79 61 que
315 2372 23 63 le
366 2370 193 81 reverand

157 2457 53 75 eds
259 2464 109 69 peres
411 2461 188 95 Capnins

158 2539 73 76 acer
280 2542 282 82 solidement

180 2638 391 89 l'etablissement

157 2725 1 91 t
208 2727 1 78 a
260 2729 88 81 cette
431 2737 76 78 bon

156 2824 101 92 toute
294 2830 151 88 paurre
495 2829 101 83 fille.

161 2966 63 65 qui
260 2972 27 60 ce
323 2961 242 76 trouveront

168 3034 48 79 du
273 3041 116 73 cotte
447 3045 52 70 de

176 3150 44 276 me
480 3125 4 301 l

1087 324 23 72 la
1172 324 97 78 mort
1336 324 35 78 de
1432 327 80 78 feut
1591 333 96 75 mon
1744 344 91 60 pere
1897 337 91 74 avec
2039 331 119 78 sieur
2226 336 266 80 Bericard

1091 400 113 93 natif
1242 402 42 95 du
1336 403 496 94 poitreuDauphine
1918 418 317 85 dependane
2281 424 40 69 du
2361 414 244 93 bailliage

1085 493 45 68 du
1175 493 91 81 huit
1323 504 91 72 pret
1493 499 29 64 de
1573 494 153 81 Sainte
1794 494 108 81 Jalle
1964 496 210 81 laquelle
2225 498 74 72 ditte
2383 501 165 66 marie

1080 572 189 68 Bernard
1324 572 34 79 on
1401 575 128 76 asure
1590 581 133 68 quelle
1772 577 45 66 est
1882 574 184 72 decedee
2132 583 0 68 a
2187 575 34 66 la
2282 584 111 63 ville
2470 583 67 59 de

1082 649 279 86 Carpentras
1421 660 41 67 au
1510 656 202 74 Conptat
1772 656 35 60 de
1855 659 250 82 Venoissin
2164 659 185 83 depuis
2396 667 220 78 quelques

1094 735 142 67 annee
1305 740 32 58 et
1405 736 32 68 ne
1495 737 248 66 sachant
1812 734 21 72 le
1907 740 211 70 nombre
2171 737 243 77 d'enfants
2467 741 137 74 quelle

1081 804 106 72 aura
1255 800 174 91 laissoit
1510 802 31 87 je
1610 803 100 79 leur
1759 808 137 87 legue
1965 819 0 59 a
2021 808 99 89 tous
2189 814 137 77 mille
2388 814 168 76 livres

1081 887 166 75 argent
1306 894 27 72 de
1391 889 139 71 France
1621 891 64 73 cet
1728 903 0 60 a
1787 897 96 69 dire
1974 898 144 76 mille
2177 900 193 76 livresa
2412 901 193 70 chacun

1086 978 30 73 de
1169 978 101 86 tous
1318 984 65 60 ses
1419 976 208 84 enfants
1681 976 71 84 que
1818 977 166 81 ladite
2074 981 154 81 Marie
2306 981 261 76 Bernard

1092 1074 109 82 aura
1272 1067 174 90 laissoit
1529 1068 19 71 a
1600 1064 83 92 son
1728 1064 122 89 deces
1921 1083 32 75 et
2011 1088 32 57 je
2088 1070 186 88 suplie
2358 1069 283 90 Monseigneur

1079 1155 177 78 l'Eveque
1334 1155 38 82 de
1413 1155 31 77 la
1522 1160 86 79 ville
1674 1157 37 78 de
1778 1157 322 86 Carpentraf
2155 1163 279 78 d'ordonner
2482 1178 18 63 a
2543 1163 55 73 son

1089 1255 126 73 grand
1272 1255 196 83 viquaire
1531 1265 28 57 et
1617 1257 109 69 cure
1789 1265 40 59 de
1887 1265 28 65 la
1973 1249 218 81 Paroisse
2254 1249 40 78 de
2352 1257 34 60 la
2461 1247 109 73 ville

1076 1343 28 74 de
1155 1342 319 80 Carpentras
1547 1342 40 65 de
1654 1342 286 83 s'informer
2018 1347 438 75 charitablement
2523 1342 56 67 de

1074 1448 88 63 cette
1217 1448 162 63 pauvre
1434 1448 198 65 famille
1706 1448 42 55 ou
1794 1448 69 61 elle
1918 1448 23 62 ce
2006 1448 152 63 trouve
2213 1448 33 52 et
2301 1448 217 63 combien

1082 1521 235 87 d'enfants
1364 1522 35 70 et
1458 1521 88 78 leur
1611 1523 112 75 faire
1788 1526 235 69 distubuer
2076 1522 18 71 a
2147 1521 200 85 chacuu
2394 1529 23 79 la
2464 1522 147 82 somme

1079 1616 31 63 de
1197 1615 105 64 mille
1352 1611 131 75 livres
1551 1617 31 73 et
1638 1613 37 85 sa
1725 1613 242 85 grandeur
2035 1606 119 89 ainsi
2203 1617 62 78 que
2334 1610 93 71 tout
2477 1615 93 75 ceux

1080 1726 64 62 qui
1209 1710 341 85 s'employeront
1655 1708 18 59 a
1726 1711 88 75 cette
1890 1714 135 71 euvre
2067 1706 29 71 de
2155 1705 199 72 charite
2425 1704 117 77 Dieu

1080 1801 95 77 leur
1222 1802 256 75 entiendra
1543 1802 190 84 compte
1817 1806 178 82 jespere
2060 1803 48 72 du
2161 1803 107 80 selle
2351 1803 220 87 innfins

1081 1909 27 71 de
1200 1903 184 68 mondit
1444 1905 233 78 Seigneur
1742 1907 200 78 l'eveque
1996 1921 33 55 et
2083 1917 309 71 archeveque
2430 1919 206 71 importibus

1076 1992 24 81 de
1130 1996 30 77 la
1221 1992 66 85 dite
1365 1994 90 69 ville
1528 1992 36 80 de
1618 1990 331 89 Carpentras
2027 2004 66 71 qui
2178 1994 174 80 voudra
2430 1994 91 81 bien

1071 2100 29 76 ce
1158 2094 149 82 pretter
1365 2101 17 55 a
1428 2094 92 66 cette
1577 2094 156 73 bonne
1807 2111 132 60 euvre
2037 2099 127 80 ainsi
2215 2105 69 72 que
2365 2104 63 69 M^r
2480 2099 40 68 Le
2549 2099 86 64 cure

1082 2183 24 77 de
1141 2183 30 72 la
1224 2190 84 76 ditte
1367 2183 202 83 parroisse
1640 2188 30 75 de
1706 2183 29 64 la
1789 2185 89 61 ville
1943 2189 36 57 de
2044 2183 346 80 Carpentras.

1128 2295 102 80 Itam
1320 2295 37 87 Je
1399 2295 132 84 lague
1603 2299 24 80 a
1711 2313 60 55 M^r
1813 2302 235 82 Duminy
2096 2297 132 84 chaif
2276 2295 36 74 de
2354 2296 163 88 Caisse
2565 2308 30 62 de

1064 2391 205 73 Mondit
1315 2386 146 93 Seigner
1500 2390 219 87 leveque
1778 2398 33 70 de
1871 2386 304 91 Carpentras
2234 2386 101 80 trois
2380 2386 113 88 cents
2532 2384 94 90 livres

1066 2486 179 89 argent
1288 2486 37 80 de
1374 2486 154 81 France
1589 2489 43 77 en
1700 2484 437 89 reconnoissance
2186 2485 74 64 des
2346 2484 221 83 marques

1084 2582 227 80 d'amitie
1383 2583 111 79 qu'il
1577 2586 61 73 ma
1699 2580 205 80 toujours
1964 2579 211 77 donne.

1107 2687 108 85 Item
1301 2684 21 93 Je
1362 2683 122 92 legue
1551 2701 14 75 a
1646 2690 54 80 M^r
1773 2681 189 97 Deydier
2077 2692 107 81 metre
2285 2684 236 85 menissier

1069 2783 0 74 a
1125 2778 314 91 Carpentras
1558 2780 106 86 mille
1733 2778 151 91 livres
1946 2784 169 87 argent
2172 2783 44 79 de
2278 2784 163 76 France
2491 2795 88 63 pour

1073 2866 49 101 les
1157 2878 218 89 agreables
1424 2867 189 100 services
1676 2871 119 84 qu'il
1894 2896 56 64 ma
2006 2861 238 93 souvante
2314 2861 78 91 fois
2441 2882 154 71 rendu

1079 2974 26 80 et
1158 2967 26 88 je
1229 2969 27 95 le
1301 2971 85 93 prie
1432 2976 46 88 de
1563 2969 111 95 faire
1733 2967 91 78 dire
1903 2971 72 67 une
2079 2967 144 97 messe
2308 2973 105 72 pour
2452 2969 20 78 le
2504 2967 98 91 repot

1080 3063 33 92 de
1195 3069 88 82 mon
1343 3070 109 59 ame
1533 3062 34 74 et
1634 3062 34 100 je
1695 3081 27 81 le
1763 3081 81 81 prie
1932 3065 115 87 detre
2114 3064 230 98 conptant

1156 3152 233 106 Itim-Je
1433 3157 124 102 legue
1622 3174 15 83 a
1702 3154 139 79 notre
1906 3158 168 69 dame
2140 3156 65 88 des
2256 3158 192 105 Santte
2496 3158 105 87 pour
