3136 3688
992 539 59 98 des
1118 532 387 115 e패tablissements
1614 557 118 90 dans
1799 542 34 115 le
1900 532 151 125 grand
2118 532 211 103 bois.

1109 658 156 97 Nous
1350 673 148 95 avons
1575 657 303 113 e패galement
1956 657 302 115 l'honneur
2328 661 47 89 de
2414 678 92 87 vous

988 778 179 87 rendre
1236 778 206 100 compte
1518 776 448 94 Monseigneur,
2021 797 124 69 qu'un
2200 772 235 95 Mulatre

983 876 171 99 esclave
1232 887 42 104 de
1317 911 0 74 M
1480 872 52 118 Le
1582 871 113 124 ch^er
1745 870 44 110 de
1840 888 292 107 Behagues
2226 909 77 60 par

980 1008 201 98 l'espoir
1266 1003 37 93 de
1344 1006 37 92 la
1446 1012 372 92 recompense,
1846 1012 129 77 nous
2032 1021 0 60 a
2104 995 186 98 aporte패
2339 996 51 87 la

988 1098 79 104 te팩te
1139 1102 87 100 daus
1298 1113 224 86 Nomme패
1594 1109 217 93 Jeannot
1890 1099 123 102 chef
2085 1095 115 93 d'une
2251 1094 173 98 bande

989 1243 72 94 qui
1119 1229 116 97 etoit
1329 1239 159 92 maron
1573 1230 182 98 depuis
1848 1223 37 94 14
1957 1239 123 85 ans,
2131 1245 72 77 qui
2275 1235 130 75 avoit

981 1337 75 84 e패te패
1116 1339 262 98 rencontre패
1460 1337 247 104 plusieurs
1812 1334 90 100 fois
1991 1349 83 89 par
2149 1336 74 88 des

986 1438 397 106 de패tachements
1484 1445 36 99 et
1600 1450 122 83 me팩me
1816 1452 123 83 avoit
1990 1446 72 89 e패te패
2120 1438 151 99 blese패
2329 1449 123 89 sans

985 1579 200 80 jamais
1288 1583 131 82 avoir
1509 1582 55 80 pu
1626 1563 255 98 decouvrir
1957 1565 82 96 son
2101 1561 386 98 e패tablissement

982 1684 139 85 nous
1208 1700 38 64 ne
1296 1683 214 91 doutons
1617 1700 75 68 pas
1799 1692 81 80 que
1956 1683 106 80 cette
2144 1684 107 85 mort
2326 1688 38 80 ne

984 1786 124 107 fasse
1181 1785 168 104 rendre
1415 1784 255 104 beaucoup
1758 1817 36 67 de
1867 1804 153 83 ne패gres
2115 1789 37 91 de
2181 1800 29 79 sa
2261 1778 168 97 bande

983 1922 43 67 en
1089 1920 29 83 se
1181 1901 198 101 voyant
1457 1907 141 94 sans
1682 1897 122 104 chef
1921 1897 151 92 Nous
2177 1909 128 79 vous

983 2026 336 85 demandons
1410 2024 490 104 Monseigneur,
1963 2048 112 69 pour
2173 2036 49 67 ce

969 2130 262 96 mulatre
1285 2130 49 82 la
1413 2135 127 108 me팩me
1619 2146 143 97 grace
1857 2148 72 93 que
1976 2144 111 85 pour
2143 2124 32 96 le
2229 2127 255 88 premier.

1982 2209 186 74 l'honneuae

1120 2253 158 93 Nous
1373 2260 151 74 avons
1619 2252 443 96 Monseigneur,
2110 2268 48 58 de
2205 2251 184 82 vous

983 2345 196 113 observer
1266 2376 71 79 que
1400 2376 55 76 ces
1518 2345 220 109 Esclaves
1817 2348 110 98 sont
1990 2349 79 95 tre패s
2124 2347 110 111 bons
2282 2350 149 108 sujets

974 2464 31 104 et
1066 2476 76 97 que
1203 2470 122 88 leurs
1416 2460 206 110 maitres
1713 2464 84 99 par
1858 2460 30 88 le
1934 2460 160 113 besoin
2185 2460 122 113 qu'ils
2376 2478 38 92 en

979 2584 74 97 ont
1126 2587 33 109 ne
1217 2573 311 117 souhaitent
1610 2580 123 99 pour
1799 2571 98 121 eux
2004 2598 74 92 que
2160 2569 74 98 des

966 2700 344 90 recompenses
1424 2694 317 94 pecuniaires
1862 2690 47 96 ils
1990 2690 357 97 n'envisagent

987 2806 150 101 point
1212 2806 75 100 que
1331 2808 45 91 la
1451 2809 315 104 recompense
1863 2827 75 86 qui
1976 2809 104 79 peut
2163 2802 142 92 seule

965 2902 187 113 flatter
1241 2934 40 78 un
1354 2897 193 118 Esclave
1619 2913 49 100 est
1732 2915 106 98 celle
1910 2927 33 70 de
1990 2895 33 102 la
2095 2890 211 118 Liberte패
2369 2911 34 84 et

973 3036 110 87 nous
1176 3036 125 88 ovons
1403 3044 109 78 vous
1598 3036 179 108 assurer
1871 3050 78 97 que
2011 3032 55 115 ces
2152 3039 101 100 gens
2323 3032 47 97 la
