3200 3824
995 394 201 117 Le패gitime
1275 420 122 89 auroit
1467 406 193 110 Presente패
1704 390 202 127 Requeste
1992 427 0 76 a
2053 399 203 121 Monsieur
2316 395 253 109 Livendant

1031 559 56 67 aus
1169 530 85 100 fins
1350 529 257 99 dopostion
1684 562 0 65 a
1731 542 29 84 la
1835 524 301 100 Publication
2190 524 57 85 des
2322 534 167 90 Bans,
2523 558 63 63 quil

1014 692 135 89 auroit
1208 652 74 134 fait
1352 654 224 128 signiffier
1636 672 46 73 au
1724 645 55 99 R.
1804 638 91 112 P.
1937 637 234 104 Pourchus
2197 635 125 110 Cure패
2375 631 36 120 de
2446 646 36 98 la

1006 806 183 103 paroisse
1268 801 37 82 de
1333 804 32 84 la
1399 796 292 103 Bassepointe
1762 792 30 72 le
1864 802 125 89 vingt
2031 787 82 103 huit
2169 783 81 104 juin
2315 792 197 74 dernier,
2533 796 52 59 par

1026 926 139 87 martin
1235 925 158 92 huissier
1490 913 224 96 Monsieur
1785 905 314 94 L'Intendant
2144 910 223 75 Renuoya
2432 913 1 59 a
2491 894 27 84 se

1010 1039 214 83 pourvoir
1289 1037 179 81 devant,
1497 1031 125 86 vous,
1657 1037 227 76 Monsieur,
1954 1027 209 78 Monsieur
2215 1022 257 77 DuBois

1017 1157 198 84 Jourdain
1281 1160 108 76 oncle
1466 1153 254 79 maternelle
1809 1147 35 79 de
1877 1151 29 73 la
1961 1142 293 81 Supliante
2320 1165 198 51 auroit

996 1276 288 81 Represente패
1345 1267 100 79 aud.
1482 1261 95 83 Sieur
1644 1269 29 64 de
1711 1260 26 83 la
1793 1257 184 81 Chause패e
2045 1251 24 85 le
2102 1257 93 79 tout
2269 1266 18 51 et
2343 1249 99 81 lest

996 1363 327 99 Inconvements
1385 1370 36 83 de
1475 1360 64 95 son
1600 1359 293 98 procedde패,
1927 1372 1 59 a
2003 1378 119 75 quoy
2191 1361 35 79 il
2288 1353 161 83 auroit

987 1465 225 93 repondue
1282 1470 85 84 qu'il
1441 1457 278 90 Demandoit
1782 1467 309 78 uniquement
2148 1472 65 66 que
2289 1448 39 83 M.
2372 1447 200 80 Lamure

996 1601 63 79 fit
1111 1574 58 106 son
1223 1568 326 105 Inventaire,
1585 1571 118 98 apre패s
1746 1561 134 96 lequel
1945 1570 30 87 Il
2033 1566 45 76 se
2120 1552 216 91 Rendroit
2401 1553 170 88 sondain

988 1706 2 67 a
1041 1688 26 93 la
1102 1684 318 106 Bassepointe,
1455 1686 88 102 pour
1624 1677 102 108 faire
1809 1674 208 84 celebrer.
2047 1671 24 72 le
2124 1675 231 93 Mariage,
2400 1665 215 106 l'Inventais

1004 1820 16 66 a
1072 1793 113 102 Este패
1237 1788 174 103 faite,
1438 1784 70 79 M.
1547 1790 188 83 Dubois
1782 1776 214 94 Jourdain
2071 1798 84 70 luy
2209 1772 42 81 en
2319 1768 1 93 a
2374 1781 187 82 donne패

994 1909 185 113 aduis,
1217 1923 89 96 pour
1376 1901 80 115 qu'il
1535 1906 56 82 eut
1662 1911 1 75 a
1710 1897 97 114 vnir
1869 1895 161 110 suivant
2092 1891 34 113 sa
2171 1893 272 106 promesse,
2505 1886 25 85 Il

988 2023 68 93 luy
1121 2041 134 72 auroit
1344 2015 84 120 fait
1485 2011 225 117 Re패ponce
1784 2024 84 94 qu'il
1958 2019 184 101 pouvoit
2198 2005 109 107 jouer
2364 2011 50 62 tel
2480 2005 84 66 rotte

995 2165 89 87 qu'il
1167 2143 323 111 souhaitte패roit
1551 2158 94 87 pour
1730 2135 103 111 faire
1902 2133 196 92 Reussir
2152 2134 32 81 ce
2261 2127 220 107 mariage,
2527 2144 63 69 que

983 2293 92 86 pour
1148 2274 77 97 luy
1282 2269 33 92 Il
1373 2266 122 89 seroit
1567 2258 316 110 Inexorable,
1919 2260 46 102 sa
2039 2252 233 100 pretention
2346 2247 91 106 n'est
2503 2258 46 73 ni

982 2394 321 104 Raisonnable
1379 2396 51 98 ny
1482 2386 288 105 soutenable
1849 2383 152 104 contre
2071 2384 57 87 son
2214 2379 240 106 precedent

971 2529 370 103 conseutement,
1376 2517 145 89 celluy
1570 2515 56 99 des
1699 2511 255 101 principaux
2028 2509 226 93 parents,
2282 2495 39 88 Et
2372 2491 174 89 surtout

979 2634 118 92 celuy
1168 2645 30 68 de
1248 2627 67 77 M.
1372 2626 161 82 Dubois
1620 2616 66 93 son
1736 2627 132 86 oncle
1947 2644 74 64 qui
2057 2613 66 99 luy
2195 2603 88 103 sert
2348 2602 37 91 de
2443 2600 132 102 Pere,

958 2768 62 71 Les
1088 2743 216 113 Raisons
1402 2740 94 86 sont
1579 2738 201 84 trivolles
1887 2763 31 66 et
1978 2734 109 92 vous
2193 2730 286 112 voudre패z,

959 2885 120 89 Bien
1151 2887 84 90 Mon
1277 2874 149 95 sieur,
1477 2874 305 75 L'authoriser
1855 2891 1 85 a
1951 2882 283 100 procedder
2322 2893 30 70 en
2403 2887 31 74 la

959 3005 211 107 presente
1266 3004 226 108 jnstance
1574 3019 22 57 et
1664 3025 37 51 en
1791 3003 307 106 Consequence
2181 3022 285 75 permettre
2541 3033 22 61 a

1003 3197 1 23 a
1045 3131 269 102 jappliante
1398 3142 44 77 de
1524 3127 94 101 faire
1682 3125 205 93 assigner
1986 3146 99 78 parr
2141 3135 269 74 devant

966 3256 150 109 vous,
1156 3282 2 67 a
1221 3250 372 104 lextraordinaire
1683 3246 91 95 Led.
1823 3246 108 99 sieur
1996 3253 34 81 de
2086 3241 34 119 La
2177 3248 240 111 Chausse패e
2498 3265 83 89 pour
