3200 3832
1110 357 187 140 sentence
1346 364 235 134 ordonner
1659 410 69 90 que
1797 382 29 105 de
1895 361 88 107 R.
2012 361 108 143 P.
2159 361 265 145 fourchus
2512 394 147 112 passer

1131 530 106 72 outre
1295 515 275 105 nonobstant
1621 519 90 91 led.
1739 524 136 102 appel
1947 526 39 106 et
2036 530 195 104 publiera
2295 534 47 88 les
2370 542 119 85 Bans
2555 554 2 71 a
2585 539 31 82 la

1125 639 181 92 premiere
1365 628 299 112 Requisition
1758 630 52 122 des
1860 647 165 106 parties
2083 659 26 87 et
2168 638 105 124 ferez
2313 640 165 122 Justice
2536 642 113 122 signe

1111 740 238 103 heussay.

1121 850 61 75 soit
1267 842 324 87 Communique
1652 852 39 56 au
1760 821 232 107 Procureur
2045 837 38 91 du
2122 834 100 94 Roy
2268 874 0 47 a
2322 856 108 81 saint
2515 863 123 71 pierre

1128 920 32 77 Le
1220 928 32 74 31
1307 919 81 79 X^bre
1411 932 76 77 1729
1547 923 124 86 Signe
1714 929 38 78 P.
1768 934 192 82 Romain

1087 1015 77 98 veu
1234 1024 21 78 la
1304 1019 168 88 presente
1542 1017 210 91 Requeste
1815 1038 28 62 et
1906 1023 28 92 la
1997 1023 182 95 fentene
2256 1044 35 80 du
2340 1021 119 103 Vingt
2522 1030 98 94 neuf

1106 1136 56 71 de
1233 1133 28 82 ce
1331 1139 84 91 mois
1500 1134 28 98 Je
1584 1132 204 80 Requiert
1844 1132 91 69 pour
1998 1134 22 68 le
2076 1134 91 102 Roy
2216 1155 56 81 que
2336 1134 323 102 Conformement

1103 1253 0 69 a
1139 1231 92 87 lad.
1281 1240 199 87 Sentence
1543 1229 29 98 Il
1629 1230 107 89 soit
1799 1235 199 99 ordonne
2032 1240 87 94 qu'il
2203 1260 114 72 sera
2394 1236 73 100 Par
2509 1241 29 89 le

1083 1332 220 99 Reverend
1339 1334 78 91 Pere
1467 1334 113 91 Cure
1623 1366 35 63 du
1736 1334 114 102 Lieux
1914 1337 142 102 passe
2105 1345 114 83 outre
2290 1365 0 64 a
2332 1357 121 67 la

1107 1434 288 111 publication
1464 1434 55 104 des
1550 1434 139 114 Banse
1752 1456 31 84 de
1814 1462 23 83 la
1899 1437 303 114 Suppliante
2264 1446 31 100 En
2334 1470 23 75 la
2411 1481 179 68 maniere

1100 1584 287 75 accontumee
1453 1562 74 105 fait
1593 1563 30 106 le
1682 1562 36 94 31
1770 1562 74 100 X^bre
1858 1562 81 107 1729
2006 1562 154 99 signe
2205 1567 22 104 le
2293 1592 162 79 goux;

1088 1669 72 108 veu
1230 1669 28 110 la
1319 1669 224 108 sentence
1613 1669 45 99 du
1703 1669 116 125 Vingt
1863 1711 125 83 neuf
2050 1680 27 103 de
2121 1699 45 63 Ce
2219 1702 89 92 mois
2361 1673 294 121 Conformemen

1095 1815 31 66 au
1202 1784 293 108 Requisitoire
1564 1812 38 85 du
1648 1792 233 105 procuveur
1924 1794 41 92 du
2009 1796 86 103 Roy
2155 1815 94 91 nous
2286 1804 271 101 ordonnons

1087 1931 88 87 qu'il
1256 1939 103 89 sera
1425 1933 139 95 passe
1616 1931 118 93 outre
1792 1924 15 86 a
1835 1924 24 106 la
1901 1925 302 109 publication
2253 1930 53 92 des
2385 1936 60 91 ans
2525 1930 38 89 En

1087 2026 190 109 question
1343 2056 0 68 a
1394 2030 29 106 La
1474 2031 191 97 maniere
1729 2035 279 98 accoutumee
2080 2036 30 103 Et
2152 2037 265 107 Celebration
2495 2067 39 70 du

1096 2179 170 81 mariage
1342 2148 39 93 au
1435 2148 115 112 desir
1612 2152 30 89 de
1673 2156 92 98 lad.
1811 2148 208 108 Sentence
2096 2167 0 87 a
2142 2170 46 85 S^t
2227 2148 123 109 Pierre
2426 2179 23 69 le
2511 2179 38 81 31
2596 2166 15 85 X^

1092 2283 115 97 1729
1265 2261 144 125 signe
1467 2263 48 115 S^.
1563 2263 288 142 Romari

1093 2440 353 85 Collationne
1523 2451 18 66 a
1593 2419 284 119 l'original
1960 2416 2 82 a
2047 2437 96 92 moy
2202 2406 276 117 represente

1113 2556 39 66 et
1237 2563 2 54 a
1301 2531 265 107 l'jnstant
1636 2533 126 82 rendu
1827 2533 103 79 avec
2009 2542 96 74 cest
2168 2509 308 106 presentere

1104 2685 75 80 par
1258 2683 83 81 moy
1419 2671 221 77 notaire
1703 2640 166 109 Royal
1931 2650 48 91 en
2026 2630 179 101 l'Isle
2277 2616 281 104 martinique

1098 2767 214 117 resident
1368 2799 51 67 au
1474 2768 149 112 bourg
1695 2760 140 116 saint
1924 2752 206 117 Pierre
2193 2752 279 111 soussigne

1073 2924 59 102 Ce
1193 2932 139 113 trege
1393 2899 149 103 avril
1658 2907 77 122 mil
1803 2889 105 136 sept
1978 2885 103 81 cent
2143 2884 284 124 trente.

1416 3118 315 107 Vaeguen
1791 3084 1 139 (

1904 3284 113 156 no^re
2047 3278 123 144 Royal
