3200 4112
25 3065 100 35 N.
25 3134 100 41 828

151 1779 57 31 130

684 222 57 124 20
806 213 273 130 Septembre
1122 205 106 125 1730

1689 294 483 144 Domingue

1168 472 130 181 Jean
1396 495 217 156 Jacques
1675 504 40 142 le
1775 494 142 148 Levre
2016 491 64 138 age
2141 507 40 106 de
2218 527 77 88 16.
2332 518 77 95 ans

1227 662 257 104 demande
1560 666 49 92 des
1650 655 132 101 Lettres
1837 655 29 88 de
1906 667 266 83 Remission
2245 670 93 80 pour
2404 660 106 75 avoir

1194 810 67 73 rue
1315 804 32 84 le
1402 813 174 75 nomme
1631 793 224 92 Michel,
1888 783 232 107 Tonnellier
2167 784 68 97 sur
2275 776 282 94 l'habitation

1205 922 38 101 de
1273 928 31 102 la
1357 932 108 86 Veuve
1531 909 177 113 Lefevre
1767 931 48 70 sa
1880 899 87 113 mere
2025 904 285 105 demeurante
2360 921 48 63 au

1245 1066 143 95 uartier
1464 1070 143 75 Morin
1681 1027 237 122 dependant
1977 1025 50 89 du
2064 1034 158 101 Cap.

1218 1205 57 102 Il
1379 1213 130 99 paroit
1596 1221 65 84 par
1700 1190 371 114 l'Information
2132 1200 228 88 composee
2429 1185 43 78 de

1216 1365 46 72 2.
1318 1340 180 104 Temoins
1642 1340 70 87 Que
1753 1331 32 95 le
1834 1324 282 99 Dimanche
2202 1325 77 89 26.
2313 1306 164 108 fevrier

1209 1488 149 95 1730,
1407 1474 40 92 le
1473 1468 33 103 d^.
1562 1463 179 108 Lefevre
1804 1462 92 101 dont
1952 1466 32 95 la
2070 1479 90 78 mere
2225 1475 89 67 etoit
2371 1449 186 97 absente

1195 1637 148 77 setant
1424 1637 57 76 mis
1542 1634 2 72 a
1612 1618 126 88 table
1786 1626 99 82 pour
1967 1622 168 89 manger
2189 1607 36 81 la
2293 1604 154 97 soupe

1213 1772 74 77 avec
1327 1759 33 91 le
1416 1756 59 87 S^r
1531 1748 180 108 Dupre
1775 1745 205 97 habitant
2034 1741 45 92 de
2132 1731 257 115 Bayaha
2475 1740 68 101 qui

1207 1907 48 74 est
1315 1896 42 89 un
1422 1896 55 85 des
1517 1899 182 82 temoins
1752 1882 102 98 led.
1900 1885 177 91 Michel
2150 1897 135 74 parut
2352 1873 75 85 sur
2466 1870 35 76 la

1207 2016 112 112 porte
1386 2018 34 105 de
1449 2024 34 96 la
1543 2031 120 87 Salle
1723 2049 41 64 ou
1817 2031 57 80 ils
1942 2027 268 83 mangeoient
2277 1990 33 97 et
2363 1985 198 112 demanda

1199 2163 71 94 d'un
1341 2174 48 85 ton
1468 2164 189 97 insolent
1728 2177 0 82 a
1792 2154 190 114 Lefevre
2059 2177 223 89 pourquoy
2343 2165 42 70 on
2445 2151 49 78 ne

1192 2312 55 80 lui
1301 2309 165 99 servoit
1542 2313 70 103 pas
1658 2302 32 92 la
1767 2302 141 110 soups
1976 2296 181 107 aussitoz
2241 2307 63 100 qu'a
2381 2293 71 98 luy

1204 2441 80 119 qu'il
1352 2460 37 82 ne
1465 2446 159 110 vouloit
1691 2449 115 94 point
1883 2420 175 126 manger
2125 2419 38 103 de
2222 2435 71 80 ses
2353 2426 148 96 restes

1208 2617 2 84 a
1271 2601 81 100 quoi
1421 2582 41 110 Le
1500 2579 120 117 fevre
1689 2574 200 114 repondit
1958 2586 95 100 qu'on
2131 2583 41 74 ne
2242 2571 222 82 faisoit

2574 2583 0 58 1

1202 2750 83 107 que
1348 2741 66 79 lui
1478 2743 147 87 servir
1697 2736 34 85 la
1803 2736 188 114 soupe,
2046 2729 82 119 qu'il
2192 2729 49 87 se
2305 2725 172 94 retirat

1199 2892 33 105 ct
1292 2885 79 114 qu'il
1447 2882 102 84 allot
1610 2880 63 79 lui
1734 2880 187 110 envoyer
1982 2892 1 54 a
2075 2878 149 80 diner,
2300 2872 72 109 que

1220 3006 160 107 Michel
1459 3025 41 71 se
1555 3020 130 91 retira
1762 3001 34 98 en
1850 2993 145 104 disant
2065 2992 58 114 des
2201 2997 200 100 parolles

653 387 300 125 Michel
