3200 3856
92 1122 134 71 michel
307 1113 36 82 Et

86 1191 258 122 Lamure,

59 1326 44 63 our
176 1330 113 50 faire

53 1434 81 65 Mera
237 1437 99 62 pour

82 1545 1 76 n
175 1530 94 101 Jun

122 1638 176 103 Cherry

106 1739 130 100 Lettre
311 1739 75 92 Est

73 1886 77 73 aire
220 1869 51 118 du
315 1875 95 117 Ry

58 1979 116 111 ancis
225 1977 138 85 sur.

65 2316 32 80 ar
144 2316 231 81 laquelle

85 2414 258 83 blessement

71 2535 247 80 eritable–

85 2624 25 80 Je
151 2616 97 86 vous

125 2727 274 97 mariage;

64 2829 134 93 andez
268 2832 106 100 Cest

79 2924 151 89 Croist
309 2944 79 70 que

122 3021 82 119 prie
267 3029 178 97 dassurer

66 3157 367 88 veritablement

53 389 169 121 hhonneur
281 394 152 128 d'Estre

119 559 119 75 Chere
290 567 115 65 oncle

64 659 132 90 signé
278 691 13 52 à

86 806 81 80 Juin
252 801 82 72 mil

71 887 149 105 Inclus
272 890 135 112 Lecrit

55 3262 24 101 le
125 3254 150 111 signé
338 3251 17 94 à

75 3389 0 79 u
158 3390 53 93 mie
264 3381 129 110 sept

1105 390 87 118 cent
1262 411 104 105 vingt
1418 388 147 126 neuf;
1600 392 26 109 et
1670 387 60 115 sur
1782 387 35 111 la
1878 387 243 124 suscription
2199 385 26 111 de
2260 401 104 100 lad^e
2416 385 139 114 Lettre
2625 409 52 100 Et

1127 529 92 91 Ecrit
1282 554 1 66 a
1338 529 296 95 Mademoiselle
1696 526 324 94 Mademoiselle
2089 524 142 101 Michel
2307 528 85 97 Chez
2440 534 57 90 M^r
2539 550 29 73 du
2603 534 63 86 bois

1132 679 1 58 a
1175 655 23 89 la
1253 652 319 102 Basseponte;

1177 791 121 87 Vous
1370 785 292 99 approuvons
1744 775 318 93 Mademoiselle
2116 789 28 71 et
2192 782 56 77 trés
2309 766 111 89 Chere
2488 771 104 87 niece

1150 898 23 78 et
1244 914 78 77 avec
1406 901 43 76 un
1527 891 206 100 veritable
1803 887 171 102 plaisie
2045 884 135 99 vostre
2278 880 200 105 mariage
2548 888 86 88 avec

1124 1011 207 107 Monsieur
1382 1012 170 112 Lamure
1611 999 66 121 que
1737 994 73 125 Lon
1870 991 160 109 massure
2137 987 97 110 Estre
2296 990 169 107 hommue
2518 982 204 108 d'honneur

1112 1137 33 106 Je
1206 1149 80 77 nay
1348 1147 80 69 pas
1497 1124 246 101 l'honneur
1797 1136 49 83 de
1899 1118 33 100 le
1985 1116 316 115 Connoistre,
2355 1132 89 89 mais
2489 1120 96 98 puis
2647 1124 79 85 qu'il

1116 1258 109 92 vous
1287 1254 207 98 Cermient
1555 1251 32 83 et
1641 1253 65 68 aux
1777 1251 127 98 autres
1947 1245 241 100 parents,
2237 1243 425 99 Principallement
2726 1255 0 61 a

1124 1368 243 124 Monsieur
1422 1366 309 107 Dubois,
1779 1370 109 109 nous
1961 1360 1 104 y
2028 1365 216 92 donnons
2318 1352 25 86 de
2400 1356 68 81 trés
2525 1347 199 124 boncour

1141 1507 66 78 nos
1277 1490 259 108 agrement,
1585 1490 31 101 Et
1685 1506 96 87 vous
1843 1488 295 104 souhaittons
2223 1481 144 104 touttes
2409 1479 123 93 fortes
2602 1487 44 77 de

1126 1606 261 127 properitté
1467 1604 100 108 tant
1629 1600 268 124 sperituelle
1952 1595 68 125 que
2076 1593 304 117 temporelle,
2426 1595 77 115 Jay
2530 1598 210 111 l'honneur

1142 1730 152 83 d'Ettre
1384 1721 346 88 veritablement
1803 1714 357 86 Mademoiselle
2234 1718 24 74 Et
2303 1717 69 73 trés
2423 1705 116 83 Chere
2595 1726 93 59 niece

1126 1850 134 98 vostre
1316 1847 61 93 trés
1418 1838 198 104 humble
1695 1850 23 69 et
1783 1839 59 77 trés
1892 1835 212 86 obeissant
2169 1831 234 105 serviteur
2475 1827 139 109 signé

1136 1973 57 81 De
1254 1985 26 90 La
1317 1966 120 108 Vigne
1515 1960 32 90 le
1609 1968 89 101 cinq
1744 1967 103 89 aoust
1918 1954 64 76 mil
2053 1964 134 101 sept
2218 1952 87 93 Cent
2360 1951 135 96 vingt
2566 1945 142 107 neuf,

1118 2087 33 106 Et
1217 2081 64 104 sur
1339 2079 25 110 la
1422 2075 300 107 suscription
1811 2074 62 102 est
1948 2068 108 97 Ecrit
2123 2069 1 84 a
2177 2068 328 90 Mademoiselle
2572 2067 146 76 mad^lle

1134 2202 158 78 Michel
1358 2200 107 105 Chez
1515 2202 196 98 Monsieur
1777 2191 195 80 Dubois
2016 2202 1 68 a
2061 2192 23 74 la
2121 2184 114 106 Basse
2278 2179 195 94 pointe.

1147 2332 248 107 Monsieur
1451 2337 114 81 nous
1630 2326 98 95 vous
1802 2324 201 92 sommes
2046 2316 76 87 trés
2188 2309 194 103 obligez
2456 2325 45 85 ma
2560 2301 164 107 femme

1125 2446 37 73 Et
1260 2457 78 74 moy
1408 2453 36 69 de
1521 2440 37 89 la
1620 2444 107 78 part
1797 2447 65 88 que
1953 2439 100 74 vous
2152 2441 113 91 nous
2342 2438 156 94 faittes
2555 2431 42 86 de

1128 2539 129 108 vostre
1332 2536 204 104 Mariage
1610 2544 99 87 avec
1784 2535 174 90 mad^lle
2011 2534 233 104 michel,
2290 2568 97 63 nous
2463 2551 233 90 Lestimons

1137 2646 194 107 heureuse
1406 2645 30 103 de
1504 2651 164 91 trouver
1736 2656 45 76 un
1841 2649 120 88 aussy
2036 2645 209 107 honnette
2313 2656 195 90 homme
2583 2653 82 93 que

1139 2778 89 73 vous
1303 2789 154 62 ainsy,
1491 2770 107 77 nous
1674 2761 0 82 y
1739 2761 223 83 donnons
2020 2772 36 65 de
2108 2759 65 85 bon
2214 2759 123 75 Cœur
2414 2774 64 61 nos
2531 2762 211 76 agriement

1121 2859 45 106 Et
1229 2861 94 98 vous
1386 2857 277 114 souhaitions
1720 2870 101 93 milles
1853 2853 374 109 Benédictions,
2259 2868 84 94 Jay
2409 2850 250 109 l'honneur

1162 2975 148 103 d'estre
1387 2975 77 101 trés
1520 2971 316 105 parfaittement
1906 2981 260 88 Monsieur,
2222 2977 141 94 Vostre
2419 2973 70 88 trés
2531 2971 92 95 hum
2665 2973 63 82 ble

776 492 166 76 ANCIIVES

513 729 80 115 Lettre
635 735 35 85 du
698 750 96 85 Sieur
837 745 34 75 la
930 719 134 109 Vigne

508 827 112 99 ad^lle
648 826 115 102 michel
819 826 87 103 Chez
940 822 58 102 M.
1013 820 115 95 Dabou

527 931 36 97 du
617 937 1 93 8
660 918 125 99 aoust
838 916 99 129 1729

537 2302 100 96 Lettre
662 2314 31 79 du
739 2296 31 93 S^r
794 2288 38 99 La
863 2283 109 101 Vigne
1045 2304 44 72 au

523 2399 77 86 sœur
647 2396 23 95 la
710 2407 85 75 mire
855 2394 42 93 du
952 2392 1 86 5
988 2395 120 89 aouss

510 2476 105 137 1729

1132 3080 37 86 Et
1214 3080 63 116 très
1314 3082 199 127 obeissant
1568 3080 190 129 serviteur
1822 3074 172 135 Signé
2039 3097 0 64 a
2076 3086 236 99 loriginal
2384 3093 37 70 de
2448 3088 27 77 la
2538 3071 127 131 Vigne

1117 3206 45 101 le
1230 3224 2 88 5
1299 3204 123 125 aoust
1472 3202 149 124 1729;

522 3306 90 110 Lettre
658 3324 37 88 du
718 3321 38 83 S^r
778 3317 92 93 Gay
897 3337 3 63 a
927 3336 26 62 la
994 3296 65 101 d^le

531 3414 119 94 Michel
708 3409 37 91 du
769 3405 3 87 8
831 3401 226 96 Novembre

533 3487 104 121 1729

1146 3331 31 119 Le
1251 3331 166 130 Bun
1481 3334 31 117 de
1538 3334 32 108 la
1614 3349 290 112 Succession,
1961 3334 277 114 Mademoiselle
2296 3326 316 129 Demandant
2659 3349 67 104 que

1439 3535 20 200 5

1811 3480 9 238 2

2579 3489 45 219 14
