2560 3752
1172 162 105 87 M^rs
1323 160 40 87 de
1410 154 282 91 fiedmond
1746 163 38 76 et
1844 148 208 90 Preville

954 284 4 72 A
1061 264 236 92 Versailles
1367 273 20 66 le
1439 270 55 75 12.
1582 252 79 89 x^bre
1671 252 68 88 1779

761 404 29 64 je
853 390 225 79 reponds,
1102 378 270 81 Menieurs,
1410 388 3 54 a
1495 360 133 85 votre
1679 350 125 72 lettre
1848 342 48 88 du
1940 340 35 85 28
2038 344 165 82 fevrier

606 460 190 105 dernier
849 460 83 90 N^e
977 467 69 91 13,
1096 469 92 86 par
1230 451 215 101 laquelle
1510 464 115 62 vous
1684 438 295 99 minformes
2016 439 61 74 des

596 585 119 60 exces
766 579 198 67 commis
1015 576 87 70 par
1151 555 109 92 deux
1323 561 146 80 negres
1505 562 74 72 qui
1635 531 199 81 s'etoient
1893 524 150 72 avades
2089 523 72 73 des

597 675 212 69 prisons
867 655 32 66 et
951 660 50 64 du
1060 644 153 77 succes
1258 648 177 79 qu'ant
1505 648 44 58 eu
1613 625 51 87 les
1710 612 278 92 poursuites
2040 609 74 81 que

604 757 101 55 vous
757 753 107 55 ares
922 725 302 84 ordonnees
1281 720 166 71 contre
1504 722 137 78 eux.
1687 710 30 75 le
1768 708 96 86 Roy
1916 723 2 67 a
1975 716 77 62 qui
2104 710 78 57 jen

595 841 54 54 ay
725 818 147 74 rendu
939 812 245 78 compte,
1235 820 115 57 vous
1401 804 209 74 autorise
1698 820 1 51 a
1776 794 235 75 accorder
2067 812 1 48 a
2140 790 58 68 ses

596 918 215 81 fraux,
854 911 38 79 la
952 899 226 78 liberte
1244 902 94 77 aux
1417 901 191 71 nommes
1652 881 180 78 Andre
1871 885 29 62 et
1968 871 236 78 Toussaint

606 1013 74 73 qui
738 1000 73 62 ont
869 995 278 78 decouvert
1205 995 33 70 et
1307 977 177 84 fuille
1543 988 49 66 ces
1651 980 139 77 negres
1836 968 116 65 dans
1998 960 140 75 leur

596 1082 232 82 retraite,
848 1087 30 70 et
946 1089 2 57 a
1012 1071 182 74 etendre
1259 1071 99 73 cette
1411 1072 150 73 grace
1636 1074 1 60 a
1706 1055 35 73 la
1794 1053 188 82 femme

595 1181 264 76 Dandre.
915 1172 56 78 sa
1033 1162 245 103 Majeste
1334 1156 290 95 approuve
1680 1142 296 92 egalement
2047 1131 67 75 les

600 1279 231 84 depernes
888 1284 77 60 que
1029 1278 107 59 vous
1186 1272 103 66 aves
1338 1247 139 85 faits
1538 1244 4 71 a
1603 1240 132 71 cettee
1773 1229 320 73 decnsion

604 1354 204 81 secours
860 1371 66 61 que
991 1351 72 72 M.
1097 1337 198 83 Preville
1365 1347 2 54 a
1442 1325 181 82 Donnes
1674 1345 2 48 a
1734 1316 37 80 la
1834 1311 294 87 femme

591 1454 199 89 Garret
858 1438 30 68 et
958 1454 2 48 a
1036 1429 68 71 ses
1160 1422 258 91 enfants
1468 1415 154 85 ainsi
1671 1422 81 75 que
1803 1402 47 76 les
1908 1392 243 96 depenses

613 1561 73 59 que
748 1547 121 61 vous
921 1540 106 60 aves
1083 1519 143 83 faites
1288 1516 3 71 a
1354 1511 111 71 cette
1522 1510 295 65 occasion,
1847 1502 29 55 et
1944 1499 88 67 qui
2095 1495 2 46 s

604 1626 180 83 seront
851 1622 196 76 prises,
1074 1609 179 68 comme
1314 1599 115 66 vous
1479 1591 32 77 le
1560 1584 280 82 proposes,
1883 1571 74 67 sur
2001 1563 97 67 les

600 1716 147 92 fonds
801 1701 192 87 dertines
1047 1711 4 60 a
1104 1686 49 99 la
1206 1673 270 108 pourraite
1529 1663 77 82 des
1668 1657 140 100 negres
1861 1634 234 112 fugitife
2144 1631 45 77 de

608 1810 209 69 assiques
876 1791 117 77 pour
1052 1780 51 63 les
1155 1779 168 78 negres
1380 1757 240 97 fugitifs
1666 1757 39 63 de
1763 1754 288 69 Surman.
2092 1751 2 46 a

608 1888 187 77 lEgard
867 1880 49 68 du
974 1863 255 85 Geolier,
1256 1871 33 73 je
1334 1871 93 69 pou
1503 1862 75 71 qui
1610 1856 45 66 la
1700 1844 117 69 cause
1862 1821 208 88 indireste

610 1962 35 81 de
703 1966 29 74 la
803 1972 121 64 mort
988 1951 40 79 de
1059 1959 255 68 Gavot,
1369 1953 49 63 ja

1694 1918 122 75 quil
1909 1908 23 75 il
1988 1897 230 82 couvient

610 2066 40 70 de
691 2057 28 74 le
784 2053 251 84 renvoyer
1119 2048 115 80 vous
1275 2032 27 74 le
1374 2016 264 90 rrnveves
1679 2022 40 71 en
1778 2005 190 82 france
2053 2002 118 70 et

607 2158 29 60 il
699 2145 238 72 convient
1005 2135 38 92 de
1098 2137 159 84 punir
1313 2111 296 85 severement
1667 2112 54 68 sa
1785 2085 387 107 negligence.

607 2237 128 85 vons
779 2235 39 74 le
892 2228 294 77 renverres
1244 2227 50 69 en
1362 2205 229 86 france,
1619 2201 26 68 et
1714 2208 115 64 vous
1881 2181 310 94 appliqueres

610 2346 2 70 a
674 2321 34 106 la
778 2310 66 116 V^e
897 2307 218 117 Garret
1177 2301 51 105 la
1289 2307 156 85 demi
1505 2285 196 111 solde
1776 2284 140 92 dont
1968 2281 147 71 il

611 2420 204 98 jouil.

786 2515 4 110 7
855 2496 130 134 ayd

160 273 229 103 Cayenne

212 635 60 117 d^e
306 611 60 167 L.
