3232 2840
1367 329 32 60 ou
1447 292 100 105 Etoit
1603 303 75 95 son
1734 290 214 109 Principal
2020 287 173 119 sejour,
2217 315 33 75 on
2291 321 0 61 a
2331 284 165 105 Trouvé

1377 421 80 113 Chez
1494 419 57 114 luy
1604 418 95 100 E^n
1745 420 103 83 400lt
1879 423 197 80 Moedes
2131 444 55 66 que
2225 444 63 47 ont
2342 410 72 88 Eté
2475 415 1 80 –

1356 545 204 95 deposées,
1588 536 17 106 le
1641 536 83 105 jour
1790 538 31 71 de
1865 527 93 104 son
1990 525 140 100 deces,
2156 545 41 79 au
2223 515 116 109 greffe
2402 527 40 56 de
2484 511 25 68 la

1345 650 248 89 Grenad.
1651 635 47 94 Ils
1763 632 187 96 Exposent
2009 627 128 94 Encore
2195 650 60 69 que
2314 617 167 99 quoyg^t

1371 762 111 76 ayent
1539 744 144 90 Envoyé
1734 739 104 71 leurs
1889 735 202 77 Pouvorrs
2155 731 65 67 sur
2252 733 53 62 les
2356 725 104 92 lieux

1707 805 179 64 Connoitre

1376 852 62 110 Ils
1481 871 86 86 n'ont
1617 875 48 80 pu
1715 850 191 101 aprendre
1972 856 40 90 ny
2031 833 161 108 l'objer
2251 830 24 74 le
2319 826 137 79 l'Etat

1368 975 32 66 de
1429 968 25 102 la
1498 965 260 106 succession,
1788 984 1 42 n
1864 972 32 51 nu
1956 949 186 108 L'usage
2206 956 112 96 qu'on
2352 960 4 87 a
2389 936 125 89 foit.

1362 1076 27 80 de
1434 1072 91 75 leurs
1578 1066 227 76 Pouvoirs.
1857 1056 32 78 Je
1917 1055 92 85 vous
2077 1062 93 75 prie
2226 1058 27 66 de
2309 1044 97 62 vous

834 1181 128 76 secour
1014 1186 48 84 qui
1101 1176 234 81 dependrant
1368 1165 94 77 faire
1521 1161 155 85 Rendre
1728 1174 182 64 Compte
1974 1169 29 60 de
2054 1148 76 81 cette
2186 1140 144 97 affaire
2393 1147 83 85 par

1368 1300 95 80 ceux
1547 1301 62 80 qui
1658 1290 46 92 en
1744 1290 61 68 ont
1871 1248 81 123 été
1991 1244 190 126 Charger
2222 1267 2 61 a
2263 1241 29 84 la
2341 1228 165 120 Mque

829 1379 170 74 Lhupiteu
1056 1381 35 74 de
1126 1378 218 91 proymemt
1364 1373 29 86 Et
1430 1377 79 85 par
1557 1393 86 66 vos
1675 1361 393 97 representants
2121 1349 67 85 ala
2220 1345 222 82 Grensade

830 1510 267 83 procurutions
1142 1504 91 55 aour
1271 1495 40 60 les
1375 1499 105 78 vous
1556 1503 151 59 voudrés
1764 1478 53 89 bin
1898 1487 30 73 me
1976 1472 145 76 Rendre
2190 1467 197 84 Compte

821 1627 182 73 ferminer
1045 1635 52 65 ces
1132 1612 191 92 affaires.
1370 1598 58 69 des
1476 1584 119 83 lelai
1694 1585 31 72 Le
1781 1593 139 79 foutol
1983 1567 81 103 qu'il
2117 1560 93 102 sera
2263 1550 212 109 possible

809 1703 296 70 vousaondres
1144 1696 76 65 bien
1286 1690 42 77 m^e
1380 1692 63 92 des
1516 1681 366 128 Eclureissement
1981 1694 72 104 que
2077 1690 99 77 vous
2220 1681 111 90 vous
2363 1650 101 132 serez

1855 1847 88 111 als

851 1122 0 70 &
921 1109 136 84 d'acvord
1168 1117 76 80 tous
1279 1112 48 77 les

840 1261 25 52 de
900 1261 84 58 vous
1024 1259 0 53 a
1062 1252 81 65 ceux
1192 1268 0 42 a
1232 1265 55 54 qui
1326 1246 60 65 des

836 1315 343 67 administrnleurs
1230 1316 37 60 de

836 1446 89 64 vonl
958 1440 158 72 envier
1164 1437 108 69 Leur

848 1564 100 71 meltre
991 1583 26 48 en
1066 1557 80 72 Etat
1200 1558 30 67 de

828 1758 113 69 rendre
980 1751 153 81 compte
1188 1749 23 68 de
1244 1752 29 76 ce
1317 1763 52 65 que

826 1833 85 53 vous
945 1827 94 64 aurés
1078 1819 31 67 en
1152 1818 174 69 ocasion
1380 1822 159 59 prouire

830 1887 26 58 de
893 1882 85 76 faire
1015 1879 233 75 Enffaveeur
1301 1881 58 70 des

817 1945 404 71 administrateurs.

946 2066 0 16 2
