3232 3688
162 327 25 63 de
245 329 154 69 anille
444 336 84 63 pour

165 396 81 73 vous
276 397 25 74 de
356 393 56 83 fut
503 391 1 88 m

212 487 206 70 notaire

164 562 318 78 Martinique

170 645 171 73 quante
413 642 52 65 un

167 715 246 72 tamille
472 710 66 80 des

160 804 27 77 et
241 803 114 79 autre
403 809 81 70 que

197 908 28 52 ne
343 899 65 62 me

183 980 86 71 jean
331 977 136 82 serois

151 1061 84 66 jusi
284 1066 84 60 par
422 1062 39 65 ce

184 1130 47 75 M^r
272 1128 236 84 Philippe

158 1227 135 61 evant
390 1223 117 69 metre

155 1311 85 59 aus
270 1311 19 58 le
328 1311 186 58 conptat

163 1390 150 69 ration
361 1401 30 68 je
439 1401 84 78 luy

210 1473 69 82 que
337 1473 152 82 j'aya

149 1546 83 69 priel
282 1553 21 63 de
333 1544 169 76 labean

213 1642 120 81 moulle
377 1640 118 81 Garde

149 1735 26 56 de
233 1725 73 69 lion
358 1725 182 75 laquelle

192 1799 287 84 demoiselle

241 1902 52 58 ma
377 1905 94 61 mere

165 1977 17 78 a
229 1976 273 78 humiverfet

195 2095 54 55 ma
318 2078 176 68 faveur

240 2173 99 66 metre
370 2171 154 58 coutte.

162 2255 81 55 ptat
283 2255 206 66 venoissin

159 2336 61 55 ent
281 2341 0 52 a
348 2321 84 82 feut
487 2325 17 71 la

155 2412 74 62 tion
289 2423 41 53 en
386 2418 111 61 vertu

167 2486 1 73 n
225 2497 21 64 ce
304 2498 218 69 montoient

157 2566 52 88 fit
259 2578 166 83 recuise
463 2573 71 90 des

149 2669 18 70 la
216 2670 97 87 ditte
355 2674 164 78 procure

168 2777 0 52 e
227 2773 59 55 au
332 2769 55 57 dit
438 2763 76 61 sien

178 2858 58 84 nel
277 2856 58 84 fut
364 2856 174 75 couvai.

153 2951 15 57 ir
234 2941 237 73 DaCostal

158 3014 66 75 irie
301 3013 167 84 dudit

193 3098 184 100 n'ayant
418 3095 98 80 ledit

1046 336 98 87 Sieur
1213 340 48 91 da
1298 346 118 87 Costal
1453 343 80 86 fait
1609 346 54 93 ses
1693 351 339 89 recouvremant
2101 360 54 85 des
2186 360 86 86 fond
2315 368 2 68 a
2367 371 85 81 moy
2490 373 86 71 dus

1032 430 64 79 sur
1131 435 24 70 la
1208 432 83 72 ditte
1343 436 100 76 Lorie
1514 439 41 81 du
1608 444 47 76 dit
1708 438 194 84 Seigneur
1966 441 35 63 de
2072 442 141 76 maclos
2243 447 29 69 et
2319 444 123 84 autres
2478 461 100 62 place

1034 522 97 70 tant
1185 522 119 74 dans
1352 531 17 66 le
1417 523 103 76 Rege
1579 528 33 69 de
1666 523 151 69 France
1882 527 70 71 que
2017 520 140 59 autres
2195 523 119 71 asises
2346 526 98 70 dans
2487 530 32 60 la

1028 613 164 83 Conptat
1247 610 273 80 d'avignon;
1550 624 25 65 je
1611 618 25 70 le
1677 612 171 69 dechut
1889 603 62 71 des
2010 612 1 59 a
2053 606 177 71 presant
2271 609 68 63 par
2405 604 98 52 mon

1033 692 173 77 presant
1261 690 259 75 Testamant
1591 688 162 76 olograsfe
1818 690 22 63 de
1894 684 108 78 toutte
2056 682 239 78 prettention
2333 692 21 54 et
2387 692 0 53 a
2430 688 141 57 remetre

1035 776 69 78 tous
1150 774 46 76 ses
1236 772 97 84 titres
1374 781 23 59 et
1443 772 178 82 Papiers
1672 780 69 70 que
1787 775 29 75 je
1856 784 57 57 lui
1959 770 138 79 remy
2137 772 69 61 lors
2252 778 40 50 de
2332 777 23 51 la
2407 771 92 66 ditte

1044 857 257 76 procuration
1378 858 148 76 passee
1591 870 77 56 par
1701 870 27 59 le
1772 866 60 62 dit
1909 851 99 75 metre
2066 851 182 69 Durand
2312 849 166 62 notaire
2515 853 50 58 au

1029 942 52 82 dit
1138 942 69 80 lieu
1259 940 34 81 de
1345 954 183 57 Caroub
1597 954 52 59 au
1741 938 97 73 mois
1877 942 36 67 de
1964 934 230 78 septembre
2262 936 110 69 mille
2417 930 99 80 sept

1025 1023 91 72 cent
1173 1027 223 69 quarante
1448 1025 101 69 huit
1612 1034 179 66 comme
1849 1030 117 68 apert
2008 1040 69 54 par
2124 1031 53 70 ses
2214 1028 122 74 lettres
2394 1032 105 70 qu'il

1043 1124 43 61 ma
1130 1110 199 75 souvant
1378 1128 92 61 ecrit
1545 1113 22 77 le
1616 1117 59 68 dit
1729 1118 113 72 Sieur
1902 1115 189 79 Dacostat
2172 1126 54 67 que
2274 1120 98 72 J'ay
2404 1122 173 68 enature

1019 1214 30 49 et
1118 1215 64 65 gan
1251 1215 203 68 trouvera
1523 1217 65 63 par
1652 1218 69 68 muy
1776 1218 74 69 mes
1899 1219 164 73 papiers
2137 1220 109 72 apres
2320 1222 69 68 mon
2434 1222 143 54 deces,

1023 1309 22 58 et
1099 1304 108 55 dont
1256 1296 114 69 dans
1429 1293 130 76 lunes
1602 1294 244 80 desquelles
1900 1302 22 72 le
1965 1305 54 69 dit
2068 1296 114 78 Sieur
2236 1300 227 73 Ducostat
2566 1314 18 54 me

1036 1383 160 64 marque
1261 1385 70 63 que
1412 1397 45 53 ma
1507 1384 95 68 ditte
1652 1380 260 74 prettantion
1982 1383 80 65 sur
2117 1380 176 72 l'hoirie
2353 1380 55 68 du
2453 1390 65 61 dit

1013 1471 68 74 leul
1137 1471 73 80 sier
1260 1472 118 78 Pierre
1434 1474 157 77 Gabriel
1641 1471 34 73 de
1720 1471 157 72 Lobeau
1933 1469 39 82 de
2017 1473 162 78 Berord
2241 1471 28 71 se
2336 1471 135 73 monte
2521 1474 45 68 au

1020 1561 92 78 dela
1182 1564 32 69 de
1285 1561 129 72 quatre
1474 1564 92 74 cent
1625 1564 119 71 trente
1787 1573 86 65 cinq
1949 1567 97 71 mille
2106 1568 113 73 livres
2268 1569 32 71 en
2333 1565 102 74 tout,
2468 1569 108 69 manis

1020 1655 24 64 de
1086 1665 91 54 Tous
1213 1655 48 64 ses
1309 1655 90 76 titres
1453 1653 229 88 necessaires
1730 1659 97 71 pour
1875 1661 18 75 le
1935 1653 325 86 recouvremant
2308 1656 30 73 de
2380 1660 97 71 cette

1015 1737 162 74 somme
1243 1743 21 68 il
1305 1737 69 94 cera
1434 1752 247 79 neanmoins
1729 1762 44 62 au
1810 1766 49 65 dit
1907 1746 118 85 Sieur
2067 1739 51 92 Du
2141 1741 118 86 Cortat
2326 1735 142 85 loisible
2504 1751 32 60 de

1024 1839 221 75 poursuivre
1301 1839 22 77 le
1362 1837 221 77 payement
1638 1839 34 70 de
1715 1843 29 72 la
1798 1837 90 70 ditte
1937 1835 173 74 Somme
2170 1850 61 62 auux
2265 1834 221 75 condition

1024 1925 58 76 quil
1118 1925 82 81 ferat
1259 1925 105 75 entre
1405 1928 0 74 a
1488 1933 70 72 mon
1605 1924 171 81 heritier
1817 1937 23 57 et
1899 1923 24 80 le
1981 1919 153 84 gataire
2181 1918 276 77 huniverssel
2498 1919 53 74 cy

1029 2015 105 78 apres
1192 2012 186 75 nomme
1436 2012 30 84 la
1512 2012 105 84 ditte
1681 2011 198 75 somme
1937 2024 110 60 dans
2088 2012 23 71 le
2152 2023 192 67 courant
2391 2011 139 66 d'ure

1017 2100 132 69 annee
1207 2110 16 60 a
1271 2105 179 67 conpter
1514 2102 42 73 du
1603 2116 95 53 jour
1762 2108 63 66 qui
1862 2118 37 56 en
1946 2104 80 67 sera
2084 2108 153 74 requit
2290 2106 73 76 par
2437 2107 79 60 mon

1012 2193 185 74 legataire
1260 2190 291 75 huniversell
1593 2200 32 51 et
1672 2195 27 62 ce
1757 2192 190 73 faissant
2021 2204 100 60 aura
2179 2190 106 69 pour
2327 2194 58 60 lui
2433 2191 31 60 la

1022 2280 129 74 moitie
1200 2280 31 90 du
1280 2284 104 86 fond
1440 2285 55 85 qui
1563 2296 43 69 en
1655 2278 331 87 retiradacord
2048 2278 147 84 partie
2257 2300 92 59 avec
2429 2300 98 63 mon

1010 2369 185 69 legataire
1253 2371 263 76 huniversel
1580 2374 105 74 toute
1738 2374 185 77 depence
1986 2379 221 77 prelevee;
2229 2389 26 63 je
2297 2386 185 72 declare

1008 2462 90 73 avoir
1143 2464 131 72 toujou
1334 2466 95 57 vecu
1494 2467 116 67 dans
1645 2469 30 69 la
1735 2470 200 71 religion
1991 2473 215 70 cotolique
2261 2476 271 72 apostolique

999 2553 215 69 Romaine
1264 2563 30 47 et
1349 2566 66 58 que
1455 2564 30 62 je
1550 2557 100 67 veux
1725 2569 15 55 y
1790 2565 110 61 vivre
1955 2563 30 59 et
2065 2561 151 73 mourir
2261 2567 150 68 priant
2471 2565 25 62 le

993 2636 177 82 Seigneur
1214 2643 84 78 tout
1342 2641 206 81 puissant
1604 2653 31 60 de
1710 2661 93 63 man
1867 2645 104 73 faire
2012 2652 29 65 la
2076 2648 110 80 grace
2245 2650 209 76 Jinvoque
2518 2656 0 56 a

988 2730 67 78 cela
1106 2727 90 82 ffait
1251 2734 24 60 la
1319 2729 214 81 Glorieuse
1599 2731 134 80 Vierge
1812 2737 123 75 marie
2025 2751 95 61 mere
2165 2735 28 67 de
2266 2735 202 80 mondieu

989 2821 88 76 pour
1132 2823 109 74 quelle
1318 2821 208 78 Intercede
1581 2828 88 75 pour
1746 2826 98 79 moy
1888 2832 44 74 au
1976 2827 88 80 pres
2107 2843 33 57 de
2184 2830 82 73 Dieu
2310 2833 22 76 le
2376 2843 82 63 pere
2513 2843 22 55 le

987 2911 60 61 fils
1113 2910 82 72 mon
1250 2914 219 75 createur,
1496 2927 28 57 et
1556 2921 17 66 le
1622 2910 71 74 bien
1765 2913 186 75 heureux
2005 2911 143 77 Saint
2192 2916 93 67 Jean
2350 2914 148 75 Soint

989 2987 110 78 Pierre
1166 2995 118 71 Saint
1322 2989 150 77 Julien
1573 3011 64 56 mes
1680 2991 128 76 Saint
1867 2996 187 72 patronts
2108 3005 43 63 les
2188 2998 155 70 priant
2381 2997 155 72 hemble

1009 3096 89 66 mant
1163 3082 262 87 dinsterade
1485 3085 107 77 pour
1657 3085 102 86 moy
1824 3091 77 70 mon
1955 3090 71 79 bon
2086 3103 119 74 ange
2258 3097 155 77 gardien
2467 3113 30 56 et

980 3159 84 86 tous
1103 3163 58 79 ses
1199 3164 117 93 Saint
1363 3186 21 61 et
1425 3163 177 99 Sainttes
1670 3165 41 93 du
1759 3166 190 96 Paradix
2031 3170 75 97 afin
2167 3192 62 77 que
2263 3192 27 78 je
2338 3192 157 71 puisse
