2454 2631
661 605 312 90 Monsieur

646 1067 0 83 M
781 1067 328 79 provenchere
1180 1090 53 43 ma
1280 1072 135 68 rémis
1466 1059 31 67 la
1549 1058 106 85 lettre
1713 1075 65 68 que
1820 1082 111 50 vous
1990 1080 123 58 m'avez
2172 1062 117 71 fait

650 1154 255 67 L'honneur
963 1166 39 54 de
1059 1173 198 49 mecrire,
1295 1179 82 45 par
1425 1159 183 67 laquelle
1665 1171 111 48 vous
1844 1170 255 60 manroncez
2146 1163 164 67 l'envoi

674 1248 123 61 d'une
856 1253 217 77 montre,
1109 1254 70 76 que
1232 1269 118 51 vous
1414 1248 189 82 m'offrez
1655 1248 171 58 comme
1885 1248 23 58 le
1961 1248 318 82 temoignage

675 1343 38 62 de
765 1343 115 68 votre
931 1344 450 72 réconnoissance.

853 1451 23 60 il
952 1457 82 66 m'est
1098 1451 226 79 difficite,
1359 1444 338 75 Monsieur,
1749 1445 41 73 de
1831 1441 128 82 vous
2005 1436 216 79 peindre
2296 1436 29 68 la

680 1539 338 80 satisfaction
1084 1548 79 65 que
1218 1543 243 66 j'éprouve
1522 1556 39 42 en
1595 1555 23 46 ce
1674 1535 263 75 moment;
1993 1532 146 77 soyez
2184 1540 151 67 assuré

688 1631 64 73 que
791 1630 80 64 cette
938 1630 177 74 marque
1195 1626 397 78 d'attachement
1655 1625 68 75 que
1768 1629 125 69 vous
1950 1634 51 56 un
2052 1628 210 73 donnez,
2297 1634 34 54 ne

692 1719 102 77 sera
862 1730 74 70 que
987 1717 272 62 redoubler
1327 1726 91 71 mon
1469 1714 85 83 zele
1611 1718 136 75 pour
1809 1732 74 46 vos
1934 1712 176 82 interets
2167 1715 62 79 que
2263 1721 40 64 je

682 1812 266 79 Régarderai
995 1828 28 47 en
1071 1811 93 73 tout
1211 1805 115 63 tems
1379 1808 120 62 aussi
1547 1797 125 68 chers
1714 1812 77 55 que
1839 1792 55 68 les
1958 1803 184 63 miens.

887 1927 81 57 M^r
1011 1920 310 69 provenchere
1390 1936 1 40 a
1443 1929 59 53 dû
1558 1921 120 58 vous
1743 1918 208 61 marquer
2018 1911 92 65 qu'il
2181 1924 57 46 m'a

658 1993 198 79 Chargé
915 1996 91 70 dela
1070 1990 192 71 gestion
1336 1993 39 57 de
1416 1991 108 67 votre
1582 1982 343 75 habitation
2000 1982 70 66 des
2113 1992 203 55 varrense

703 2094 193 70 depuis
945 2107 30 47 le
1034 2094 79 59 1^ere
1168 2090 153 67 juillet
1400 2090 248 60 dernier:
1697 2082 89 69 cette
1841 2083 257 68 confiance
2187 2086 129 50 dont

698 2182 36 65 il
812 2191 53 55 m'a
925 2179 252 63 honoré,
1216 2183 52 54 est
1324 2182 171 65 encore
1574 2191 46 38 un
1682 2177 234 57 nouveau
2000 2162 126 78 motif
2205 2169 92 65 qui

862 932 43 58 FOr

904 1008 31 80 Cv

710 2396 71 103 M^r
826 2393 218 99 Charles
1136 2389 78 105 De
1251 2389 40 104 la
1345 2388 567 105 Rochefoucaulle.
