2462 2626
932 813 143 69 onsieur

788 1365 53 85 Je
885 1345 231 105 Memprene
1174 1365 31 82 de
1248 1353 68 91 Vous
1382 1338 82 104 faire
1523 1334 82 104 Part
1678 1337 39 93 de
1760 1341 23 96 la
1812 1349 201 84 Nouvelle
2072 1364 45 70 qui
2161 1361 1 67 a
2198 1339 60 85 été

529 1501 176 66 apportée
776 1492 55 66 Par
869 1510 27 44 la
978 1498 143 66 fregate
1192 1488 38 67 La
1285 1488 235 77 Capricieuse
1592 1499 60 66 qui
1696 1506 0 46 a
1761 1490 93 66 quitte
1915 1498 32 58 la
2008 1489 158 74 Colonie
2216 1492 71 71 Vers

541 1622 31 77 Le
662 1598 32 101 20
746 1596 25 102 de
822 1594 238 104 Nonvvembre
1109 1593 3 95 &
1186 1607 124 81 arrivée
1361 1625 18 49 à
1423 1591 268 91 Rochefort:
1720 1597 24 81 il
1781 1604 130 76 pasoit
1964 1615 92 66 pour
2108 1596 169 83 Certain

550 1717 102 74 avant
703 1718 47 76 son
794 1712 131 85 départ
992 1724 29 61 de
1077 1716 35 72 S^t
1162 1716 193 78 Domingue
1423 1726 57 63 que
1541 1711 239 84 leNommé
1854 1741 141 51 Viment
2041 1741 68 49 ogé
2182 1733 51 58 qui

543 1823 137 80 s'étoit
745 1844 40 61 mis
850 1854 13 51 à
935 1854 59 56 La
1059 1833 59 77 tête
1190 1832 105 77 d'une
1347 1829 98 85 horde
1509 1820 27 94 de
1594 1828 67 86 gen
1732 1817 27 85 de
1804 1817 144 94 Couleur
2006 1844 106 66 après
2163 1841 106 56 avoir

554 1927 64 81 été
676 1927 142 88 défait,
846 1935 98 80 avoit
980 1951 55 61 été
1090 1927 225 89 Contraint
1394 1946 30 69 de
1473 1954 72 61 suir
1600 1946 79 68 avec
1740 1950 67 57 une
1872 1931 220 83 Trentaine
2156 1924 112 74 des–

561 2041 94 77 siens
742 2053 72 56 dans
879 2039 44 73 la
967 2047 132 71 Partie
1142 2050 247 66 espagnole,
1416 2044 55 70 est
1520 2039 143 72 tombé
1707 2041 126 70 ensuite
1910 2034 87 77 entre
2057 2037 39 73 les
2145 2032 148 73 Mainis

578 2151 48 70 des
697 2160 173 63 français
956 2160 49 64 qui
1064 2147 22 70 se
1151 2146 238 77 Disposoient
1470 2148 16 68 à
1535 2153 49 64 lui
1632 2152 92 64 faire
1816 2141 109 75 subir
2022 2163 173 54 Le–

577 2261 245 81 Châtiment
918 2257 98 83 qu'il
1070 2258 177 79 méritoit.
1313 2249 50 83 Ce
1410 2246 117 82 Chef
1605 2263 68 66 pris
1769 2253 227 72 promettoit
2076 2244 103 76 le–

943 1165 27 70 Sn

1065 1186 30 113 Pa

1940 2367 4 66 8
