3136 4048
857 400 1766 108 à l'un de ses Etocs, un outil dont il avoit besoin. L'Exposant

852 501 1753 103 le lui permit, et avec plaisir. Tan s'occupa à son objet; –

854 600 1699 101 et l'Exposant se disposa à faire au Pistolet du sieur–

852 699 1701 101 Vrigneau, la réparation convenue. Ce Pistolet étoit –

845 791 1638 108 chargé; l'Exposant l'ignoroit; le S^r Vrigneau avoit eu–

852 879 1762 106 l'imprudence de ne pas l'en avertir. L'Exposant ayant

850 980 1730 103 voulu assujettir cette arme dans un Etoc, le feu prit, on

841 1083 1746 102 ne sait comment à l'amorce; le Coup partit, et porta

841 1173 1741 97 malheureusement sur le nommé Tan qui en reçut une

839 1261 564 95 blessure mortelle.

830 1461 1750 104 dans la rue ; Il appella du secour : on accourut; une foule

1010 1362 1622 111 L'Exposant à la vue de ce Malheur, courut toout accablé

827 1551 1773 119 de personne se réunirent à l'exposant, et s'empresserent

825 1641 1762 106 de soulager le malade. On s'apperçut bientôt avec douleur,

841 1736 1644 110 que ces soins alloient devenir inutiles, et que Tan–

832 1841 423 70 alloit mourir.

1050 1931 1505 97 On voulut cependant savoir si  le Coup étoit

823 2021 1800 115 innocent. On en fit plusieurs⎯fois la question au Blessé.

823 2120 1714 106 chaque fois on l'entendit répondre qu'on n'avoit –

825 2224 1732 114 aucun réproche à en faire à l'Exposant; que cé

814 2320 1795 95 n'étoit qu'un accident involontaire; que l'oin d'avoir à

827 2415 1726 108 se plaindre en aucune façon de l'Exposant, il n'en

814 2518 1779 119 avoit jamais reçu que des Bienfaits: qu'enfin il–

814 2622 1354 96 n'y avoit aucune faute à lui imputer.

1019 2705 1599 133 Tels furent les Témoignages d'innocence que

809 2813 1796 103 la vérité arracha au Moribond en faveur de l'Exposant.

807 2914 1741 110 Tous ceux qui y étoient accourus, les entendirent.

796 3015 1728 108 Et comme ces mêmes Personnes auront sans doute,

800 3128 1762 114 été appellées en déposition, elle ont dû déposer–

800 3227 1775 121 ces faits justificatifs, et n'ont rien pu dire qui ait–

803 3323 1518 120 pu le moins du monde, charger l'Exposant.

949 3436 1563 126 D'aprés cela, par quel excès de Zèle, par–
