2752 3560
537 341 312 104 des chevaux.

614 338 1473 210 Le S^r de Perrigny se retira vers le Sieur Intendant et il fut convenu

561 456 1484 193 entr'eux verbalement que moyennant 2500^lt de loyer qu'il payeroit au

552 504 1529 225 Roi, c'est à dire aux personnes qui lui furent indiquées par M. de

540 608 1380 222 Clugny, Il lui seroit tenu compte des réparations qu'il y feroit.

641 801 1419 121 Le S^r de Perrigny ne craint pas d'avancer, Monseigneur, qu'il

572 904 1500 107 à dépensé plus de 20,000^lt du sien pour remettre toutes choses en l'état

572 937 1488 169 que méritoit le lieu qu'il habitoit, dans la confiance qu'il lui seroit tenu

561 1109 478 74 compte de ses déboursés

662 1065 1398 183 Lorsqu'il étoit dans le cours de ses travaux, il eût lieu de s'apercevoir

572 1201 1482 148 que le S^r Intendant n'avoit pas dessein de lui faire payer bien exactement

572 1332 1509 94 tous ses deboursés, il s'en expliqua par écrit avec lui et reçût une réponse

581 1403 1428 95 très claire qu'il a en original, par laquelle M. l'Intendant disoit

567 1237 1514 347 n'avoir entendu lui faire payer que les dépenses qui seroient jugées nécessaires.

561 1560 1531 101 Il avoit eû la précaution de faire faire un devis par le S. Lagneau de larisse

564 1610 1517 146 Ingénieur du Roi, de l'ordre de M^rs Bars et Clugny du mauvais état du

567 1705 1505 125 sud^t Gouvernement: mais il ne peut, Monseigneur, vous le

575 1785 1437 128 mettre sous les yeux, parce que tous les papiers qu'il avoit produits à

590 1869 1422 130 l'Intendance, pour le réglement de son compte, savoir son compte de

567 1981 1520 101 dépense et les piéces au soutien, le devis, le toisé de l'Ingénieur, &, tout

584 2038 1491 124 cela a été censé perdu dans le transport des papiers du Gouvernement

578 2136 1526 109 et de l'Intendance au Cap lors de l'arrivée de M. le Cte de Belsunce qui

581 2245 1500 98 y fixa sa résidence : ce qui a été un des prétextes à lui refuser –

581 2290 1473 151 constamment son remboursement jusqu'à ce jour, quoique, sans en

581 2435 1511 89 excepter un, tous les officiers d'administration depuis M. de Clugny compris

578 2325 1446 297 jusqu'à M. de Bongars, lui ayent tous promis de faire finir cette affaire.

688 2628 1437 95 Tout ce que le S^r de Perrigny peut vous observer, Monseigneur,

599 2634 1476 178 c'est que lorsqu'il est entré au Gouvernement de Leogane, tout étoit dans

608 2791 1520 113 le plus triste état et que lorsqu'il en est sorti, M. de Clugny qui en a

599 2794 1505 193 fait la visite lui même, ainsi que venoient de la faire M. le Compte de

602 2972 1502 89 Langeron commandant des troupes et M^r de Kerdisien Tremair –

593 2865 1511 297 commissaire general ordonnateur au Cap, le trouverent suffisant
