3808 3040
631 310 1256 95 Domestique des parties Et nous a representé

638 385 1309 86 l'exploit d'assignation a luy donné par Graugé huissier

635 461 1294 79 le quatrieme de ce mois, pour déposer a la requête

638 516 1059 95 de jean Thomy, le procureur fiscal joint

731 589 1220 96 Depose sur les faits mentionnés En la plainte

638 653 1247 105 dudit jean Thomy, de laquelle luy avons fait

623 732 1289 93 Lecture, que dimanche trentieme du mois de

626 814 1318 91 juillet dernier, le nommé janson vint a cheval

625 893 1302 93 chez luy déposant ou jl mangea un morceau

625 957 1272 100 Et But un Coup, Et dans la conversation jl

621 1043 1325 103 jnsulta le sieur Laurent, cousin de luy déposant,

626 1121 1239 98 En luy disant que ce n'Etoit pas un visage

635 1195 1294 97 comme lui qui l'auroit fait cocu, Ensuite de

638 1276 1274 119 quoy parlant dudit Thomy luy deposant

635 1364 1284 101 luy ayant dit qu'il ne croyoit pas que ledit

554 1438 1350 83 Thomy Eut Eû aucun commerce avec sa

641 1508 1227 115 femme, jl repliqua que s'il En Etoit

638 1604 1264 91 persuadé jl le tueroit Ensuite de quoy

616 1677 1289 98 sortant de la maison dudit Déposant ledit

638 1754 1299 103 janson dit qu'il alloit chercher ledit Thomy

631 1832 1132 101 pour vuider cette affaire Ensemble.

763 1915 1137 101 Declare En outre ledit Deposant que

648 2004 1269 100 les sieurs Laurent et Pelerin ayant Eté assignés

653 2075 1247 101 chez luy pour déposer ce jourd'huy en la

645 2149 1272 115 presente jnformation, les dits sieurs sont hors

640 2241 1260 94 d'Etat par maladie de s'y rendre ce qu'ils

645 2318 1274 90 Esperoient faire neanmoins jeudy prochain,

626 2398 1271 77 requerant acte de son dire Et la décharge

635 2475 1241 73 de l'amende Encourruë pour le deffaut,

630 2556 1274 85 ce que luy avons accordé, a la charge par

636 2629 1296 90 lesdits sieurs Laurent et Pelerin de comparoir

2351 293 1261 114 par devant nous jeudy prochain pour

2329 378 1296 103 donner leur deposition. Qui Est tout ce

2361 466 592 81 qu'il a dit scavoir.

2356 521 1281 110 Lecture a luy faite de sa deposition, a dit

2339 604 1286 108 jcelle contenir verité y a persisté, a signé

2356 682 1283 101 Et na requis salaire. ainsi signés a la minutte

2358 754 1174 112 Rossignol. DEcopin. Et Casamajor greffier.

2816 891 828 95 Du neuf aoust mil sept cent

2799 971 566 81 dix neuf, au matin.

2358 1035 1289 111 Alexis Marolin, habitant a la grande

2365 1121 1270 98 terre de S^t Louis, y demeurant paroisse de S^t Louis,

2380 1194 1221 79 agé d'Environ quarante ans, lequel aprés

2361 1249 1293 97 serment par luy fait de dire verité Et qu'il nous a

2366 1324 1284 82 dit nEtre parent, alliés, serviteur ni Domestique

2365 1393 1294 103 des parties, Et nous a représenté l'Exploit d'assignation

2366 1471 1283 109 a luy donnée par Graugé huissier le cinquieme

2324 1538 1281 98 de ce mois, pour deposer a la requête de

2285 1604 1259 122 jean Thomy, le procureur fiscal joint.

2510 1699 1144 109 Depose sur les faits mentionnés En la

2368 1780 1232 125 plainte dudit jean Thomy, de laquelle luy

2365 1849 1247 113 avons fait lecture, que le nommé janson

2361 1923 1262 105 dina chés luy le dimanche trentieme juillet

2368 2006 1284 110 dernier qu'Ensuite jl s'en fut Et Revint le

2361 2089 1291 96 meme jour Environ, minuit ayant amené

2378 2171 1276 90 avec luy deux négres marrons qu'il dit avoir

2375 2244 1267 90 trouvé dans ⟦⟧ grand chemin dont jl

2377 2330 1265 91 voulut charger luy deposant, ce qu'il ne

2377 2406 1253 107 voulut point accepeter n'ayant point de

2375 2492 1258 88 Barre, qu'Ensuite jl But un coup d'Eau

2378 2563 1235 112 de vue, En pris dans un poban Et s'En fut.
