2048 2784
438 95 114 81 S^t 9.

443 429 1465 118 Le S. Taillevis de Perigny étoit major à Léogane lorsqu'en

473 525 1454 115 1753. Les états majors ont été suprimés à S^t Domingue.

460 623 1434 100 Il a été nommé Lieutenant de Roi de la même place

476 728 1442 111 Lorsqu'en 1769 ces états majors ont été rétablis. cet

474 833 1428 127 officier, qui etoit en france, n'a pas été reconnu dans

479 943 1409 118 ce nouveau grade et cependant il a obtenu en 1771.

468 1040 1400 113 sa retraite sous ce titre avec la pension de 1500^lt

499 1177 673 103 qui y étoit attachée.

665 1263 1240 136 Il resulte de ce détail que le S. de Perigni

499 1404 1412 138 ne peut prétendre aux appointemens dune place

501 1532 1390 132 qu'il n'a pas remplie, et qu'il a obtenu une –

507 1639 1394 131 retraite avantageuse à laquelle il n'est pas possible

507 1789 1346 97 de rien ajouter, sans donner lieu à une –

515 1897 1372 110 multitude de pareilles demandes qui seroient

519 2041 460 98 mieux fondées.

669 2118 1224 160 Il est possible de faire payer en france la

521 2273 1367 105 pension de cet officier, aussi longtems qu'on aura
