3808 3040
640 312 1287 84 du nommé Coutois et comme ledit janson

633 391 1306 103 passoit son chapeau Rabbattû sur les yeux.

631 476 1301 94 ledit Gillet lui dit: tu passe Bien fesement

633 557 1282 79 a quoy ledit janson ne repondit mal, mais

625 626 1307 90 Etant par le travers de la Croupe du Cheval

640 697 1292 91 de Thomy qui suivoit ledit Gillet il tira

633 771 1289 100 un pistolet de poche En disant audit Thomy

633 851 1254 88 de mettre le pistolet a la main Et En

636 932 1289 86 même tems luy lacha le Coup dont ledit

635 1006 1275 113 Thomy est Blessé. qui Est tout ce qu'il

643 1111 380 72 a dit savoir.

733 1183 1189 114 Lecture a luy faite de sa déposition,

636 1278 1264 84 a dit jcelle contenir verité, y a persisté,

631 1349 1256 71 a déclaré ne savoir Ecrire ni signer de ce

621 1432 1279 91 Enquis suivant l'ordonnance, Et aprés qu'il

623 1508 1302 96 a Requis salaires luy avons taxé la somme

614 1596 1303 106 de six livres. signés a la minutte DEcopin

584 1682 721 96 Et Casamajor, Greffier.

1008 1780 811 152 Dudit jour aprés midy.

623 1960 1282 81 Humber Cobert dit Coutois, habitant

616 2045 1294 106 du quartier Et paroisse d'aquin y demeurant,

625 2124 1287 98 agé d'environ quarante deux ans, lequel

616 2217 1279 88 aprés serment par luy fait de dire verité

608 2301 1287 88 Et qu'il nous a dit n'Etre parent, allié, serviteur

601 2381 1260 74 ni Domestique des parties Et nous a representé

565 2459 1318 99 l'Exploit d'assignation a luy donné par

613 2543 1272 74 Graugé huissier, le trois du Courant, pour

618 2616 1237 98 deposer a la requête de jean Thomy, Le

326 1932 114 130 4^e

2409 331 680 89 procureur fiscal joint.

2549 417 1132 98 Dépose sur les faits mentionnés en la

2399 506 1270 78 plainte dudit jean Thomy de laquelle luy avons

2385 572 1277 90 fait lecture, que le dimanche trentieme du

2399 650 1275 88 mois de juillet dernier, sortant de la maison,

2393 729 1284 83 du nommé flatron il remontra le nommé

2390 800 1240 83 janson a l'extrémité de la place dudit

2399 886 1267 88 flatron qui Etoit pied a terre avec son négre

2382 962 1285 100 Lequel luy demanda s'il ne sçavoit point

2387 1050 1241 81 ou Etoit Thomy, que luy déposant luy

2371 1131 1298 96 Repondit qu'il n'en sçavoit Rien, qu'aussitôt

2375 1219 1272 88 ledit janson Remonta a cheval Et prit

2358 1303 1297 93 son chemin devers aquuin; que luy déposant

2356 1381 1269 95 poursuivant son chemin pour se rendre

2365 1455 1267 95 chez luy Etant par le travers de la salin

2377 1538 1278 105 de la compagnie, jl Entendit un coup de

2370 1629 1272 90 feu, qu'un peu plus avant jl rencontra

2355 1709 1307 84 les nommés Gillet Et Thomy, jl Entendit Gillet

2370 1798 1291 88 qui dit a Thomy: Est-tu Blessé mon frere.

2366 1883 1273 77 que ledit Thomy repondit que oui; que

2366 1964 1247 77 ledit Gillet adressant la parole a lui

2368 2053 1259 80 Déposant luy dit ainsi : vous serés témoin

2361 2138 1264 62 comme quoy janson vient de donner un

2356 2224 1279 86 coup de pistolet a Thomy. a quoy luy

2361 2308 1247 76 deposant Repliqua qu'il n'avoit rien vû;

2353 2372 1252 87 que la femme a luy deposant luy a dit

2341 2464 1262 77 que le soir meme ledit janson Etoit venû

2334 2550 1288 79 chez luy, mais que luy déposant ne l'avoit

2339 2634 1274 98 point vû Etant pour lors chez la Guerard.
