2784 3552
604 240 1552 132 ce acceptant le plus prétieux que puisse être,

637 376 1471 127 en sa faveur, le suppliant désire par ce don

582 501 1546 106 reconnaitre les bons services de ladite Julienne

588 621 1524 113 et de nourrir entretenir ledit Augustin, et lui

566 741 1566 137 faire apprendre un metier, afin qu'il soit en –

564 872 1564 106 état de gagner sa vie, et éviter par ce moyen –

560 990 1584 134 qu'il devienne à charge à la Colonie et ferez Grace –

621 1103 857 128 Signé Sébastien Gouergue.–

724 1225 1418 120 Accordé Considération de L'utilité dont le

592 1361 1548 111 dit Augustin pourra être à la Colonie en servans

580 1481 1538 119 dans la Compagnie des Chasseurs. Signé.

606 1594 1526 162 Fiedmond, et qu'il se soumettra à luy faire

598 1758 1522 126 apprendre un métier, sans que la présente

501 1882 1668 140 permission deviendra de nul éffet Signe Preville

713 1885 1460 243 Par devant les Notaires Royaux

592 2125 1540 152 à Cayenne et Provinse de la Guyane française

586 2289 924 94 en amérique soussignés. / –

659 2397 1499 154 Fut present le sieur Sébastien Gouergue.

572 2549 1595 148 Habitant de cette Colonie, demeurant ordinairement

566 2681 1594 142 sur son habitation quartier de la comtée paroisse

588 2796 1469 148 Notre Dame, de Rouracs, étant logé ce jour

570 2936 1487 140 nouvelle ville de Cayenne, rue de Choiseul

576 3044 1481 166 Paroisse S^t Sauveur, Lequel vertu de la

580 3202 1520 162 permission et agrément de messieurs les
