2144 2624
350 428 1537 102 devoir en remettre vue expédition à M^r le Comte d'Enneri.

484 485 1495 125 Il pourroit, Monsieur De Sartine, en me faisant justice,

352 551 1637 138 sur ce que le Roy me doit si légitimément, m'empêcher de ressentir

345 635 1606 137 icy jusques à ce que je sois un peu réparé le mal que j'ai

341 699 1658 147 éprouvé là-bas ; mais par quelque moyen que ce soit, monsieur,

333 766 1643 155 si vous en trouvez quelqu'un de proposable, car il en est de plus

342 852 1656 137 d'une espèce, j'espére que vous aurez la bonté de le porter

344 949 1069 126 à une procurer quelque grace du Roy.

494 1005 1508 137 Ne regardez pas ceci, je vous prie, comme une nouvelle

341 1071 1652 153 importunité je m'étois bien promis de ne plus rien demander,

341 1138 1665 159 et vous le savez bien, monsieur, mais la circonstance m'y force,

342 1223 1573 153 et s'il n'est rien de possible, rendez-moi au moins se

347 1293 1636 153 service de partir de là pour recommander à Monsieur

357 1368 1633 164 le Général mes affaires en ce pays-là, et de m'adresser

350 1447 1636 163 un double de la lettre que le ministre m'a promise afin

351 1526 1631 172 que je la fasse passer à mon fondé de procuration.

593 1619 1357 139 j'ai l'honneur d'être en cette année comme

361 1737 1005 110 en touttes celles qui la suivront,

721 1892 375 94 Monsieur,

1190 1992 808 111 Votre très humble

1230 2078 720 123 & très obéissant

1198 2208 794 115 Serviteur Perrigny
