2336 3520
164 119 450 107 M. d. L. C

256 211 763 115 ⟦lre⟧ ecrire a m. de Vaivre

1449 181 570 90 M De Villeneuve

1647 279 350 88 ⟦M. duhalles⟧

1275 481 839 185 A Monseigneur

808 702 1322 144 Monseigneur De Sartine

804 852 1287 102 Secretaire d'Etat ayant le département

837 950 1103 88 de la Marine et des Colonies.

919 1179 702 129 Monseigneur,

569 1480 1526 135 Le S^r De Taillevis De Perrigny, lieutenant du Roy

461 1578 1691 103 honoraire de Saint Domingue, a l'honneur de vous exposer que

455 1656 1677 98 pendant qu'il a commandé au quartier de Leogane avec le

455 1742 1697 84 grade de major, ayant lors pour tous appointemens et traitemens

451 1820 1697 96 quelconques reglés par l'ordonnance du Roy 1759, trois mille livres

453 1900 1726 88 argent de la colonie, il désira habiter la maison occupée cy-devans

455 1982 1728 81 par le Gouverneur Général de la colonie en la ville de Léogane,

453 2057 1568 88 avant que sa résidence eût été transférée au Port au prince.

565 2133 1583 94 M. De Clugny nuis lors Intendant y consentit, en, par

440 2211 1647 90 le S^r De Perrigny, dédommageant annuellement la caisse du Roy

444 2291 1661 79 d'une somme de Deux mille cinq cens livres, ce qui a réduit

442 2374 1616 86 ses appointemes à la somme de cinq cens livres par an.

567 2454 1555 88 Le S^r De Perrigny trouva le gouvernement dans le plus

430 2528 1569 80 mauvais état possible, pour ce qui regarde la couverture,

434 2443 1693 235 partie même d'un bâtiment essentiel en ruine, ainsy que les

425 2692 1690 71 hayes et entourages destinés à clore les savannes et jardins

431 2742 1681 94 qui en dépendoient. Il se retira vers le S^r Intendant, et

422 2843 1694 88 il fut convenû entr'eux verbalement que moyennant deux

426 2927 1700 86 mille cinq cens livres de loier qu'il payeroit au Roy, c'est-à-dire,

418 3007 1671 106 aux personnes qui lui seroient indiquées par M. De Clugny, il
