2161 2621
366 132 58 67 au
477 128 104 76 nom
651 127 256 80 Dupere,
929 125 1 61 &
998 120 43 79 du
1086 120 124 82 fils,
1243 123 1 69 &
1294 118 49 63 du
1388 113 228 77 saintes
1655 115 118 76 prit
1841 114 141 68 ainsi

367 231 106 74 soit
532 229 81 72 il.

368 315 196 67 comme
632 290 220 92 chretien
938 279 291 93 catholique
1296 273 330 93 apostolique
1685 264 3 77 &
1729 261 221 83 Romain

368 420 80 80 J'ai
503 409 156 80 vecu,
683 411 1 72 &
733 398 201 91 compte
1011 408 183 58 mourir
1260 392 126 63 dans
1440 382 33 72 la
1539 375 269 78 croiance,
1830 370 102 64 &

373 502 310 79 sentiment
755 505 34 76 de
839 519 45 61 ma
926 493 340 80 Relliion.

372 598 45 89 Je
451 597 87 85 prie
605 600 94 74 ceux
765 583 124 78 entre
961 580 63 79 les
1090 595 156 55 mains
1310 577 40 75 de
1384 586 70 59 qui
1512 567 89 65 mon
1646 550 145 85 corps
1844 540 51 68 se

370 698 235 88 trouvera
694 693 35 88 de
759 687 86 92 luy
902 691 170 72 donner
1148 665 442 95 charitablement
1624 656 39 80 la
1709 647 282 101 sepulture

369 805 100 77 avec
515 803 41 89 le
609 813 140 63 moins
848 793 303 96 d'appareil
1221 806 77 72 que
1348 772 142 102 faire
1547 769 38 92 se
1641 772 230 92 poura.

443 907 256 83 avenant
784 916 86 61 mon
941 898 165 83 deces,
1142 884 43 91 je
1226 885 149 82 veux,
1403 893 3 58 &
1469 868 213 82 entends
1743 861 81 89 que
1855 856 107 71 tous

386 1021 87 65 mes
544 1010 132 74 biens
734 1004 112 87 tant
924 1010 210 68 meubles
1204 978 415 100 qu'immeubles
1686 971 125 87 dont
1844 971 90 75 j'ay
1983 964 35 61 la

365 1121 205 98 pleine,
603 1117 247 82 entierre,
889 1114 1 71 &
950 1105 130 78 libre
1144 1082 358 101 disposition;
1552 1073 182 77 metant
1783 1062 187 82 trouve

365 1226 158 68 Dans
569 1222 30 67 la
679 1220 223 77 necessite
979 1225 32 52 de
1054 1200 173 77 rendre
1327 1194 102 79 mest
1478 1192 195 75 ancien
1774 1178 246 81 propres,

349 1330 1 66 &
437 1328 110 84 tout
596 1325 27 87 ce
659 1332 72 78 que
774 1331 89 76 j'ay
945 1307 191 76 n'etant
1197 1295 123 88 plus
1412 1281 296 92 quacquet
1761 1279 128 65 dans
1952 1275 52 61 ma

377 1423 328 92 perlonne,
768 1413 187 70 soient
1030 1407 54 69 dis
1114 1394 260 85 tribues,
1407 1388 6 89 &
1465 1388 292 87 parlages
1810 1369 49 61 de
1895 1366 34 58 la

382 1529 271 71 mansere
738 1519 2 57 &
805 1514 181 68 fercon
1061 1506 88 61 qui
1215 1495 122 70 suit

377 1613 57 86 Je
479 1607 249 82 donne,
761 1595 3 76 &
833 1592 159 82 legue
1073 1596 105 62 aux
1230 1587 117 63 trois
1397 1559 214 78 enfans
1690 1564 40 46 de
1785 1537 268 74 Monsieur

354 1724 48 63 Le
444 1712 197 80 breton
708 1710 73 66 des
818 1688 303 85 chapelles
1217 1693 104 61 mon
1366 1664 120 76 beau
1536 1654 139 68 frere
1776 1657 63 46 une
1881 1635 162 67 somme

365 1817 36 77 de
440 1802 257 85 quarante
777 1793 109 75 mille
946 1783 188 79 livres
1208 1766 215 78 argent
1486 1755 48 64 De
1569 1737 39 81 S^
1643 1715 327 91 Domingue

364 1908 251 72 laquelle
679 1895 119 68 sera
862 1879 278 79 distribuee
1216 1879 135 59 entre
1410 1873 82 51 eux
1558 1854 108 66 par
1728 1826 178 77 egale

373 1998 295 96 portion,
718 1993 4 82 &
785 1985 111 86 par
946 1972 105 80 tete
1120 1974 142 71 pour
1336 1970 76 58 sy
1480 1929 249 83 succeder
1802 1921 88 65 lun
1984 1927 2 59 a

144 286 67 57 ENIR

158 339 50 50 CCrIe

129 870 84 74 N19

372 2100 192 83 Lautre
653 2089 210 81 ensorte
935 2065 383 87 quarrivant
1389 2042 47 78 le
1477 2038 143 70 deces
1671 2028 61 70 du
1780 2018 213 70 dernier

371 2205 146 76 sans
570 2194 265 77 enfans,
881 2189 45 59 la
992 2158 127 74 ditte
1197 2143 238 75 somme
1510 2118 118 81 sera
1689 2092 273 95 reversible

766 2285 109 65 marc
935 2257 207 75 estienne
1206 2224 208 86 Robion
