4161 2641
394 144 19 49 à
465 134 274 70 Monsieur
805 126 237 75 francois
1117 132 129 61 brice
1311 118 205 56 Robion
1601 115 331 72 Demareuil

415 246 98 50 mon
566 225 132 68 frere
775 241 123 48 pour
970 226 25 60 la
1087 217 152 66 moitie
1306 206 332 73 seulement,
1671 202 1 70 &
1735 198 152 73 l'autre
1944 199 103 68 moitie

391 337 50 70 De
467 336 28 73 la
559 334 87 72 ditte
699 350 180 50 somme
948 348 1 41 a
1040 344 50 43 ma
1138 319 125 68 sœur
1314 316 144 71 cottes
1509 314 42 65 en
1597 298 332 82 jouissance,
1954 297 2 71 &
2013 303 2 59 a

397 442 65 66 ses
503 435 180 79 enfans
740 450 43 62 en
835 430 275 83 proprieté,
1140 445 54 54 au
1241 429 154 68 desir,
1417 416 5 77 &
1481 404 219 75 suivant
1738 407 25 59 ce
1797 412 77 58 qui
1912 387 83 74 sera

403 546 140 98 reglé
600 556 35 83 cy
691 547 147 90 aprés
894 548 128 83 pour
1074 520 31 75 la
1172 521 122 78 part
1354 517 151 72 quelle
1558 509 95 74 doit
1704 488 284 98 prendre–

392 665 145 67 Dans
622 674 54 55 ma
733 658 194 66 dicture
1002 647 347 62 succession.

414 762 171 66 qunt
653 756 69 62 au
760 740 211 80 surplus
1073 757 29 54 de
1158 744 70 64 mes
1285 723 147 81 biens
1501 718 112 74 tant
1678 709 212 72 meubles

403 863 412 94 quimneubles
874 877 28 52 en
951 849 280 82 quoiquils
1283 832 249 79 puissent
1582 812 239 93 consister
1888 808 42 77 je
1950 806 51 72 les

407 978 193 73 donné,
623 979 2 63 &
687 971 131 73 legue
906 981 1 54 a
995 968 233 63 monsieur
1280 964 220 54 francois
1545 936 118 70 brice
1713 925 299 73 Robion–

404 1074 53 78 De
499 1075 261 82 Mareuil
849 1091 89 58 mon
997 1071 172 71 frere,
1196 1072 4 65 &
1262 1074 80 63 aux
1405 1074 37 50 en
1486 1039 111 85 fans
1669 1031 46 86 de
1746 1023 248 84 Maidame

407 1200 136 72 cottes
612 1210 46 53 ma
708 1210 121 55 seur
898 1204 72 52 que
1031 1170 258 80 j'institue
1376 1182 78 44 mes
1510 1145 324 81 legataires

416 1300 287 71 universels
770 1296 51 66 De
857 1282 94 80 tout
1012 1297 20 58 ce
1068 1293 76 58 qui
1209 1289 47 56 me
1289 1255 227 90 Restera
1598 1239 235 88 Dactif,
1892 1250 64 60 mes

391 1399 212 79 Debtes,
643 1408 1 54 &
725 1391 111 98 Legs
888 1398 207 83 payés,
1126 1385 9 59 &
1195 1364 227 82 preteres
1460 1367 161 64 Dans
1650 1374 33 71 la
1731 1333 277 104 propostion

405 1492 289 87 suivante,
758 1490 209 74 scavoir
1050 1499 93 52 mon
1188 1470 71 82 dit
1310 1462 124 86 frere
1504 1478 137 58 pour
1697 1445 35 75 la
1805 1442 206 71 moitil,

394 1603 1 60 &
486 1605 67 67 mes
613 1602 82 65 dits
750 1590 194 78 nereux
1017 1588 50 69 du
1124 1576 110 76 chef
1287 1583 38 55 de
1363 1560 262 72 Madame
1685 1547 137 67 cottes
1898 1539 56 61 ma
2022 1541 2 54 –

410 1721 142 57 sœeur
637 1715 126 57 pour
843 1685 168 80 Lautre
1102 1680 250 78 moitie.
1403 1658 248 84 voulant,
1670 1656 7 75 &
1724 1645 281 74 entendant

421 1820 79 81 que
543 1815 25 85 la
642 1811 129 86 part
829 1804 40 64 de
922 1809 76 57 mes
1057 1802 144 66 biens
1278 1803 81 60 qui
1406 1774 205 70 écheera
1695 1776 75 70 aux
1815 1757 90 68 dits

404 1922 198 75 enfans
684 1912 41 72 de
769 1922 46 57 ma
864 1919 152 57 sœur
1110 1892 130 78 cottes
1337 1885 116 78 leur
1505 1877 139 78 soit,
1678 1874 5 64 &
1751 1867 223 74 demeure

406 2018 285 76 substituee
767 2031 116 56 pour
945 2007 42 75 en
1043 2025 130 53 jouir
1240 2001 205 71 chacuen
1529 1976 369 84 également,
1929 1974 4 70 &

418 2121 345 73 Divisement
839 2123 86 71 par
976 2098 149 78 tele,
1165 2105 2 59 &
1224 2096 69 80 sy
1355 2086 234 84 succeder
1652 2087 263 71 jisquau

403 2226 124 63 Deces
590 2233 39 53 de
660 2220 247 67 MMadame
975 2211 135 66 cottes
1189 2197 54 66 ma
1285 2195 178 68 sœur,
1491 2196 3 61 &
1561 2186 104 67 leur
1726 2184 137 64 mere
1924 2190 3 53 –

399 2318 41 79 en
503 2324 270 70 propriete
857 2294 315 75 seulement
1256 2280 335 81 Reservant
1641 2285 3 58 a
1718 2264 56 78 ma
1814 2260 105 67 ville
1945 2256 99 68 sieur

649 2398 134 61 marc
834 2387 191 67 estienne
1095 2382 238 63 Robion

2339 118 106 72 lusu
2482 113 111 76 fruit
2647 127 44 48 sa
2740 117 45 57 vil
2833 105 231 75 durant;
3124 92 231 81 laquelle
3435 86 156 72 moitié
3638 84 35 61 de
3720 97 85 58 mon
3857 86 107 51 bien

2357 206 248 92 Jentend,
2627 208 8 66 &
2693 210 87 72 veux
2831 196 74 75 etre
2963 191 200 81 Regie,
3192 182 2 68 &
3245 169 309 86 administrée
3610 171 100 79 par
3760 156 255 70 Monsieur

2296 309 180 70 mirault
2509 302 124 61 lains
2703 303 97 61 mon
2850 297 275 62 cousinque
3183 285 33 68 je
3265 280 209 63 nommé
3526 265 90 65 leur
3674 253 245 77 curateur
3987 252 19 49 à

2357 386 40 74 cet
2452 383 104 85 effet
2611 386 52 62 ou
2712 372 52 74 tel
2808 367 128 77 autre
3004 375 97 77 qu'il
3144 367 90 79 luy
3284 353 159 91 plaira
3497 339 213 84 choisir,
3731 338 4 66 &
3796 332 219 64 nommer

2346 502 73 51 luy
2481 497 139 57 meme
2697 484 164 68 lequel
2912 492 93 56 fera
3080 464 203 77 employ
3342 459 38 66 de
3405 448 99 75 tout
3544 445 33 69 Le
3625 436 229 77 mobilier
3900 440 84 50 qui

2357 612 36 57 en
2439 616 99 50 fera
2595 587 241 83 partie,
2873 600 37 60 en
2972 594 183 72 negres
3210 583 124 71 pour
3387 554 63 75 les
3491 548 290 73 sermages
3830 528 95 60 etre

2356 719 199 71 Remis
2643 724 141 59 ainsy
2836 707 80 69 que
2968 693 26 71 le
3026 687 228 69 Revenu
3332 670 94 65 Des
3469 649 309 86 immeubles
3856 662 1 50 a
3922 643 60 59 ma

2352 830 102 73 ditte
2512 813 144 78 sieur
2739 803 113 79 tant
2905 804 150 68 qu'elle
3136 790 195 70 vivera,
3375 778 6 65 &
3430 777 6 69 a
3479 755 79 77 son
3607 744 129 81 deces
3780 739 85 84 être
3915 743 103 75 par

2359 932 124 75 ledit
2540 919 245 80 curateur
2853 902 284 86 Destines,
3159 899 11 60 &
3236 871 255 98 emploies
3544 883 24 68 à
3606 857 217 90 fournir
3878 850 92 73 aux

2350 1043 121 93 frais
2535 1035 34 76 de
2639 1024 323 92 leducation,
2988 1022 4 66 &
3062 998 238 82 entretien
3371 990 33 75 de
3446 975 68 76 ses
3555 974 88 67 dits
3672 954 198 90 enfans
3896 946 168 69 jusqu'a

2353 1173 108 62 Leur
2526 1143 251 84 majorité
2842 1149 47 58 ou
2960 1119 134 80 qu'ils
3157 1111 153 79 soient
3368 1100 235 73 pourvus
3640 1081 88 75 par
3786 1054 229 68 mariage

2367 1284 2 91 &
2441 1280 127 91 pour
2626 1253 215 100 executer
2934 1257 86 72 mon
3090 1227 217 98 present
3368 1199 281 88 testament
3707 1186 52 96 Je
3797 1184 188 80 nomme

2362 1385 51 65 La
2488 1359 258 88 personne
2782 1355 41 78 de
2855 1356 305 65 Monsieure
3218 1327 181 73 mirault
3433 1311 132 63 l'ane
3638 1306 81 53 mon
3786 1280 177 65 cousin

2363 1501 69 63 que
2472 1478 53 78 je
2565 1463 107 90 prie
2728 1455 43 79 de
2815 1436 189 94 vouloir
3041 1427 110 82 bien
3208 1403 207 91 prendre
3476 1401 105 77 cette
3623 1383 171 87 peine;
3818 1362 105 73 fait

2356 1594 3 62 a
2422 1587 82 73 tête
2572 1582 236 64 Reposée
2888 1569 3 62 a
2960 1545 225 75 paris,
3210 1537 8 66 &
3268 1524 170 72 signé
3494 1508 150 71 Dema
3705 1480 325 86 propremain

2361 1711 145 66 après
2564 1686 176 78 lavoir
2783 1690 49 60 lu
2908 1677 7 57 &
2963 1638 190 88 Retu,
3184 1636 6 80 &
3250 1634 191 81 déclare
3518 1592 325 98 Dabondant
3910 1589 87 60 que

2361 1803 53 74 tel
2465 1796 53 77 est
2592 1805 95 62 mon
2734 1770 298 87 intention,
3059 1765 5 73 &
3131 1752 326 81 ordonance
3504 1723 63 78 De
3597 1712 229 72 derniere

2378 1892 219 91 volonté
2653 1889 81 76 que
2776 1853 259 97 j'entend
3129 1849 83 77 être
3266 1833 228 91 executé
3552 1828 45 69 en
3628 1807 113 80 tout
3829 1791 112 73 son

2371 2005 276 85 contenu,
2679 2009 3 62 &
2727 1999 283 66 Reroque
3082 1950 411 103 expressement
3543 1942 96 65 par
3675 1933 65 77 ces
3773 1903 256 104 presentes

2371 2119 101 81 tous
2543 2103 154 89 autres
2739 2089 296 94 testamens
3103 2087 11 65 &
3190 2067 215 81 codiciles
3484 2056 95 77 que
3620 2031 51 92 je
3699 2019 238 86 pourois

2388 2239 128 56 avoir
2578 2209 134 82 faits
2800 2202 175 75 avant
3044 2177 40 79 le
3125 2172 217 80 présent
3424 2117 490 116 montestament.

2811 2315 149 66 Marc
3020 2294 212 77 estienne
3299 2260 257 94 Robion
