4263 2637
259 891 34 66 et
345 886 116 68 dure
525 895 56 64 au
633 881 163 72 point
860 891 77 59 que
1018 886 49 47 les
1120 871 175 67 negrie
1375 885 82 47 qui
1543 882 50 40 me
1630 853 288 78 gardoient

1559 936 1 36 a
1609 924 145 56 pare.

269 991 193 62 avoient
519 995 44 55 en
629 981 294 66 temoigner
994 974 111 53 leur
1176 965 443 68 etornement.
1724 971 72 57 ma
1868 964 116 64 belle

283 1081 149 69 sœur
530 1098 1 47 a
617 1094 51 58 un
732 1072 122 79 petit
935 1071 127 72 chien
1160 1066 193 76 affreux
1412 1066 78 72 que
1561 1059 66 63 lui
1687 1078 0 44 a
1758 1063 181 65 donné

268 1188 72 73 son
414 1198 111 61 pere
582 1198 1 44 a
651 1174 247 69 Nantes
1019 1174 59 68 cet
1141 1169 216 79 indigne
1443 1165 124 70 petit
1648 1160 233 74 ammal
1939 1157 116 79 n'est

276 1300 88 55 pas
437 1300 99 58 cinq
587 1279 246 76 minutes
889 1276 115 64 sant
1071 1274 204 66 aboyer
1342 1290 42 51 de
1420 1287 37 59 la
1545 1283 104 59 voix
1706 1267 42 74 la
1816 1265 119 76 plus
1987 1284 0 50 –

277 1400 129 70 degre
454 1399 38 63 et
527 1385 40 79 la
625 1380 113 86 plus
797 1375 346 88 clapissante
1271 1375 31 64 il
1363 1376 44 70 me
1473 1366 234 83 desoloit
1792 1388 87 58 moi

291 1516 201 62 pauvre
581 1490 207 78 malade
876 1501 64 60 que
997 1487 22 61 le
1071 1486 101 76 plus
1224 1482 117 75 petis
1403 1481 149 63 bruit
1620 1475 406 76 incommodoit

277 1597 132 70 tant
491 1606 78 56 mon
663 1594 102 65 mal
818 1582 48 79 de
931 1587 102 61 tete
1109 1580 120 76 etoit
1282 1574 274 80 viotent.
1645 1574 89 78 M^r
1788 1570 41 82 de
1883 1571 172 81 Louges

274 1698 87 73 chez
419 1693 186 78 lequel
702 1700 90 69 j'ai
841 1690 107 79 fait
1026 1699 49 55 ma
1168 1688 255 70 maladie
1504 1692 145 74 avoit
1707 1688 104 62 soin
1881 1691 99 72 des

281 1819 148 63 faire
510 1798 226 79 eloigner
801 1791 42 72 de
863 1791 36 75 la
964 1789 97 80 case
1149 1788 109 63 tout
1313 1797 29 54 ce
1402 1804 91 63 qui
1548 1790 259 77 pouvoit
1879 1800 91 64 etre

274 1916 203 68 entendu
536 1929 40 48 de
669 1919 85 57 moi
867 1917 56 51 ma
981 1901 100 70 belle
1144 1902 125 62 sœur
1317 1894 140 77 seule
1554 1892 204 75 malgré
1842 1909 74 53 mes

271 2020 103 73 plus
424 2033 132 54 vives
617 2012 411 79 supplications
1101 2011 97 61 celle
1243 2023 1 55 s
1317 2009 40 76 de
1437 2012 51 77 ma
1551 2010 187 79 femme
1806 2016 40 64 et
1914 2008 114 72 celles

295 2156 30 48 de
376 2142 104 60 M^r
577 2155 46 44 de
694 2135 268 72 Longpré
1039 2149 0 49 a
1116 2130 221 74 persiste
1404 2146 0 56 a
1481 2127 190 74 gauler
1748 2134 83 59 son
1877 2128 139 70 chien

295 2251 100 104 avec
475 2240 77 114 elle
617 2251 61 58 au
737 2252 90 57 lieu
909 2253 38 59 de
991 2238 307 102 l'envoyer
1380 2254 0 53 a
1462 2244 75 61 une
1582 2235 134 68 lielte
1769 2234 45 76 de
1858 2234 38 78 la

1861 2301 99 60 sur

3024 307 120 84 15e
3234 307 140 75 Piece
3463 285 161 93 cottée
3740 297 2 59 M

2382 678 325 82 l'habitation
2831 684 97 74 tout
2973 673 24 74 le
3058 675 166 74 monde
3302 678 36 70 en
3382 671 120 81 etoit
3552 669 280 82 indigne,
3889 691 28 51 ce
3974 679 63 66 n'a

2403 787 73 63 été
2552 793 145 59 qu'au
2742 781 140 67 bout
2937 772 32 72 de
3045 770 68 76 dix
3184 785 160 54 jours
3436 765 176 71 qu'elle
3668 764 108 62 s'est
3828 773 133 67 enfin
4085 785 0 49 –

2410 868 236 81 decidé.
2688 889 43 49 de
2778 872 31 70 se
2891 862 254 80 detacher
3229 860 49 79 pu
3362 865 126 67 plus
3536 858 150 78 vilain
3788 860 212 76 locquet
4088 874 68 60 qui

2408 983 57 63 ait
2530 986 197 60 jamais
2773 979 66 60 été
2908 972 240 68 apporté
3198 988 1 40 a
3324 980 86 55 S^t
3488 964 403 64 Dominque.
3984 958 57 61 Les
4087 964 1 54 –

2397 1072 336 83 contrarietés
2814 1079 54 65 ses
2932 1068 383 82 tracasseries,
3384 1067 154 70 m'ont
3595 1063 154 64 rendu
3824 1060 37 77 la
3901 1059 183 82 sieure

2409 1189 307 74 plusseuur,
2760 1185 144 71 enfin
3002 1181 90 74 las
3155 1180 36 64 de
3259 1179 238 71 souffrir
3570 1190 36 50 de
3670 1184 109 50 voir
3863 1183 301 60 qu'heureux

2400 1296 225 72 Amenn
3260 1287 193 65 depuis
3499 1279 162 68 trente
3722 1288 76 53 ans
3849 1283 183 57 ayant
4088 1289 0 41 –

2401 1397 232 72 toujoint
2705 1413 108 53 venu
2879 1397 107 67 avec
3075 1409 46 49 mn
3210 1387 169 75 sœurs
3439 1384 119 70 dans
3620 1399 39 58 la
3704 1381 124 69 plus
3888 1384 187 69 etroit.

2400 1509 164 67 amitie
2701 1520 31 52 je
2805 1509 254 57 pouvois
3112 1501 135 68 l'ettre
3325 1504 174 62 encore
3583 1503 39 52 en
3697 1499 207 62 vivant
3974 1493 108 68 seul

2401 1616 101 71 avec
2616 1624 57 60 ma
2730 1610 216 73 femme
3054 1607 117 55 sans
3270 1612 44 49 un
3368 1602 77 70 etre
3522 1605 230 69 auxquel
3807 1599 55 72 les
3922 1608 231 57 donceurs

2409 1716 32 73 de
2496 1717 295 68 l'amitié,
2846 1715 113 66 celles
2998 1715 133 65 d'une
3182 1722 61 55 cie
3324 1730 147 52 douce
3547 1714 36 60 et
3629 1711 269 67 tranquile
3979 1711 96 67 sont

2418 1832 270 65 inonnuis
2811 1840 102 50 j'ai
2984 1828 160 60 resolu
3210 1834 34 47 de
3320 1834 49 52 me
3440 1825 289 66 separer.
3840 1829 86 56 Mr
4041 1837 44 49 de

2408 1926 239 65 vongpre
2734 1926 127 67 notre
2924 1925 181 67 parint
3183 1925 29 54 et
3280 1928 88 65 bon
3421 1929 190 64 parent
3694 1926 34 53 et
3786 1933 83 46 ami
3923 1933 214 60 commen

3142 1989 23 41 de
3193 1979 113 54 porte

2400 2042 0 50 a
2499 2037 90 54 bien
2680 2026 156 62 voulu
2912 2026 28 58 se
2988 2023 218 68 charger
3268 2023 23 70 la
3348 2023 271 68 parole.
3728 2037 33 54 je
3804 2034 180 62 l'avois
4026 2046 91 50 prie

2408 2143 39 52 de
2496 2151 126 51 dire
2704 2152 0 47 a
2769 2127 165 69 M^elle
2983 2127 44 73 de
3081 2127 383 79 Maisonseule
3552 2136 66 70 que
3667 2139 202 67 satigué
3951 2151 39 50 de
4033 2135 55 65 ses

2428 2235 213 73 mantais
2702 2235 233 73 proceder
2996 2236 152 62 j'etois
3199 2239 167 61 deridé
3432 2248 0 51 a
3503 2235 219 63 prendre
3782 2249 76 55 des
3929 2252 183 54 moyens

4003 2324 119 64 pour

2644 496 99 66 JOIEE

2610 552 107 51 preeron
2734 561 98 57 genins.

2664 612 96 64 CCRVE
