4117 2641
304 738 100 61 pour
459 732 126 58 viore
640 703 225 92 eloigne패
919 702 188 87 d'elle,
1162 707 151 80 qu'ils
1356 700 187 78 etoient
1623 695 206 89 defsaire
1903 711 137 72 faire

318 839 71 53 une
473 837 116 54 crie패e
678 824 286 65 juridique
1008 811 521 74 dl'habitation;
1569 824 55 57 ou
1689 824 65 56 que
1804 825 35 52 si
1914 810 70 66 elle

325 917 209 84 voutoit
593 917 155 79 eoiter
807 933 34 54 de
928 913 138 71 metere
1147 925 89 57 noe
1295 905 286 78 defferends
1641 903 110 84 sout
1806 902 55 74 les
1921 919 110 65 yeux

325 1028 50 73 du
453 1031 201 76 publie
750 1041 80 65 que
896 1022 37 82 je
993 1022 286 72 prendrois
1339 1014 43 74 la
1424 1013 171 83 ferme
1668 1024 0 55 a
1722 1010 273 76 l'amiable

303 1138 63 78 elle
429 1155 0 53 a
503 1144 198 70 occepte패
764 1153 23 47 ce
849 1143 199 67 dernier
1122 1132 216 76 parte.
1428 1126 103 66 j'ai
1616 1125 34 62 eu
1707 1124 40 78 la
1815 1122 153 81 ferme

317 1257 1 67 a
413 1239 240 83 soixante
714 1248 35 68 et
799 1236 69 81 dix
947 1234 120 64 mille
1145 1233 217 72 livres.
1469 1247 35 44 je
1572 1244 57 43 me
1668 1225 193 75 tirerai
1912 1225 97 69 bien

314 1343 261 81 d'affaire
661 1357 94 54 car
835 1338 193 81 jeserai
1103 1336 118 82 bien
1270 1346 106 70 pres
1438 1355 43 57 de
1543 1336 106 66 cent
1723 1332 130 69 mille
1909 1331 137 75 livres

316 1463 103 61 cette
489 1455 143 63 anne패e
702 1451 37 70 de
809 1450 138 71 sucre
1007 1443 280 76 superbe.
1352 1440 42 61 et
1464 1437 128 65 dans
1652 1444 128 62 deux
1850 1438 82 59 ans

337 1586 81 48 mes
522 1560 217 72 moulins
787 1564 37 59 ne
862 1557 227 71 cesseront
1143 1558 92 66 pas
1294 1550 41 61 de
1389 1549 221 61 tourner
1689 1559 81 59 que
1820 1562 41 48 je
1925 1557 101 53 n'ai

324 1669 107 80 fait
508 1668 200 75 quatre
768 1667 95 67 cent
956 1657 218 73 milliers
1245 1653 39 72 de
1355 1657 290 68 sucre.
1788 1649 250 70 Aussitot

319 1789 62 71 les
449 1779 228 79 affaires
745 1778 305 63 termine패es
1135 1770 55 63 ma
1243 1762 190 72 dem^te
1492 1761 38 71 de
1589 1758 379 84 Maisonfuile

318 1893 98 62 nous
477 1900 1 49 a
559 1892 155 63 quitte패
770 1891 129 66 pour
960 1879 32 66 se
1063 1881 180 66 rendre
1320 1885 47 51 au
1449 1875 123 72 Trou
1665 1872 205 76 cordet
1952 1881 41 63 ou

317 1993 74 66 elle
468 2001 58 57 va
604 1989 303 71 desormais
969 1994 131 58 vivre
1240 1997 47 61 ou
1355 1985 52 67 du
1485 1993 146 58 moins
1699 1990 73 62 jus
1824 1982 104 67 qu'a

301 2098 85 69 son
466 2105 231 64 mariage
774 2099 121 72 dont
950 2100 71 67 elle
1092 2103 115 52 vous
1262 2109 0 50 a
1339 2100 274 71 surement
1689 2099 99 71 fait
1843 2107 126 61 part

322 2214 285 67 Madame
657 2211 40 66 la
762 2209 385 66 Marechale.
1223 2208 70 68 elle
1353 2228 121 50 vous
1533 2216 171 69 l'aura
1777 2222 136 59 peint
1967 2208 86 72 sous

316 2338 63 58 des
462 2329 225 50 conteure
775 2325 438 76 avantaguises.
1312 2329 120 58 mais
1499 2336 32 58 je
1582 2335 121 68 crois
1770 2334 220 69 pouvoir

1887 2405 94 57 vous

2440 699 0 0 /

2211 693 180 80 assurer
2455 706 115 55 dans
2623 706 18 47 ce
2688 694 125 64 guere
2860 693 36 55 la
2973 691 120 57 c'est
3145 691 32 73 la
3240 691 108 69 plus
3395 692 176 69 grande
3661 697 139 77 sottite
3853 717 1 57 m
3924 717 66 56 elle

2228 791 165 80 puisse
2428 787 274 84 faire.
2746 774 33 79 le
2854 775 134 74 ch^r
3057 777 39 75 de
3184 781 185 82 Dillon
3463 793 79 91 n'a
3597 802 116 72 pour
3756 812 128 70 toute

2228 887 220 70 fortune
2553 901 71 59 que
2688 894 100 62 cinq
2834 885 95 63 cent
2958 884 171 66 francs
3182 899 41 48 de
3269 890 230 64 pension
3574 890 55 70 pa
3698 894 37 69 sa
3804 893 177 75 famille

2240 990 31 72 et
2337 999 60 64 une
2458 991 142 72 petite
2671 991 249 61 concession
2986 998 0 49 a
3052 992 65 57 S^t
3188 994 325 70 Domingne,
3558 1002 154 62 qu'on
3791 1006 154 54 lui

3192 1035 95 53 avoir

2236 1075 312 79 diseute.
2667 1082 135 66 mais
2841 1085 34 57 il
2921 1078 1 64 a
2994 1078 189 69 dit-il
3242 1097 41 60 la
3342 1090 248 63 promesse
3656 1089 155 77 d'etre
3877 1092 94 74 fait

2243 1186 187 81 colonel
2513 1198 37 61 et
2609 1191 92 75 celle
2759 1185 134 63 d'une
2941 1185 132 63 place
3139 1184 84 80 chez
3283 1189 36 67 la
3384 1206 164 58 Rene
3619 1200 128 64 pour
3811 1198 116 66 sa

2243 1317 251 50 femne.
2588 1308 74 55 ma
2738 1297 110 67 belle
2902 1297 133 64 s콉ur
3102 1293 110 60 veut
3266 1292 414 68 apparement
3757 1303 109 53 aller

2236 1397 327 72 representer
2617 1389 89 77 ches
2765 1387 34 71 la
2864 1389 204 72 Rame,
3127 1385 604 82 vraisemblablement
3801 1400 100 62 ches
3955 1394 61 64 elle

2246 1508 31 69 il
2334 1508 25 68 le
2441 1508 113 67 mele
2627 1525 34 42 de
2709 1504 303 68 l'ambition
3099 1519 0 42 a
3163 1514 296 57 l'amour.
3596 1503 116 62 C'est
3781 1512 78 56 cr
3927 1502 34 66 et

2242 1597 140 83 M^de
2451 1597 175 81 volant
2708 1603 78 76 qui
2843 1599 161 73 eberge
3072 1598 28 70 le
3189 1594 340 84 malheureux
3592 1601 97 74 ch^r
3745 1598 33 73 de
3835 1596 155 79 Dillon

2239 1730 63 65 qui
2364 1724 105 71 sans
2530 1720 74 71 eux
2655 1722 141 66 seroit
2853 1716 105 61 fort
3014 1714 276 76 embarasse패
3368 1713 32 62 de
3436 1716 172 70 trouver
3696 1723 0 55 a
3759 1710 136 74 diner
3971 1725 33 57 et

2233 1844 1 51 a
2327 1827 172 70 souper
2571 1841 64 54 qui
2691 1826 79 72 ont
2821 1825 209 60 arranges
3072 1826 89 68 cette
3228 1826 146 75 affair
3489 1842 119 48 la.
3681 1829 32 62 si
3780 1834 52 63 ma
3900 1837 120 62 s콉ur

2237 1924 39 70 la
2343 1933 219 62 termine
2624 1927 168 67 comme
2831 1926 28 58 il
2927 1927 33 59 ya
3044 1929 96 68 mille
3207 1929 157 57 contre
3464 1941 3 45 n
3542 1948 2 56 a
3610 1947 181 56 parier
3884 1941 82 63 elle
4008 1948 31 59 se

2248 2030 198 71 vieme.
2560 2057 52 43 au
2690 2045 172 58 Moyen
2919 2049 42 50 de
3029 2039 401 67 l'arrangement
3480 2036 191 77 qu'elle
3740 2062 2 56 a
3813 2049 113 69 fait

2251 2155 96 62 avec
2431 2158 73 61 moi
2588 2145 62 77 elle
2706 2147 34 77 ne
2796 2155 174 64 payera
3043 2154 73 68 pas
3172 2155 62 57 des
3301 2155 154 67 dettes
3508 2156 176 65 comme
3743 2159 249 78 demoiselle

2237 2247 125 74 d'ici
2435 2247 1 67 a
2485 2247 88 78 bien
2640 2251 70 71 des
2766 2258 198 71 anne패es:
3033 2258 212 62 Mariee
3305 2275 108 68 avec
3472 2284 46 61 un
3577 2282 196 68 homme
3852 2296 70 55 qui

3856 2358 64 50 na
