4276 2678
277 742 262 79 reellement
579 752 88 62 pas
731 760 69 53 une
875 752 285 62 portugaise
1247 746 29 67 il
1323 740 180 76 faudra
1578 745 163 76 qu'elle
1804 744 180 77 fasses

291 827 81 76 soit
430 846 48 58 ici
569 835 220 70 n'ayant
841 840 138 65 point
1052 832 450 59 d'habitation,
1554 839 74 68 soit
1686 854 1 54 a
1752 852 147 59 Paris
1957 852 48 54 ou

312 939 64 63 elle
432 937 79 70 n'a
583 948 147 59 point
802 926 460 73 d'etablissement
1340 926 47 73 de
1470 931 226 67 nouvelles
1761 929 128 76 dettes
1944 950 117 55 pour

315 1029 223 73 soutenir
606 1027 26 72 le
738 1025 95 70 nom
914 1028 51 73 de
1002 1011 158 88 M^de
1203 1011 64 78 La
1372 1046 83 43 V^r
1536 1014 44 89 de
1655 1013 309 92 Dillon.

300 1134 255 85 Malgre
617 1134 97 79 tout
763 1131 27 63 le
871 1135 84 60 mol
1030 1130 166 76 qu'elle
1271 1144 90 53 m'a
1436 1132 109 76 fact
1601 1128 35 67 je
1684 1125 92 83 suis
1824 1124 150 84 fache
2021 1133 44 74 de

301 1245 74 79 lui
441 1260 98 57 voir
593 1241 142 78 faire
818 1248 63 64 une
953 1234 197 71 pareelle
1211 1231 196 79 folie.

403 1337 190 77 Qvant
646 1349 1 57 a
731 1355 74 54 moi
920 1339 268 75 Madame
1273 1337 37 76 la
1389 1334 285 78 Marechale
1814 1351 24 55 je
1893 1333 176 75 devient

293 1453 228 71 habitant
581 1458 34 61 et
670 1454 178 66 Sulett
952 1450 339 70 menagere.
1358 1460 205 60 j'espere
1646 1471 72 46 que
1790 1471 116 41 nous

297 1551 149 69 feront
486 1563 94 47 bien
665 1553 77 62 nos
806 1538 206 77 affaires
1119 1556 82 59 moi
1270 1538 109 73 celles
1444 1538 54 63 du
1579 1538 173 72 dehorr
1822 1545 33 69 et
1904 1550 70 63 elle

1379 1598 37 63 est
1446 1596 145 64 superbe

283 1649 108 74 celles
419 1644 31 73 de
526 1639 388 78 l'interieur.
1026 1639 114 76 Notre
1174 1635 245 84 Jardin,
1473 1655 101 57 j'ai
1639 1655 0 58 u
1710 1647 119 68 fort
1871 1630 77 85 bon

283 1767 218 56 econome
618 1769 41 50 un
722 1754 199 63 homme
979 1753 85 56 bien
1148 1756 44 63 ne
1256 1767 74 51 qui
1395 1750 172 66 reunit
1632 1744 0 59 a
1676 1743 35 67 la
1775 1746 292 66 connoissant

284 1850 37 82 de
343 1851 37 81 la
462 1852 186 74 custure
700 1857 49 59 du
813 1860 162 60 Sucre
1057 1851 31 68 et
1153 1839 30 71 de
1237 1838 30 84 la
1320 1842 250 80 fabrigne
1654 1833 427 83 Dealintelligeme

279 1955 87 72 ser
425 1954 244 73 beaucoup
729 1956 231 62 d'autres
1010 1950 186 58 objets.
1301 1961 46 52 je
1419 1958 102 60 vais
1576 1955 236 66 reparer
1884 1951 74 65 des

280 2052 269 73 batimens
617 2051 32 63 en
701 2050 286 70 construire
1071 2059 232 63 d'autres
1361 2054 31 58 ce
1450 2075 0 42 a
1535 2066 116 56 quoi
1724 2069 37 50 je
1824 2066 90 54 suis

321 2170 227 61 autorise
614 2168 88 63 par
764 2158 145 73 l'acte
971 2160 39 73 de
1077 2160 221 70 ferme.
1375 2161 106 66 mon
1553 2173 289 61 Troupeau
1924 2177 28 56 se

303 2275 170 76 monte
620 2279 81 67 mon
784 2274 339 69 colombier,
1176 2286 106 54 mon
1350 2273 266 72 Poulailler
1708 2297 30 53 se
1814 2297 232 56 meublant

1848 2380 84 72 tous

3193 345 5 56 e

3036 372 43 97 14
3289 388 134 77 Piece
3485 348 268 108 cottee.
3798 366 2 78 M

2417 656 51 70 les
2511 656 129 67 jours
2750 660 34 67 je
2816 657 85 67 vais
2951 654 166 75 etablir
3178 657 44 69 un
3272 655 206 72 clapier
3605 676 195 49 j'aurai
3855 676 34 45 de
3944 676 111 47 quoi

2448 756 131 74 faire
2655 755 147 69 bonne
2848 755 127 76 chere
3061 765 35 60 et
3167 761 132 59 meme
3360 764 223 53 envoyer
3659 754 177 69 vendre
3907 758 52 70 au
4013 756 174 75 marche

2439 872 88 55 car
2602 871 109 57 vous
2753 852 131 74 saves
2943 855 70 76 que
3062 858 108 66 c'est
3208 853 200 73 l'usage
3467 874 92 43 en.
3597 853 223 78 Madame
3856 859 29 75 la
3932 865 223 69 marechale

2427 980 262 80 d'envoyr
2759 973 168 67 vendre
3003 973 64 65 son
3131 976 256 79 superplu
3457 973 0 57 a
3503 971 29 66 la
3596 971 175 79 ville.
3852 989 35 58 Je
3945 989 93 46 vais

2432 1071 145 83 faire
2655 1074 191 83 present
2904 1090 1 42 a
3016 1076 183 62 Sulette
3278 1074 39 87 de
3409 1087 72 68 six
3553 1075 158 69 vaches
3770 1082 124 73 outre
3979 1079 118 74 celles

2431 1192 66 62 que
2568 1202 109 52 nous
2729 1187 143 57 avons
2933 1192 100 59 deja
3132 1189 29 66 ce
3208 1189 114 66 petit
3384 1189 270 61 commerce
3725 1188 280 51 l'amusera
4114 1191 28 60 et

2434 1303 94 64 tout
2582 1307 35 54 en
2681 1296 257 65 badmant
3042 1294 238 71 rapporte
3353 1292 179 67 jusqu'a
3600 1289 105 69 deux
3774 1285 173 71 gourde
4036 1290 94 64 par

2426 1418 108 50 jour

2515 1499 103 71 Mon
2679 1502 172 69 sejour
2924 1516 29 54 ni
3020 1499 81 65 sera
3162 1494 109 70 plus
3311 1492 96 76 long
3464 1511 68 55 que
3567 1510 28 56 je
3652 1496 34 66 ne
3748 1490 23 64 le
3811 1486 250 75 comptois

2451 1608 122 56 mais
2631 1611 0 50 y
2695 1596 126 64 etant
2880 1602 112 56 venu
3070 1598 29 66 je
3157 1600 108 64 veux
3338 1596 146 64 mettre
3547 1591 365 72 l'habitation
4000 1608 97 49 dans

2427 1703 40 85 sa
2548 1697 98 89 plus
2702 1704 155 61 hante
2939 1695 149 79 valer
3165 1704 160 79 payer
3402 1691 51 71 les
3524 1690 160 67 dettes
3748 1691 32 57 et
3857 1698 39 50 me
3960 1688 179 78 donner

2431 1826 56 50 une
2553 1804 117 67 belle
2740 1800 240 71 Caffeyre
3050 1797 149 59 avant
3260 1796 35 71 de
3361 1794 209 71 partir.
3646 1801 20 66 ce
3717 1810 71 56 qui
3849 1814 46 51 me
3961 1814 91 45 sera

2425 1908 138 81 facile
2633 1909 25 63 si
2716 1925 37 41 je
2793 1910 352 76 n'epprouve
3222 1908 78 68 pas
3359 1908 66 59 des
3484 1896 280 76 desastrer.
3877 1897 47 80 Il
3972 1899 47 68 est
4055 1894 77 71 bien

2421 2024 172 76 facheux
2652 2039 176 58 que.
2913 2021 288 67 Domingue
3280 2016 81 63 soit
3415 2015 106 74 aussi
3585 2021 208 64 eloigue
3863 2011 58 66 des
3980 2018 133 63 cotes

2418 2138 30 70 de
2505 2134 222 75 france,
2760 2144 100 59 car
2923 2143 30 63 ce
2998 2145 117 64 pays
3161 2135 30 56 cy
3255 2146 0 45 a
3342 2131 52 76 ses
3462 2131 332 76 agerement;
3858 2146 104 57 dans
4026 2144 23 60 ce

2439 2248 224 66 moment
2757 2231 31 76 la
2841 2231 205 84 chaleur
3130 2242 0 66 y
3190 2239 36 58 et
3280 2235 98 73 tres
3424 2237 392 82 supportable.
3874 2250 26 67 il
3958 2240 98 85 n'y

2427 2361 210 70 manque
2709 2373 72 58 que
2858 2353 100 60 dela
3036 2353 205 71 soliete
3301 2357 117 66 pour
3478 2354 40 72 en
3555 2354 152 77 faire
3804 2362 41 56 me
3898 2373 108 58 says

2643 424 3 66 E
2667 426 23 64 EN

2549 482 83 46 MREOIT

2700 502 73 54 ntinais
