1933 2509
742 425 178 51 A^t
988 401 122 67 Piece
1165 373 162 85 cottée
1390 384 115 65 aR

352 915 209 71 Pourquoi
604 912 189 66 ajouter,
831 907 184 71 Madame
1058 903 21 65 la
1132 896 248 75 Marechale
1458 915 1 42 a
1512 914 36 48 un
1601 897 149 70 present
1794 902 1 51 –

277 999 86 64 dont
397 994 151 72 chaque
597 1002 81 51 jour
732 996 26 63 me
802 988 71 69 sera
957 988 107 64 mieux
1113 979 211 70 connoitre
1388 975 26 63 la
1458 978 126 66 valeur
1643 988 21 49 et
1708 986 41 55 que
1803 985 26 52 je

286 1080 67 60 sais
404 1068 77 67 deja
529 1072 233 64 apprecier.
830 1060 155 70 heureux
1048 1065 65 57 par
1157 1062 70 64 celle
1290 1073 41 52 que
1370 1069 25 43 je
1434 1052 70 59 dois
1548 1056 1 54 a
1602 1060 60 55 vos
1716 1063 129 55 bontes

288 1175 48 53 que
405 1173 27 51 me
475 1149 221 78 falloit-il
734 1148 33 71 de
800 1145 88 73 plus
948 1151 77 58 pour
1080 1140 118 62 sentir
1252 1139 194 62 vivement
1515 1130 73 60 tout
1623 1136 16 52 ce
1689 1128 51 67 que
1775 1130 26 53 la

282 1234 350 76 reconnoissance,
666 1229 207 61 l'estime,
898 1234 21 54 et
958 1225 156 62 j'ourai
1153 1217 79 67 dire
1283 1215 211 75 l'affection
1544 1212 155 72 peuvent
1734 1222 135 57 inspiser

273 1342 37 50 ces
395 1326 166 66 entiment
610 1318 129 72 graves
787 1315 71 53 dans
921 1325 61 42 mon
1025 1321 90 60 cœur
1163 1308 150 67 peuvent
1371 1313 75 56 vous
1494 1301 60 70 etre
1613 1297 148 73 garants
1806 1304 54 60 que

283 1418 72 52 vous
402 1418 121 52 n'avés
561 1409 55 60 pas
653 1401 63 66 fait
764 1406 27 50 ne
830 1400 160 59 ingrat,
1028 1393 209 63 Madame
1289 1391 23 60 la
1364 1386 248 65 Marechale,
1655 1390 23 55 et
1734 1392 36 49 ses
1809 1394 1 43 –

287 1485 131 69 tendres
470 1499 87 53 soins
614 1491 39 56 ses
686 1477 164 72 procedés
887 1478 151 64 delicats
1091 1486 86 58 pour
1225 1477 68 64 celle
1350 1478 43 59 sur
1427 1473 19 67 le
1485 1472 168 66 bonheur
1692 1477 19 52 de
1740 1470 28 66 la
1807 1484 0 49 –

276 1579 89 63 quelle
413 1589 79 53 vous
530 1585 69 51 vous
627 1576 64 57 etes
720 1574 64 63 fiée
841 1570 1 54 a
900 1567 45 60 lui
1003 1566 20 60 ne
1066 1571 69 62 vous
1174 1564 248 68 permettront
1471 1565 58 55 pas
1578 1568 19 58 un
1641 1560 136 66 istant
1826 1556 29 63 de

287 1681 83 46 vous
440 1655 153 76 repentir
643 1652 26 65 de
709 1657 87 50 vous
847 1649 51 69 etre
954 1646 188 75 interessée
1203 1660 0 55 a
1248 1655 56 56 son
1344 1643 118 70 sort.
1561 1630 160 72 Pornuttes
1777 1646 50 51 moi

286 1750 18 57 de
335 1758 89 62 vous
460 1739 136 80 assurer
664 1733 197 63 Madame
897 1732 35 54 la
985 1722 260 77 Marechale,
1288 1721 93 78 ainsi
1423 1735 55 63 que
1531 1716 28 71 de
1607 1724 71 67 vous
1710 1718 104 73 offrir

286 1822 254 75 l'hommage
603 1816 226 79 respectueux
904 1822 61 54 avec
1019 1810 121 74 lequel
1194 1806 77 67 j'ai
1314 1803 220 72 l'honneur
1588 1798 148 75 d'etre,
1763 1801 72 71 votre

401 1923 67 57 tres
511 1904 164 73 humble
700 1911 30 52 et
769 1905 63 56 trés
857 1891 149 73 obass^r
1074 1884 283 68 Serviteu.

1132 1949 379 108 Montullé

228 2094 32 92 Le
318 2107 39 77 26

626 594 56 63 JoIRE
708 600 38 62 PRI

588 650 90 49 BRECTI

674 694 17 33 De

755 671 32 54 litea
798 681 2 46 e
811 684 7 46 si

652 712 113 63 ECHIVES.
