3730 2413
2380 243 111 58 CiRroTur

2471 294 33 37 DE.

2599 256 3 71 e

2995 144 5 58 d

3109 185 139 69 Piece
3349 170 136 76 cotte
3537 171 2 68 M

2166 390 359 61 Madame
2642 400 43 51 La
2758 372 329 79 Marechalle

2181 538 117 83 nous
2356 553 117 77 avons
2539 534 233 93 l'honneur
2845 566 36 58 de
2933 561 80 57 vous
3079 529 182 92 adresser
3310 550 61 72 les
3417 526 182 96 proposse

2092 692 55 63 que
2208 678 72 67 nous
2319 672 172 77 Croyons
2557 686 128 58 devoir
2740 682 90 56 vous
2883 654 185 75 plaire,
3094 655 74 71 elles
3210 647 80 72 sont
3355 640 57 74 sur
3466 654 91 52 deux

2074 793 171 82 feuilles
2299 793 43 81 se
2372 792 170 81 parees,
2603 793 31 75 la
2713 782 170 85 seconde
2950 789 164 73 contient
3185 792 111 67 celles
3349 795 57 61 que
3476 776 137 64 nous

2083 921 155 85 jensons
2311 928 34 59 ne
2404 916 127 84 desoir
2591 912 33 79 se
2691 916 107 80 faire
2871 937 54 55 que
2985 936 27 53 de
3083 922 102 65 votre
3276 913 109 66 aveu
3462 903 30 59 et
3536 917 29 43 de

2077 1065 101 54 ceux
2247 1065 25 46 de
2360 1034 352 86 Mademoiselle
2788 1058 44 60 de
2901 1029 303 87 Maisonceul
3263 1032 34 64 et
3327 1030 33 66 de
3408 1024 204 82 Monsieur

2074 1186 30 84 Le
2172 1171 174 98 Marques
2399 1168 30 79 et
2475 1160 204 88 Madame
2755 1183 30 48 la
2868 1167 205 99 marquisa
3139 1157 39 76 de
3230 1156 394 75 Bonnequise.

2200 1298 209 69 Permettes
2497 1289 240 71 Madame
2810 1307 41 45 La
2935 1274 312 76 Marechalle
3323 1285 65 55 que
3463 1267 102 66 nous

2066 1403 188 75 assurions
2311 1412 57 62 icy
2446 1398 42 73 du
2545 1396 84 76 desir
2686 1420 52 50 que
2796 1403 93 65 nous
2930 1406 131 58 avons
3128 1407 32 51 de
3238 1396 94 58 vous
3383 1385 85 65 etre

2059 1509 263 101 agreables.

2133 1629 108 73 Nous
2287 1618 126 78 avons
2465 1605 227 94 l'honneur
2744 1618 102 62 d'etre
2917 1621 72 63 avec
3041 1596 174 91 Resject
3295 1585 217 86 Madame
3564 1584 23 73 la

2038 1724 333 83 Marechalle,
2408 1736 76 66 vos
2533 1718 58 87 tres
2634 1710 195 94 humbles
2866 1715 26 77 et
2916 1717 71 80 tres
3033 1703 192 90 obeissons
3278 1699 235 77 serviteurs

2155 1891 2 70 a
2243 1875 97 82 paris
2417 1873 29 68 le
2513 1860 38 86 14
2626 1845 98 106 fev.
2759 1862 114 86 1787
3098 1811 396 115 Montuttte

2508 2021 224 102 haudny
2809 2025 42 87 de
2975 2000 263 100 mantelle
