3539 2287
1839 116 232 70 domingue
2133 124 43 59 ou
2219 119 50 57 ile
2312 120 106 61 aure
2467 113 44 66 du
2554 113 187 77 servies,
2764 113 33 69 et
2838 113 345 77 parconequent
3223 113 60 77 des

3337 158 12 44 12

1846 207 331 90 apointements
2242 210 66 79 qui
2353 216 34 66 ne
2445 233 145 65 seures
2622 208 73 89 pos
2753 204 224 88 coptés,
3002 204 86 83 avec
3133 215 21 80 le
3199 204 129 92 biene

1836 316 35 76 la
1923 322 124 72 mede
2119 330 74 66 qua
2265 316 110 80 M^ll
2436 320 42 72 de
2527 318 340 74 Marsieseulte
2910 317 48 73 ils
3007 320 134 72 ausids
3189 319 31 66 de
3268 332 104 59 quoi

1849 419 135 91 Vivre
2065 413 108 83 dans
2211 417 33 83 le
2302 411 112 94 pais
2479 441 105 51 sant
2623 421 184 74 cncher
2871 408 60 81 les
2976 406 224 85 Revanes
3235 419 50 71 de

1836 509 425 108 dhabitans
2336 527 65 68 qui
2462 503 163 90 seront
2672 512 310 83 entiurement
3037 502 205 84 fausaire
3296 513 114 64 pour

1843 677 65 50 des
1958 659 314 64 créanciers,
2306 658 39 49 et
2395 634 113 68 vous
2571 630 43 67 qu
2676 627 112 71 huit
2839 622 123 70 ans;
2986 633 150 54 amils
3170 627 46 59 en
3250 624 103 59 fait

2381 735 0 36 N
2530 735 93 38 B00

1843 780 74 54 que
1963 760 139 72 leurs
2155 763 136 61 delles
2341 757 160 58 serons
2551 744 151 65 payés
2767 739 126 70 parce
2930 737 62 68 que
3040 728 247 70 lapresene

2164 817 0 48 A
2252 817 0 52 A
2423 820 0 51 e

1835 881 241 63 demimée
2123 864 416 61 Relersairement
2607 873 45 41 Le
2701 859 119 57 frais
2868 862 251 43 despenen
3242 861 0 35 n

1853 994 105 61 vous
2002 973 88 72 dite
2157 964 88 72 M^r
2300 954 159 73 qu'elle
2510 956 1 63 a
2580 960 241 66 Refuser
2862 950 23 61 il
2957 937 3 61 y
3011 941 2 62 a
3070 923 226 85 quelques
3333 931 124 64 année

1850 1101 45 59 un
1950 1075 121 82 parti
2137 1067 104 79 dans
2284 1077 34 62 la
2367 1062 214 72 province
2643 1049 38 69 de
2732 1038 231 86 quarente
3033 1038 100 64 mille
3174 1028 117 76 devres
3321 1023 111 76 demus

1849 1212 63 58 elle
1970 1212 2 44 a
2046 1187 89 71 mal
2202 1168 141 75 fait;
2370 1167 145 67 Mais
2565 1178 154 58 quant
2771 1152 85 70 elle
2903 1159 39 58 on
2986 1127 224 83 tourerroit
3260 1136 47 60 un
3362 1128 41 65 de

1814 1310 167 71 donre
2033 1291 158 79 mille
2247 1284 185 72 Livres.
2453 1283 31 68 il
2562 1274 134 74 neroit
2746 1272 122 70 point
2929 1268 2 63 a
2981 1263 36 70 la
3066 1258 244 79 mérique,
3325 1253 41 71 et

1830 1426 72 80 elle
1975 1412 168 78 seroit
2200 1396 492 79 immencablement
2744 1379 207 80 Rainée
3021 1386 92 59 hors
3150 1385 36 57 il
3239 1354 122 81 n'est

1843 1555 79 56 pas
1984 1531 144 75 juste
2210 1528 47 65 de
2315 1523 168 72 perdre
2553 1525 71 63 son
2677 1521 120 64 avoir
2861 1520 103 60 pour
3023 1504 244 73 conserver
3320 1494 115 72 celuy

1826 1668 51 64 de
1925 1675 74 54 son
2053 1654 168 61 mari,
2259 1662 100 50 vous
2414 1643 294 60 m'olserves
2753 1635 179 58 encore,
2954 1625 237 67 Monsieur
3254 1616 172 71 qu'elles

1827 1761 159 79 Mont
2036 1764 74 69 pas
2143 1751 32 77 le
2230 1747 85 73 sel
2378 1755 239 63 permittes
2670 1754 72 54 moi
2788 1735 35 69 de
2864 1746 99 61 vous
3010 1729 94 66 dire
3151 1720 180 76 qu'elles

1832 1879 252 83 derroient
2142 1876 133 61 avoir
2322 1864 61 63 des
2431 1862 249 64 épargues
2732 1835 318 81 puisqu'elles
3097 1845 47 53 ne
3180 1825 215 68 mangent

1818 2005 115 78 dans
1973 1997 94 76 leur
2113 1974 223 80 souvent
2397 1972 74 81 que
2525 1963 158 87 6000lt
2712 1959 93 78 hors
2846 1952 41 71 de
2943 1952 188 70 15000^lt
3161 1953 73 63 otés
3271 1942 33 70 en
3334 1931 116 73 6000lt

1829 2092 148 79 Reste
2040 2097 6 64 a
2128 2087 164 72 9000^lt
2315 2083 58 71 (je
2427 2079 33 57 ne
2520 2059 213 72 demande
2787 2061 119 68 point
2958 2044 42 79 de
3027 2036 184 86 Compte
3258 2038 107 65 Mais
3395 2031 57 71 elle

1819 2181 242 57 devroient
2121 2168 124 53 avoir
2304 2161 38 57 un
2398 2154 128 61 petit
2581 2152 180 53 magot
2818 2148 99 52 pour
2963 2135 229 59 subvenir
3248 2132 71 49 aux
3346 2138 103 43 frais

181 163 29 57 je
261 160 28 52 ne
347 148 332 66 desaproureres,
700 142 176 73 jamais,
903 135 229 77 Monsieur,
1153 129 59 80 les
1255 127 261 73 observations
1570 127 64 68 que
1671 146 85 50 vous

170 270 145 47 pouriés
363 266 114 50 faire
557 245 62 69 sur
674 264 21 45 ce
760 260 52 51 qui
862 242 245 69 interresserce
1152 240 127 66 M^lles
1310 240 30 70 de
1376 237 294 71 Maisonseule

168 366 25 76 je
242 358 81 83 sçai
372 355 71 84 trop
515 361 24 70 ce
600 353 154 63 qu'elles
811 354 85 62 vous
941 349 103 70 doira
1101 362 91 49 pour
1249 362 22 53 ne
1317 357 62 51 pas
1418 343 47 72 les
1510 343 119 70 porter

140 486 4 47 a
210 479 139 54 survat
413 465 62 61 les
531 472 76 52 avis
657 475 65 51 que
774 470 89 48 vous
909 465 113 47 Leurs
1078 454 210 61 donneres
1340 451 88 66 dans
1466 448 121 67 toutes
1630 447 46 66 les

134 568 357 82 cerconstances.
540 553 239 88 cependant
831 558 86 68 vous
965 575 35 41 me
1049 541 210 80 permettres
1308 539 34 74 de
1398 546 88 68 vous
1530 539 73 75 dire
1663 555 56 56 que

151 701 93 60 vous
299 687 153 68 n'avés
510 690 65 54 pas
627 674 70 68 bien
773 684 33 52 Vu
885 673 39 58 ou
985 679 30 38 je
1085 675 43 43 me
1175 661 89 58 suis
1307 644 97 62 mal
1457 636 224 71 expligue

149 805 87 71 dans
276 790 153 82 Lettres
486 793 81 69 que
630 781 81 63 j'ai
763 786 36 54 en
840 755 290 77 L'honneur
1184 739 179 80 d'écrere
1411 758 2 52 a
1461 729 123 76 M^le
1619 730 53 70 de

224 773 24 47 26

141 909 268 79 bonneguise
479 916 45 53 au
581 887 135 69 sujet
776 875 43 72 du
870 875 200 69 marage
1122 865 188 66 propose
1351 860 102 54 pour
1488 831 117 81 Me
1643 829 44 74 de

149 1012 385 92 Maisonseule.
572 1028 33 49 je
658 1021 32 46 ne
754 1008 89 59 suis
886 987 119 70 point
1057 988 39 62 un
1154 956 215 88 enfont,
1396 950 75 78 j'ai
1518 945 34 70 la
1613 937 80 78 tete

157 1131 105 78 assés
319 1126 167 78 bonne,
511 1116 41 78 et
624 1104 168 84 masfre
842 1084 226 84 desterest
1124 1087 76 75 que
1246 1085 98 53 vous
1389 1079 129 56 prenes
1558 1077 3 46 a
1612 1064 63 53 ces

148 1247 119 83 qlles
328 1239 133 82 soyés
519 1226 84 83 sur
657 1238 77 55 que
794 1233 33 57 je
892 1204 97 80 n'en
1041 1190 177 86 prends
1270 1190 74 66 pas
1387 1172 185 73 moins,
1589 1167 32 68 et
1669 1166 58 64 que

138 1363 33 73 si
235 1346 89 84 M^r
381 1345 35 77 et
472 1332 102 82 M^bs
625 1335 45 76 de
727 1313 282 78 Montellé
1053 1320 92 55 pere
1194 1308 30 61 et
1285 1289 115 84 mere,
1415 1285 286 81 n'oeroient

138 1490 77 58 pas
276 1463 71 71 sur
401 1451 42 77 de
509 1445 127 75 bons
693 1427 134 82 fonds
879 1435 2 73 a
952 1436 111 70 Leur
1118 1406 88 97 fils
1250 1424 58 59 les
1353 1405 105 71 cent
1513 1397 228 79 milleene

281 1528 59 55 As

130 1602 135 72 qu'il
350 1613 2 42 d

636 1585 353 55 als

1189 1549 40 64 je
1278 1543 53 65 ne
1376 1535 101 61 vons
1518 1528 118 59 auron

140 1706 278 90 surement
473 1706 79 60 pas
601 1700 101 72 case
763 1680 32 61 la
850 1670 103 73 tete
1030 1670 103 64 pour
1181 1673 45 51 un
1273 1650 225 75 mariage
1571 1644 72 48 qui

135 1818 123 83 alors
322 1803 131 90 etoit
504 1780 355 109 impraticable
918 1791 109 59 pour
1065 1755 132 83 M^lle
1236 1753 40 79 de
1325 1767 145 56 Mains

129 1952 62 59 ces
238 1937 93 63 cent
384 1918 140 68 mille
572 1923 92 55 eues
719 1893 163 78 seront
939 1881 110 75 donc
1101 1882 158 64 assurre
1320 1855 74 84 sur
1428 1854 36 79 de
1505 1840 112 78 bons
1655 1831 91 79 bies

128 2033 54 70 et
236 2028 89 65 non
406 2007 75 83 sur
538 1997 50 83 les
639 1978 370 93 Brouillards
1052 1969 47 83 de
1136 1969 35 79 la
1208 1960 190 85 Seine.
1437 1944 105 89 hait
1587 1950 111 73 mille

127 2157 160 49 devres
340 2157 81 28 des
533 2157 0 18 m
697 2121 39 51 eu
793 2084 255 83 attendant
1109 2081 53 62 ils
1217 2075 221 68 passirons
1484 2076 3 48 a
1543 2052 43 68 S.
