2318 2631
457 135 106 78 J'ai
614 128 119 76 Reme
780 125 32 86 la
877 124 129 89 Lettre
1090 146 62 54 que
1199 133 80 66 vous
1333 124 159 76 m'aves
1540 126 80 64 fait
1697 121 251 83 L'honneur
1995 149 32 60 de
2068 137 129 70 Mécun

451 253 266 87 Madame,
761 264 41 66 en
852 247 114 80 datte
1029 247 41 80 du
1108 247 2 72 6
1186 247 153 76 fevrier
1410 264 86 56 avec
1541 245 27 71 le
1613 247 172 77 paquet
1841 247 259 82 contenant
2150 253 67 81 les

439 383 165 70 papier
680 364 45 82 de
761 356 151 86 M^dlee
975 355 41 84 de
1050 355 345 79 Maisonseule
1475 355 115 85 dont
1648 369 29 64 je
1734 371 103 63 vous
1883 372 173 63 envoye
2102 377 40 50 le

433 488 140 75 Recu
653 483 64 74 tet
792 491 78 71 que
935 480 108 75 vous
1095 475 31 76 le
1191 473 161 78 desiré

1744 426 0 58 E
1765 426 0 57 E

1640 468 77 61 (ebcr

1816 436 62 113 te

1738 525 68 85 PrRS

1991 539 84 66 vors

455 616 40 56 je
550 602 97 67 suis
722 589 173 80 autant
956 587 199 90 defectée
1237 594 76 60 que
1377 586 241 87 surprise,
1643 586 273 87 Madame,
1953 612 39 58 de
2029 612 90 57 voir

453 699 214 80 Metiner
757 712 70 64 vos
880 692 199 89 bontés,
1108 694 32 82 et
1207 696 130 85 celles
1391 695 32 73 de
1477 701 99 67 M^r
1631 701 44 77 de
1717 696 246 88 bonguise
2024 722 117 61 pour
2178 701 55 78 elle

454 815 87 82 j'ai
611 822 97 63 crue
767 815 421 73 Conjoinclement
1254 816 90 75 avec
1392 814 108 74 elles
1572 827 78 67 que
1728 834 30 59 je
1818 834 36 59 ne
1902 820 204 74 pouvois

440 947 182 77 Mieux
693 936 330 73 m'adresser
1104 945 103 65 qu'a
1288 937 253 64 qu'elquoi
1615 947 75 53 qui
1753 935 121 61 avoit
1937 917 127 72 votre

441 1059 286 91 Confrance
822 1069 116 49 pour
1008 1063 59 58 les
1136 1061 213 61 affaires
1412 1045 257 82 d'interest
1726 1054 71 62 que
1847 1065 34 39 je
1931 1051 32 54 ne
1988 1041 194 74 Connois

469 1204 87 50 pas
629 1197 117 59 qu'a
833 1173 102 66 M^rs
990 1172 265 73 Polonier
1355 1185 65 63 qui
1485 1184 95 64 vous
1630 1181 0 57 a
1690 1168 245 77 demandé
1980 1188 45 55 en
2070 1179 105 60 vous

462 1291 251 87 envoyant
789 1277 153 99 l'etât
1018 1281 36 82 de
1090 1276 36 83 la
1191 1275 197 89 fortane
1460 1300 33 57 de
1538 1290 119 78 M^rs
1702 1288 34 81 de
1781 1279 276 89 Montullé
2116 1270 59 89 les

455 1435 214 57 papiers
730 1421 303 67 nécessaires
1106 1430 117 57 pour
1285 1426 202 59 prouver
1565 1404 101 72 celle
1729 1402 43 75 de
1813 1400 133 75 Mlle
1982 1398 38 74 de

443 1541 385 96 Maisonseill,
854 1539 40 79 et
947 1548 101 63 vous
1114 1543 81 75 luy
1254 1528 45 76 en
1373 1523 148 82 faites
1569 1547 44 56 un
1680 1521 148 83 Crime
1895 1538 37 55 je
1981 1534 99 59 puis

446 1695 103 57 vous
606 1660 217 90 certifier
890 1656 300 86 Madame,
1241 1652 167 72 qu'elle
1474 1672 41 53 ne
1569 1654 24 76 le
1676 1645 219 79 merete.
1931 1657 101 64 pas
2091 1656 71 61 son

759 1741 40 55 sa
833 1733 413 61 Reconnoissanse

434 1785 390 93 attachement
886 1791 130 75 pour
1073 1800 109 62 vous
1227 1788 39 71 et
1317 1781 91 80 M^r
1478 1781 39 86 de
1555 1781 340 95 bonneguere
1966 1781 160 87 seront

444 1918 194 83 gravés
701 1923 104 78 dans
869 1906 89 85 son
1000 1920 133 54 couir
1205 1907 110 83 tant
1373 1907 176 94 qu'elle
1606 1930 234 63 exesterce
1927 1911 197 84 Rendés
2160 1915 66 82 lan

440 2055 129 70 donc
628 2044 73 72 vos
754 2024 176 86 bontés
997 2024 45 77 en
1089 2024 327 102 Couvonnant
1478 2040 133 74 votre
1665 2040 243 83 onoragé
1971 2025 76 103 par
2110 2026 83 102 luy

609 2151 1 46 n

451 2185 232 56 servant
747 2155 41 82 de
855 2152 125 76 mere
1035 2155 1 74 a
1103 2147 39 81 la
1196 2145 324 91 Celebration
1581 2159 44 72 de
1674 2174 100 59 son
1829 2157 267 74 mariage

450 2237 69 65 qui
570 2247 37 52 ne
659 2235 115 64 peut
836 2227 74 68 être
972 2226 89 75 fait
1123 2234 73 65 que
1264 2224 99 73 sous
1410 2231 36 69 de
1488 2225 240 68 Mauvais
1785 2228 188 68 auspice
2015 2222 171 71 desque

458 2290 79 60 elle
621 2293 0 56 n
713 2295 44 52 au
814 2291 185 60 desplur
1083 2290 190 58 d'avoir
1355 2292 218 59 demerte
1647 2305 185 48 aupris
1898 2305 39 48 de
1999 2305 123 49 vous

451 2382 92 53 vous
594 2378 109 56 vous
761 2372 235 80 Refuses
1059 2373 150 77 d'un,
1231 2373 31 70 et
1340 2374 214 78 L'autre
1643 2397 50 58 du
1765 2399 189 63 assister
