<?xml version="1.0" encoding="UTF-8"?>
<alto xmlns:xsi="http://www.w3.org/2001/XMLSchema-instance"
    xmlns="http://www.loc.gov/standards/alto/ns-v4#"
    xsi:schemaLocation="http://www.loc.gov/standards/alto/ns-v4# http://www.loc.gov/standards/alto/v4/alto-4-3.xsd">
    <Description>
        <MeasurementUnit>pixel</MeasurementUnit>
        <sourceImageInformation>
            <fileName>images2/an_corresp_fougeu_conflans_2/0023full_fonduegdmegvv2.jpg</fileName>
        </sourceImageInformation>
        <Processing ID="OCR_051f42f6-7ddc-4334-a3fc-03e6e3250384">
            <processingCategory>contentGeneration</processingCategory>
            <processingStepDescription>Text line recognition</processingStepDescription>
            <processingStepSettings>text_direction: horizontal-tb; models: fondue_gd_megv_v2.mlmodel; pad: 16; bidi_reordering: True</processingStepSettings>
            <processingSoftware>
                <softwareName>kraken</softwareName>
                <softwareVersion>5.3.0</softwareVersion>
            </processingSoftware>
        </Processing>
    </Description>
    <Tags>
        <OtherTag DESCRIPTION="line type" ID="LINE_TYPE_1" TYPE="type" LABEL="default"/>
        <OtherTag DESCRIPTION="region type" ID="REGION_TYPE_1" TYPE="region" LABEL="MainZone"/>
        <OtherTag DESCRIPTION="region type" ID="REGION_TYPE_2" TYPE="region" LABEL="text"/>
    </Tags>
    <Layout>
        <Page WIDTH="2269" HEIGHT="2632" PHYSICAL_IMG_NR="0" ID="page_0">
            <PrintSpace HPOS="0" VPOS="0" WIDTH="2269" HEIGHT="2632">
                <TextBlock ID="407344b1-c4d6-47b7-9daf-6b151fdde2da" HPOS="52.0" VPOS="127.0" WIDTH="1928.0" HEIGHT="1942.0" TAGREFS="REGION_TYPE_1">
<Shape>
                        <Polygon POINTS="52.0 127.0 1980.0 127.0 1980.0 2069.0 52.0 2069.0 52.0 127.0"/>
                    </Shape>
                    <TextLine ID="37d19cea-8bc2-4b8b-a72d-d362bf0d84b0" HPOS="317.0" VPOS="137.0" WIDTH="9.0" HEIGHT="72.0" BASELINE="317.0 172.0 326.0 172.0" TAGREFS="LINE_TYPE_1">
                        <Shape>
                            <Polygon POINTS="317.0 172.0 317.0 209.0 326.0 209.0 326.0 172.0 326.0 137.0 317.0 137.0 317.0 172.0"/>
                        </Shape>
                        <String ID="segment_0" CONTENT="1" HPOS="317" VPOS="172" WIDTH="0" HEIGHT="0" WC="0.8052">
                            <Shape>
                                <Polygon POINTS="317 172 317 172 317 172 317 172"/>
                            </Shape>
                            <Glyph ID="char_0" CONTENT="1" HPOS="317" VPOS="172" WIDTH="0" HEIGHT="0" GC="0.8052">
                                <Shape>
                                    <Polygon POINTS="317 172 317 172 317 172 317 172"/>
                                </Shape>
                            </Glyph>
                        </String>
                    </TextLine>

                    <TextLine ID="8d681e3c-c249-4b71-8986-31cf87f2e955" HPOS="144.0" VPOS="128.0" WIDTH="1807.0" HEIGHT="98.0" BASELINE="147.0 220.0 459.0 203.0 895.0 195.0 1139.0 182.0 1951.0 178.0" TAGREFS="LINE_TYPE_1">
                        <Shape>
                            <Polygon POINTS="1812.0 128.0 1797.0 128.0 1783.0 128.0 1771.0 128.0 1680.0 143.0 1637.0 128.0 1622.0 128.0 1607.0 128.0 1593.0 128.0 1582.0 128.0 1540.0 147.0 1379.0 149.0 1262.0 133.0 1261.0 133.0 1180.0 150.0 1012.0 140.0 1010.0 140.0 926.0 153.0 855.0 138.0 854.0 138.0 816.0 146.0 718.0 140.0 716.0 140.0 591.0 162.0 428.0 163.0 336.0 146.0 335.0 146.0 241.0 147.0 239.0 147.0 187.0 168.0 144.0 168.0 147.0 220.0 147.0 226.0 317.0 216.0 356.0 223.0 358.0 223.0 526.0 222.0 528.0 222.0 577.0 209.0 642.0 219.0 643.0 219.0 756.0 209.0 779.0 217.0 781.0 217.0 782.0 217.0 825.0 209.0 871.0 216.0 873.0 216.0 874.0 216.0 899.0 206.0 934.0 210.0 936.0 210.0 937.0 210.0 972.0 201.0 996.0 210.0 997.0 210.0 999.0 210.0 1000.0 210.0 1025.0 200.0 1334.0 201.0 1335.0 201.0 1427.0 194.0 1541.0 206.0 1543.0 206.0 1637.0 191.0 1740.0 200.0 1742.0 200.0 1796.0 188.0 1843.0 198.0 1844.0 198.0 1950.0 193.0 1951.0 178.0 1948.0 141.0 1857.0 141.0 1815.0 128.0 1812.0 128.0"/>
                        </Shape>
                        <String ID="segment_1" CONTENT="M^me" HPOS="168" VPOS="146" WIDTH="129" HEIGHT="79" WC="0.8954">
                            <Shape>
                                <Polygon POINTS="168 168 171 225 297 217 293 146"/>
                            </Shape>
                            <Glyph ID="char_1" CONTENT="M" HPOS="168" VPOS="168" WIDTH="3" HEIGHT="57" GC="1.0">
                                <Shape>
                                    <Polygon POINTS="168 168 171 225 171 225 168 168"/>
                                </Shape>
                            </Glyph>
                            <Glyph ID="char_2" CONTENT="^" HPOS="251" VPOS="147" WIDTH="10" HEIGHT="73" GC="0.9958">
                                <Shape>
                                    <Polygon POINTS="251 147 255 220 261 219 257 147"/>
                                </Shape>
                            </Glyph>
                            <Glyph ID="char_3" CONTENT="m" HPOS="269" VPOS="147" WIDTH="4" HEIGHT="72" GC="0.5877">
                                <Shape>
                                    <Polygon POINTS="269 147 273 219 273 219 269 147"/>
                                </Shape>
                            </Glyph>
                            <Glyph ID="char_4" CONTENT="e" HPOS="293" VPOS="146" WIDTH="4" HEIGHT="71" GC="0.9979">
                                <Shape>
                                    <Polygon POINTS="293 146 297 217 297 217 293 146"/>
                                </Shape>
                            </Glyph>
                        </String>
                        <SP ID="segment_2" HPOS="336"  VPOS="146" WIDTH="10"  HEIGHT="75"/>
                        <String ID="segment_3" CONTENT="sa" HPOS="354" VPOS="149" WIDTH="35" HEIGHT="74" WC="0.9922">
                            <Shape>
                                <Polygon POINTS="354 149 358 223 389 223 385 155"/>
                            </Shape>
                            <Glyph ID="char_6" CONTENT="s" HPOS="354" VPOS="149" WIDTH="4" HEIGHT="74" GC="0.9938">
                                <Shape>
                                    <Polygon POINTS="354 149 358 223 358 223 354 149"/>
                                </Shape>
                            </Glyph>
                            <Glyph ID="char_7" CONTENT="a" HPOS="385" VPOS="155" WIDTH="4" HEIGHT="68" GC="0.9907">
                                <Shape>
                                    <Polygon POINTS="385 155 389 223 389 223 385 155"/>
                                </Shape>
                            </Glyph>
                        </String>
                        <SP ID="segment_4" HPOS="445"  VPOS="163" WIDTH="10"  HEIGHT="59"/>
                        <String ID="segment_5" CONTENT="soeur" HPOS="465" VPOS="161" WIDTH="133" HEIGHT="61" WC="0.9929">
                            <Shape>
                                <Polygon POINTS="465 163 466 222 598 212 597 161"/>
                            </Shape>
                            <Glyph ID="char_9" CONTENT="s" HPOS="465" VPOS="163" WIDTH="1" HEIGHT="59" GC="0.9997">
                                <Shape>
                                    <Polygon POINTS="465 163 466 222 466 222 465 163"/>
                                </Shape>
                            </Glyph>
                            <Glyph ID="char_10" CONTENT="o" HPOS="507" VPOS="163" WIDTH="1" HEIGHT="59" GC="0.9933">
                                <Shape>
                                    <Polygon POINTS="507 163 508 222 508 222 507 163"/>
                                </Shape>
                            </Glyph>
                            <Glyph ID="char_11" CONTENT="e" HPOS="537" VPOS="162" WIDTH="1" HEIGHT="57" GC="0.9715">
                                <Shape>
                                    <Polygon POINTS="537 162 538 219 538 219 537 162"/>
                                </Shape>
                            </Glyph>
                            <Glyph ID="char_12" CONTENT="u" HPOS="573" VPOS="162" WIDTH="1" HEIGHT="48" GC="1.0">
                                <Shape>
                                    <Polygon POINTS="573 162 574 210 574 210 573 162"/>
                                </Shape>
                            </Glyph>
                            <Glyph ID="char_13" CONTENT="r" HPOS="597" VPOS="161" WIDTH="1" HEIGHT="51" GC="1.0">
                                <Shape>
                                    <Polygon POINTS="597 161 598 212 598 212 597 161"/>
                                </Shape>
                            </Glyph>
                        </String>
                        <SP ID="segment_6" HPOS="657"  VPOS="149" WIDTH="7"  HEIGHT="69"/>
                        <String ID="segment_7" CONTENT="n&#39;est" HPOS="675" VPOS="141" WIDTH="116" HEIGHT="75" WC="0.9993">
                            <Shape>
                                <Polygon POINTS="675 147 676 216 791 215 790 144"/>
                            </Shape>
                            <Glyph ID="char_15" CONTENT="n" HPOS="675" VPOS="147" WIDTH="1" HEIGHT="69" GC="0.9989">
                                <Shape>
                                    <Polygon POINTS="675 147 676 216 676 216 675 147"/>
                                </Shape>
                            </Glyph>
                            <Glyph ID="char_16" CONTENT="&#39;" HPOS="735" VPOS="141" WIDTH="2" HEIGHT="70" GC="0.9998">
                                <Shape>
                                    <Polygon POINTS="735 141 737 211 737 211 735 141"/>
                                </Shape>
                            </Glyph>
                            <Glyph ID="char_17" CONTENT="e" HPOS="747" VPOS="142" WIDTH="2" HEIGHT="68" GC="0.9982">
                                <Shape>
                                    <Polygon POINTS="747 142 749 210 749 210 747 142"/>
                                </Shape>
                            </Glyph>
                            <Glyph ID="char_18" CONTENT="s" HPOS="765" VPOS="143" WIDTH="8" HEIGHT="72" GC="0.9998">
                                <Shape>
                                    <Polygon POINTS="765 143 767 213 773 215 771 143"/>
                                </Shape>
                            </Glyph>
                            <Glyph ID="char_19" CONTENT="t" HPOS="790" VPOS="144" WIDTH="1" HEIGHT="71" GC="1.0">
                                <Shape>
                                    <Polygon POINTS="790 144 791 215 791 215 790 144"/>
                                </Shape>
                            </Glyph>
                        </String>
                        <SP ID="segment_8" HPOS="831"  VPOS="141" WIDTH="8"  HEIGHT="70"/>
                        <String ID="segment_9" CONTENT="pas" HPOS="849" VPOS="139" WIDTH="68" HEIGHT="74" WC="0.9765">
                            <Shape>
                                <Polygon POINTS="849 139 851 213 917 208 914 150"/>
                            </Shape>
                            <Glyph ID="char_21" CONTENT="p" HPOS="849" VPOS="139" WIDTH="2" HEIGHT="74" GC="1.0">
                                <Shape>
                                    <Polygon POINTS="849 139 851 213 851 213 849 139"/>
                                </Shape>
                            </Glyph>
                            <Glyph ID="char_22" CONTENT="a" HPOS="892" VPOS="146" WIDTH="1" HEIGHT="63" GC="0.9301">
                                <Shape>
                                    <Polygon POINTS="892 146 893 209 893 209 892 146"/>
                                </Shape>
                            </Glyph>
                            <Glyph ID="char_23" CONTENT="s" HPOS="914" VPOS="150" WIDTH="3" HEIGHT="58" GC="0.9996">
                                <Shape>
                                    <Polygon POINTS="914 150 917 208 917 208 914 150"/>
                                </Shape>
                            </Glyph>
                        </String>
                        <SP ID="segment_10" HPOS="950"  VPOS="149" WIDTH="3"  HEIGHT="57"/>
                        <String ID="segment_11" CONTENT="moins" HPOS="968" VPOS="141" WIDTH="148" HEIGHT="60" WC="0.937">
                            <Shape>
                                <Polygon POINTS="968 147 971 201 1116 200 1113 146"/>
                            </Shape>
                            <Glyph ID="char_25" CONTENT="m" HPOS="968" VPOS="147" WIDTH="3" HEIGHT="54" GC="0.9663">
                                <Shape>
                                    <Polygon POINTS="968 147 971 201 971 201 968 147"/>
                                </Shape>
                            </Glyph>
                            <Glyph ID="char_26" CONTENT="o" HPOS="1034" VPOS="141" WIDTH="3" HEIGHT="59" GC="0.9899">
                                <Shape>
                                    <Polygon POINTS="1034 141 1037 200 1037 200 1034 141"/>
                                </Shape>
                            </Glyph>
                            <Glyph ID="char_27" CONTENT="i" HPOS="1059" VPOS="143" WIDTH="3" HEIGHT="57" GC="0.9959">
                                <Shape>
                                    <Polygon POINTS="1059 143 1062 200 1062 200 1059 143"/>
                                </Shape>
                            </Glyph>
                            <Glyph ID="char_28" CONTENT="n" HPOS="1083" VPOS="144" WIDTH="3" HEIGHT="56" GC="0.7327">
                                <Shape>
                                    <Polygon POINTS="1083 144 1086 200 1086 200 1083 144"/>
                                </Shape>
                            </Glyph>
                            <Glyph ID="char_29" CONTENT="s" HPOS="1113" VPOS="146" WIDTH="3" HEIGHT="54" GC="1.0">
                                <Shape>
                                    <Polygon POINTS="1113 146 1116 200 1116 200 1113 146"/>
                                </Shape>
                            </Glyph>
                        </String>
                        <SP ID="segment_12" HPOS="1151"  VPOS="148" WIDTH="6"  HEIGHT="52"/>
                        <String ID="segment_13" CONTENT="sensible" HPOS="1169" VPOS="134" WIDTH="222" HEIGHT="67" WC="0.9302">
                            <Shape>
                                <Polygon POINTS="1169 149 1169 200 1391 197 1391 149"/>
                            </Shape>
                            <Glyph ID="char_31" CONTENT="s" HPOS="1169" VPOS="149" WIDTH="0" HEIGHT="51" GC="0.9879">
                                <Shape>
                                    <Polygon POINTS="1169 149 1169 200 1169 200 1169 149"/>
                                </Shape>
                            </Glyph>
                            <Glyph ID="char_32" CONTENT="e" HPOS="1205" VPOS="145" WIDTH="0" HEIGHT="56" GC="0.9989">
                                <Shape>
                                    <Polygon POINTS="1205 145 1205 201 1205 201 1205 145"/>
                                </Shape>
                            </Glyph>
                            <Glyph ID="char_33" CONTENT="n" HPOS="1241" VPOS="137" WIDTH="0" HEIGHT="64" GC="0.6294">
                                <Shape>
                                    <Polygon POINTS="1241 137 1241 201 1241 201 1241 137"/>
                                </Shape>
                            </Glyph>
                            <Glyph ID="char_34" CONTENT="s" HPOS="1271" VPOS="134" WIDTH="0" HEIGHT="67" GC="0.9997">
                                <Shape>
                                    <Polygon POINTS="1271 134 1271 201 1271 201 1271 134"/>
                                </Shape>
                            </Glyph>
                            <Glyph ID="char_35" CONTENT="i" HPOS="1295" VPOS="137" WIDTH="0" HEIGHT="64" GC="0.8917">
                                <Shape>
                                    <Polygon POINTS="1295 137 1295 201 1295 201 1295 137"/>
                                </Shape>
                            </Glyph>
                            <Glyph ID="char_36" CONTENT="b" HPOS="1325" VPOS="142" WIDTH="0" HEIGHT="59" GC="0.9424">
                                <Shape>
                                    <Polygon POINTS="1325 142 1325 201 1325 201 1325 142"/>
                                </Shape>
                            </Glyph>
                            <Glyph ID="char_37" CONTENT="l" HPOS="1361" VPOS="147" WIDTH="0" HEIGHT="52" GC="0.9918">
                                <Shape>
                                    <Polygon POINTS="1361 147 1361 199 1361 199 1361 147"/>
                                </Shape>
                            </Glyph>
                            <Glyph ID="char_38" CONTENT="e" HPOS="1391" VPOS="149" WIDTH="0" HEIGHT="48" GC="0.9998">
                                <Shape>
                                    <Polygon POINTS="1391 149 1391 197 1391 197 1391 149"/>
                                </Shape>
                            </Glyph>
                        </String>
                        <SP ID="segment_14" HPOS="1446"  VPOS="148" WIDTH="6"  HEIGHT="49"/>
                        <String ID="segment_15" CONTENT="aux" HPOS="1464" VPOS="147" WIDTH="66" HEIGHT="58" WC="0.9884">
                            <Shape>
                                <Polygon POINTS="1464 148 1464 198 1530 205 1530 147"/>
                            </Shape>
                            <Glyph ID="char_40" CONTENT="a" HPOS="1464" VPOS="148" WIDTH="0" HEIGHT="50" GC="0.9704">
                                <Shape>
                                    <Polygon POINTS="1464 148 1464 198 1464 198 1464 148"/>
                                </Shape>
                            </Glyph>
                            <Glyph ID="char_41" CONTENT="u" HPOS="1500" VPOS="147" WIDTH="0" HEIGHT="55" GC="0.9975">
                                <Shape>
                                    <Polygon POINTS="1500 147 1500 202 1500 202 1500 147"/>
                                </Shape>
                            </Glyph>
                            <Glyph ID="char_42" CONTENT="x" HPOS="1530" VPOS="147" WIDTH="0" HEIGHT="58" GC="0.9973">
                                <Shape>
                                    <Polygon POINTS="1530 147 1530 205 1530 205 1530 147"/>
                                </Shape>
                            </Glyph>
                        </String>
                        <SP ID="segment_16" HPOS="1548"  VPOS="141" WIDTH="6"  HEIGHT="64"/>
                        <String ID="segment_17" CONTENT="Reproches" HPOS="1560" VPOS="128" WIDTH="283" HEIGHT="75" WC="0.8311">
                            <Shape>
                                <Polygon POINTS="1560 138 1560 203 1843 198 1843 137"/>
                            </Shape>
                            <Glyph ID="char_44" CONTENT="R" HPOS="1560" VPOS="138" WIDTH="0" HEIGHT="65" GC="0.9974">
                                <Shape>
                                    <Polygon POINTS="1560 138 1560 203 1560 203 1560 138"/>
                                </Shape>
                            </Glyph>
                            <Glyph ID="char_45" CONTENT="e" HPOS="1638" VPOS="128" WIDTH="0" HEIGHT="63" GC="0.9437">
                                <Shape>
                                    <Polygon POINTS="1638 128 1638 191 1638 191 1638 128"/>
                                </Shape>
                            </Glyph>
                            <Glyph ID="char_46" CONTENT="p" HPOS="1668" VPOS="139" WIDTH="0" HEIGHT="55" GC="0.6012">
                                <Shape>
                                    <Polygon POINTS="1668 139 1668 194 1668 194 1668 139"/>
                                </Shape>
                            </Glyph>
                            <Glyph ID="char_47" CONTENT="r" HPOS="1698" VPOS="140" WIDTH="0" HEIGHT="56" GC="0.3848">
                                <Shape>
                                    <Polygon POINTS="1698 140 1698 196 1698 196 1698 140"/>
                                </Shape>
                            </Glyph>
                            <Glyph ID="char_48" CONTENT="o" HPOS="1722" VPOS="136" WIDTH="0" HEIGHT="62" GC="0.9998">
                                <Shape>
                                    <Polygon POINTS="1722 136 1722 198 1722 198 1722 136"/>
                                </Shape>
                            </Glyph>
                            <Glyph ID="char_49" CONTENT="c" HPOS="1746" VPOS="132" WIDTH="0" HEIGHT="67" GC="0.9944">
                                <Shape>
                                    <Polygon POINTS="1746 132 1746 199 1746 199 1746 132"/>
                                </Shape>
                            </Glyph>
                            <Glyph ID="char_50" CONTENT="h" HPOS="1776" VPOS="128" WIDTH="0" HEIGHT="64" GC="1.0">
                                <Shape>
                                    <Polygon POINTS="1776 128 1776 192 1776 192 1776 128"/>
                                </Shape>
                            </Glyph>
                            <Glyph ID="char_51" CONTENT="e" HPOS="1813" VPOS="128" WIDTH="0" HEIGHT="64" GC="0.5589">
                                <Shape>
                                    <Polygon POINTS="1813 128 1813 192 1813 192 1813 128"/>
                                </Shape>
                            </Glyph>
                            <Glyph ID="char_52" CONTENT="s" HPOS="1843" VPOS="137" WIDTH="0" HEIGHT="61" GC="1.0">
                                <Shape>
                                    <Polygon POINTS="1843 137 1843 198 1843 198 1843 137"/>
                                </Shape>
                            </Glyph>
                        </String>
                        <SP ID="segment_18" HPOS="1867"  VPOS="141" WIDTH="6"  HEIGHT="56"/>
                        <String ID="segment_19" CONTENT="que" HPOS="1885" VPOS="141" WIDTH="60" HEIGHT="55" WC="0.823">
                            <Shape>
                                <Polygon POINTS="1885 141 1885 196 1945 193 1945 141"/>
                            </Shape>
                            <Glyph ID="char_54" CONTENT="q" HPOS="1885" VPOS="141" WIDTH="0" HEIGHT="55" GC="0.5469">
                                <Shape>
                                    <Polygon POINTS="1885 141 1885 196 1885 196 1885 141"/>
                                </Shape>
                            </Glyph>
                            <Glyph ID="char_55" CONTENT="u" HPOS="1921" VPOS="141" WIDTH="0" HEIGHT="53" GC="0.9246">
                                <Shape>
                                    <Polygon POINTS="1921 141 1921 194 1921 194 1921 141"/>
                                </Shape>
                            </Glyph>
                            <Glyph ID="char_56" CONTENT="e" HPOS="1945" VPOS="141" WIDTH="0" HEIGHT="52" GC="0.9975">
                                <Shape>
                                    <Polygon POINTS="1945 141 1945 193 1945 193 1945 141"/>
                                </Shape>
                            </Glyph>
                        </String>
                    </TextLine>

                    <TextLine ID="dd67747b-96ec-43f0-83c6-ec074090be03" HPOS="144.0" VPOS="250.0" WIDTH="1798.0" HEIGHT="92.0" BASELINE="146.0 336.0 364.0 321.0 747.0 311.0 1942.0 311.0" TAGREFS="LINE_TYPE_1">
                        <Shape>
                            <Polygon POINTS="146.0 336.0 146.0 342.0 471.0 340.0 472.0 340.0 473.0 340.0 485.0 333.0 541.0 337.0 542.0 337.0 544.0 337.0 579.0 326.0 667.0 334.0 668.0 334.0 710.0 324.0 1101.0 324.0 1133.0 337.0 1135.0 337.0 1136.0 337.0 1198.0 323.0 1243.0 334.0 1244.0 334.0 1246.0 334.0 1247.0 334.0 1282.0 323.0 1499.0 323.0 1571.0 334.0 1572.0 336.0 1749.0 336.0 1749.0 334.0 1812.0 324.0 1939.0 330.0 1942.0 311.0 1941.0 274.0 1869.0 263.0 1868.0 263.0 1805.0 276.0 1587.0 276.0 1512.0 257.0 1511.0 257.0 1470.0 266.0 1404.0 254.0 1402.0 254.0 1354.0 264.0 1304.0 250.0 1303.0 250.0 1218.0 250.0 1217.0 250.0 1120.0 267.0 1041.0 251.0 1040.0 251.0 1038.0 251.0 988.0 271.0 927.0 277.0 766.0 257.0 765.0 257.0 763.0 257.0 727.0 266.0 696.0 252.0 694.0 252.0 498.0 252.0 497.0 252.0 371.0 257.0 370.0 257.0 317.0 282.0 144.0 282.0 146.0 336.0"/>
                        </Shape>
                        <String ID="segment_20" CONTENT="vous" HPOS="173" VPOS="282" WIDTH="109" HEIGHT="60" WC="1.0">
                            <Shape>
                                <Polygon POINTS="173 282 177 342 282 341 278 282"/>
                            </Shape>
                            <Glyph ID="char_57" CONTENT="v" HPOS="173" VPOS="282" WIDTH="4" HEIGHT="60" GC="1.0">
                                <Shape>
                                    <Polygon POINTS="173 282 177 342 177 342 173 282"/>
                                </Shape>
                            </Glyph>
                            <Glyph ID="char_58" CONTENT="o" HPOS="210" VPOS="282" WIDTH="5" HEIGHT="60" GC="1.0">
                                <Shape>
                                    <Polygon POINTS="210 282 215 342 215 342 210 282"/>
                                </Shape>
                            </Glyph>
                            <Glyph ID="char_59" CONTENT="u" HPOS="253" VPOS="282" WIDTH="4" HEIGHT="59" GC="0.9999">
                                <Shape>
                                    <Polygon POINTS="253 282 257 341 257 341 253 282"/>
                                </Shape>
                            </Glyph>
                            <Glyph ID="char_60" CONTENT="s" HPOS="278" VPOS="282" WIDTH="4" HEIGHT="59" GC="1.0">
                                <Shape>
                                    <Polygon POINTS="278 282 282 341 282 341 278 282"/>
                                </Shape>
                            </Glyph>
                        </String>
                        <SP ID="segment_21" HPOS="315"  VPOS="280" WIDTH="10"  HEIGHT="61"/>
                        <String ID="segment_22" CONTENT="luy" HPOS="332" VPOS="255" WIDTH="102" HEIGHT="86" WC="0.9999">
                            <Shape>
                                <Polygon POINTS="332 275 337 341 434 340 432 255"/>
                            </Shape>
                            <Glyph ID="char_62" CONTENT="l" HPOS="332" VPOS="275" WIDTH="5" HEIGHT="66" GC="1.0">
                                <Shape>
                                    <Polygon POINTS="332 275 337 341 337 341 332 275"/>
                                </Shape>
                            </Glyph>
                            <Glyph ID="char_63" CONTENT="u" HPOS="396" VPOS="256" WIDTH="2" HEIGHT="84" GC="0.9999">
                                <Shape>
                                    <Polygon POINTS="396 256 398 340 398 340 396 256"/>
                                </Shape>
                            </Glyph>
                            <Glyph ID="char_64" CONTENT="y" HPOS="432" VPOS="255" WIDTH="2" HEIGHT="85" GC="0.9998">
                                <Shape>
                                    <Polygon POINTS="432 255 434 340 434 340 432 255"/>
                                </Shape>
                            </Glyph>
                        </String>
                        <SP ID="segment_23" HPOS="500"  VPOS="252" WIDTH="8"  HEIGHT="83"/>
                        <String ID="segment_24" CONTENT="faites." HPOS="518" VPOS="252" WIDTH="174" HEIGHT="83" WC="0.9944">
                            <Shape>
                                <Polygon POINTS="518 252 520 335 692 328 690 252"/>
                            </Shape>
                            <Glyph ID="char_66" CONTENT="f" HPOS="518" VPOS="252" WIDTH="2" HEIGHT="83" GC="0.9999">
                                <Shape>
                                    <Polygon POINTS="518 252 520 335 520 335 518 252"/>
                                </Shape>
                            </Glyph>
                            <Glyph ID="char_67" CONTENT="a" HPOS="561" VPOS="252" WIDTH="2" HEIGHT="79" GC="0.9645">
                                <Shape>
                                    <Polygon POINTS="561 252 563 331 563 331 561 252"/>
                                </Shape>
                            </Glyph>
                            <Glyph ID="char_68" CONTENT="i" HPOS="586" VPOS="252" WIDTH="2" HEIGHT="75" GC="0.9998">
                                <Shape>
                                    <Polygon POINTS="586 252 588 327 588 327 586 252"/>
                                </Shape>
                            </Glyph>
                            <Glyph ID="char_69" CONTENT="t" HPOS="610" VPOS="252" WIDTH="2" HEIGHT="77" GC="0.9975">
                                <Shape>
                                    <Polygon POINTS="610 252 612 329 612 329 610 252"/>
                                </Shape>
                            </Glyph>
                            <Glyph ID="char_70" CONTENT="e" HPOS="635" VPOS="252" WIDTH="2" HEIGHT="79" GC="1.0">
                                <Shape>
                                    <Polygon POINTS="635 252 637 331 637 331 635 252"/>
                                </Shape>
                            </Glyph>
                            <Glyph ID="char_71" CONTENT="s" HPOS="659" VPOS="252" WIDTH="2" HEIGHT="81" GC="1.0">
                                <Shape>
                                    <Polygon POINTS="659 252 661 333 661 333 659 252"/>
                                </Shape>
                            </Glyph>
                            <Glyph ID="char_72" CONTENT="." HPOS="690" VPOS="252" WIDTH="2" HEIGHT="76" GC="0.9994">
                                <Shape>
                                    <Polygon POINTS="690 252 692 328 692 328 690 252"/>
                                </Shape>
                            </Glyph>
                        </String>
                        <SP ID="segment_25" HPOS="727"  VPOS="264" WIDTH="8"  HEIGHT="60"/>
                        <String ID="segment_26" CONTENT="de" HPOS="745" VPOS="260" WIDTH="44" HEIGHT="64" WC="0.9797">
                            <Shape>
                                <Polygon POINTS="745 261 747 324 789 324 789 260"/>
                            </Shape>
                            <Glyph ID="char_74" CONTENT="d" HPOS="745" VPOS="261" WIDTH="2" HEIGHT="63" GC="0.9997">
                                <Shape>
                                    <Polygon POINTS="745 261 747 324 747 324 745 261"/>
                                </Shape>
                            </Glyph>
                            <Glyph ID="char_75" CONTENT="e" HPOS="789" VPOS="260" WIDTH="0" HEIGHT="64" GC="0.9598">
                                <Shape>
                                    <Polygon POINTS="789 260 789 324 789 324 789 260"/>
                                </Shape>
                            </Glyph>
                        </String>
                        <SP ID="segment_27" HPOS="832"  VPOS="265" WIDTH="6"  HEIGHT="59"/>
                        <String ID="segment_28" CONTENT="son" HPOS="851" VPOS="268" WIDTH="67" HEIGHT="56" WC="0.9997">
                            <Shape>
                                <Polygon POINTS="851 268 851 324 918 324 918 276"/>
                            </Shape>
                            <Glyph ID="char_77" CONTENT="s" HPOS="851" VPOS="268" WIDTH="0" HEIGHT="56" GC="1.0">
                                <Shape>
                                    <Polygon POINTS="851 268 851 324 851 324 851 268"/>
                                </Shape>
                            </Glyph>
                            <Glyph ID="char_78" CONTENT="o" HPOS="881" VPOS="271" WIDTH="0" HEIGHT="53" GC="0.9993">
                                <Shape>
                                    <Polygon POINTS="881 271 881 324 881 324 881 271"/>
                                </Shape>
                            </Glyph>
                            <Glyph ID="char_79" CONTENT="n" HPOS="918" VPOS="276" WIDTH="0" HEIGHT="48" GC="0.9999">
                                <Shape>
                                    <Polygon POINTS="918 276 918 324 918 324 918 276"/>
                                </Shape>
                            </Glyph>
                        </String>
                        <SP ID="segment_29" HPOS="955"  VPOS="274" WIDTH="6"  HEIGHT="50"/>
                        <String ID="segment_30" CONTENT="inde패pendence." HPOS="973" VPOS="250" WIDTH="436" HEIGHT="85" WC="0.9958">
                            <Shape>
                                <Polygon POINTS="973 272 973 324 1409 323 1409 255"/>
                            </Shape>
                            <Glyph ID="char_81" CONTENT="i" HPOS="973" VPOS="272" WIDTH="0" HEIGHT="52" GC="0.9998">
                                <Shape>
                                    <Polygon POINTS="973 272 973 324 973 324 973 272"/>
                                </Shape>
                            </Glyph>
                            <Glyph ID="char_82" CONTENT="n" HPOS="1004" VPOS="264" WIDTH="0" HEIGHT="60" GC="0.9988">
                                <Shape>
                                    <Polygon POINTS="1004 264 1004 324 1004 324 1004 264"/>
                                </Shape>
                            </Glyph>
                            <Glyph ID="char_83" CONTENT="d" HPOS="1041" VPOS="251" WIDTH="0" HEIGHT="73" GC="0.9999">
                                <Shape>
                                    <Polygon POINTS="1041 251 1041 324 1041 324 1041 251"/>
                                </Shape>
                            </Glyph>
                            <Glyph ID="char_84" CONTENT="e" HPOS="1078" VPOS="259" WIDTH="0" HEIGHT="65" GC="0.9502">
                                <Shape>
                                    <Polygon POINTS="1078 259 1078 324 1078 324 1078 259"/>
                                </Shape>
                            </Glyph>
                            <Glyph ID="char_85" CONTENT="패" HPOS="1084" VPOS="260" WIDTH="6" HEIGHT="64" GC="1.0">
                                <Shape>
                                    <Polygon POINTS="1084 260 1084 324 1090 324 1090 261"/>
                                </Shape>
                            </Glyph>
                            <Glyph ID="char_86" CONTENT="p" HPOS="1108" VPOS="265" WIDTH="0" HEIGHT="62" GC="0.9988">
                                <Shape>
                                    <Polygon POINTS="1108 265 1108 327 1108 327 1108 265"/>
                                </Shape>
                            </Glyph>
                            <Glyph ID="char_87" CONTENT="e" HPOS="1145" VPOS="263" WIDTH="0" HEIGHT="72" GC="0.9989">
                                <Shape>
                                    <Polygon POINTS="1145 263 1145 335 1145 335 1145 263"/>
                                </Shape>
                            </Glyph>
                            <Glyph ID="char_88" CONTENT="n" HPOS="1176" VPOS="257" WIDTH="0" HEIGHT="71" GC="0.9994">
                                <Shape>
                                    <Polygon POINTS="1176 257 1176 328 1176 328 1176 257"/>
                                </Shape>
                            </Glyph>
                            <Glyph ID="char_89" CONTENT="d" HPOS="1219" VPOS="250" WIDTH="0" HEIGHT="78" GC="1.0">
                                <Shape>
                                    <Polygon POINTS="1219 250 1219 328 1219 328 1219 250"/>
                                </Shape>
                            </Glyph>
                            <Glyph ID="char_90" CONTENT="e" HPOS="1250" VPOS="250" WIDTH="0" HEIGHT="83" GC="0.9985">
                                <Shape>
                                    <Polygon POINTS="1250 250 1250 333 1250 333 1250 250"/>
                                </Shape>
                            </Glyph>
                            <Glyph ID="char_91" CONTENT="n" HPOS="1286" VPOS="250" WIDTH="0" HEIGHT="73" GC="0.9997">
                                <Shape>
                                    <Polygon POINTS="1286 250 1286 323 1286 323 1286 250"/>
                                </Shape>
                            </Glyph>
                            <Glyph ID="char_92" CONTENT="c" HPOS="1311" VPOS="252" WIDTH="0" HEIGHT="71" GC="0.9997">
                                <Shape>
                                    <Polygon POINTS="1311 252 1311 323 1311 323 1311 252"/>
                                </Shape>
                            </Glyph>
                            <Glyph ID="char_93" CONTENT="e" HPOS="1342" VPOS="261" WIDTH="0" HEIGHT="62" GC="0.9999">
                                <Shape>
                                    <Polygon POINTS="1342 261 1342 323 1342 323 1342 261"/>
                                </Shape>
                            </Glyph>
                            <Glyph ID="char_94" CONTENT="." HPOS="1409" VPOS="255" WIDTH="0" HEIGHT="68" GC="0.9974">
                                <Shape>
                                    <Polygon POINTS="1409 255 1409 323 1409 323 1409 255"/>
                                </Shape>
                            </Glyph>
                        </String>
                        <SP ID="segment_31" HPOS="1421"  VPOS="257" WIDTH="7"  HEIGHT="66"/>
                        <String ID="segment_32" CONTENT="elle" HPOS="1440" VPOS="257" WIDTH="73" HEIGHT="68" WC="0.9999">
                            <Shape>
                                <Polygon POINTS="1440 261 1440 323 1513 325 1513 257"/>
                            </Shape>
                            <Glyph ID="char_96" CONTENT="e" HPOS="1440" VPOS="261" WIDTH="0" HEIGHT="62" GC="1.0">
                                <Shape>
                                    <Polygon POINTS="1440 261 1440 323 1440 323 1440 261"/>
                                </Shape>
                            </Glyph>
                            <Glyph ID="char_97" CONTENT="l" HPOS="1470" VPOS="266" WIDTH="0" HEIGHT="57" GC="0.9999">
                                <Shape>
                                    <Polygon POINTS="1470 266 1470 323 1470 323 1470 266"/>
                                </Shape>
                            </Glyph>
                            <Glyph ID="char_98" CONTENT="l" HPOS="1489" VPOS="262" WIDTH="0" HEIGHT="61" GC="1.0">
                                <Shape>
                                    <Polygon POINTS="1489 262 1489 323 1489 323 1489 262"/>
                                </Shape>
                            </Glyph>
                            <Glyph ID="char_99" CONTENT="e" HPOS="1513" VPOS="257" WIDTH="0" HEIGHT="68" GC="0.9997">
                                <Shape>
                                    <Polygon POINTS="1513 257 1513 325 1513 325 1513 257"/>
                                </Shape>
                            </Glyph>
                        </String>
                        <SP ID="segment_33" HPOS="1556"  VPOS="268" WIDTH="7"  HEIGHT="65"/>
                        <String ID="segment_34" CONTENT="a" HPOS="1581" VPOS="275" WIDTH="0" HEIGHT="61" WC="0.9775">
                            <Shape>
                                <Polygon POINTS="1581 275 1581 336 1581 336 1581 275"/>
                            </Shape>
                            <Glyph ID="char_101" CONTENT="a" HPOS="1581" VPOS="275" WIDTH="0" HEIGHT="61" GC="0.9775">
                                <Shape>
                                    <Polygon POINTS="1581 275 1581 336 1581 336 1581 275"/>
                                </Shape>
                            </Glyph>
                        </String>
                        <SP ID="segment_35" HPOS="1630"  VPOS="276" WIDTH="0"  HEIGHT="60"/>
                        <String ID="segment_36" CONTENT="crue패" HPOS="1648" VPOS="276" WIDTH="117" HEIGHT="60" WC="0.9878">
                            <Shape>
                                <Polygon POINTS="1648 276 1648 336 1765 331 1765 276"/>
                            </Shape>
                            <Glyph ID="char_103" CONTENT="c" HPOS="1648" VPOS="276" WIDTH="0" HEIGHT="60" GC="0.9939">
                                <Shape>
                                    <Polygon POINTS="1648 276 1648 336 1648 336 1648 276"/>
                                </Shape>
                            </Glyph>
                            <Glyph ID="char_104" CONTENT="r" HPOS="1673" VPOS="276" WIDTH="0" HEIGHT="60" GC="0.9487">
                                <Shape>
                                    <Polygon POINTS="1673 276 1673 336 1673 336 1673 276"/>
                                </Shape>
                            </Glyph>
                            <Glyph ID="char_105" CONTENT="u" HPOS="1710" VPOS="276" WIDTH="0" HEIGHT="60" GC="0.997">
                                <Shape>
                                    <Polygon POINTS="1710 276 1710 336 1710 336 1710 276"/>
                                </Shape>
                            </Glyph>
                            <Glyph ID="char_106" CONTENT="e" HPOS="1753" VPOS="276" WIDTH="0" HEIGHT="57" GC="0.9999">
                                <Shape>
                                    <Polygon POINTS="1753 276 1753 333 1753 333 1753 276"/>
                                </Shape>
                            </Glyph>
                            <Glyph ID="char_107" CONTENT="패" HPOS="1759" VPOS="276" WIDTH="6" HEIGHT="56" GC="0.9995">
                                <Shape>
                                    <Polygon POINTS="1759 276 1759 332 1765 331 1765 276"/>
                                </Shape>
                            </Glyph>
                        </String>
                        <SP ID="segment_37" HPOS="1796"  VPOS="276" WIDTH="6"  HEIGHT="50"/>
                        <String ID="segment_38" CONTENT="vous" HPOS="1820" VPOS="265" WIDTH="105" HEIGHT="64" WC="0.9967">
                            <Shape>
                                <Polygon POINTS="1820 273 1820 324 1925 329 1925 272"/>
                            </Shape>
                            <Glyph ID="char_109" CONTENT="v" HPOS="1820" VPOS="273" WIDTH="0" HEIGHT="51" GC="0.9965">
                                <Shape>
                                    <Polygon POINTS="1820 273 1820 324 1820 324 1820 273"/>
                                </Shape>
                            </Glyph>
                            <Glyph ID="char_110" CONTENT="o" HPOS="1857" VPOS="265" WIDTH="0" HEIGHT="61" GC="0.9958">
                                <Shape>
                                    <Polygon POINTS="1857 265 1857 326 1857 326 1857 265"/>
                                </Shape>
                            </Glyph>
                            <Glyph ID="char_111" CONTENT="u" HPOS="1888" VPOS="266" WIDTH="0" HEIGHT="62" GC="1.0">
                                <Shape>
                                    <Polygon POINTS="1888 266 1888 328 1888 328 1888 266"/>
                                </Shape>
                            </Glyph>
                            <Glyph ID="char_112" CONTENT="s" HPOS="1925" VPOS="272" WIDTH="0" HEIGHT="57" GC="0.9944">
                                <Shape>
                                    <Polygon POINTS="1925 272 1925 329 1925 329 1925 272"/>
                                </Shape>
                            </Glyph>
                        </String>
                    </TextLine>

                    <TextLine ID="8110a0e7-95d1-4b98-9043-88302e3c7725" HPOS="140.0" VPOS="353.0" WIDTH="1821.0" HEIGHT="98.0" BASELINE="141.0 447.0 443.0 428.0 747.0 419.0 1961.0 416.0" TAGREFS="LINE_TYPE_1">
                        <Shape>
                            <Polygon POINTS="141.0 447.0 141.0 451.0 397.0 448.0 399.0 448.0 424.0 435.0 484.0 435.0 516.0 447.0 517.0 447.0 519.0 447.0 580.0 434.0 683.0 444.0 684.0 444.0 829.0 432.0 867.0 444.0 868.0 444.0 870.0 444.0 953.0 431.0 1152.0 429.0 1522.0 441.0 1524.0 441.0 1647.0 426.0 1960.0 438.0 1961.0 416.0 1958.0 374.0 1882.0 374.0 1838.0 353.0 1837.0 353.0 1767.0 353.0 1765.0 353.0 1764.0 353.0 1739.0 365.0 1673.0 359.0 1672.0 359.0 1615.0 371.0 1543.0 359.0 1541.0 359.0 1487.0 367.0 1446.0 356.0 1445.0 356.0 1354.0 356.0 1353.0 356.0 1274.0 367.0 1168.0 365.0 1167.0 365.0 1165.0 365.0 1138.0 380.0 841.0 380.0 785.0 361.0 784.0 361.0 747.0 361.0 746.0 361.0 744.0 361.0 684.0 375.0 525.0 368.0 523.0 368.0 522.0 368.0 481.0 383.0 405.0 377.0 377.0 364.0 375.0 364.0 374.0 364.0 373.0 364.0 305.0 384.0 197.0 365.0 196.0 365.0 140.0 378.0 141.0 447.0"/>
                        </Shape>
                        <String ID="segment_39" CONTENT="pter" HPOS="163" VPOS="366" WIDTH="105" HEIGHT="85" WC="0.9853">
                            <Shape>
                                <Polygon POINTS="163 373 168 451 268 450 264 377"/>
                            </Shape>
                            <Glyph ID="char_113" CONTENT="p" HPOS="163" VPOS="373" WIDTH="5" HEIGHT="78" GC="0.994">
                                <Shape>
                                    <Polygon POINTS="163 373 168 451 168 451 163 373"/>
                                </Shape>
                            </Glyph>
                            <Glyph ID="char_114" CONTENT="t" HPOS="203" VPOS="366" WIDTH="5" HEIGHT="84" GC="1.0">
                                <Shape>
                                    <Polygon POINTS="203 366 208 450 208 450 203 366"/>
                                </Shape>
                            </Glyph>
                            <Glyph ID="char_115" CONTENT="e" HPOS="229" VPOS="371" WIDTH="5" HEIGHT="79" GC="0.9999">
                                <Shape>
                                    <Polygon POINTS="229 371 234 450 234 450 229 371"/>
                                </Shape>
                            </Glyph>
                            <Glyph ID="char_116" CONTENT="r" HPOS="264" VPOS="377" WIDTH="4" HEIGHT="73" GC="0.9473">
                                <Shape>
                                    <Polygon POINTS="264 377 268 450 268 450 264 377"/>
                                </Shape>
                            </Glyph>
                        </String>
                        <SP ID="segment_40" HPOS="324"  VPOS="376" WIDTH="11"  HEIGHT="73"/>
                        <String ID="segment_41" CONTENT="bien" HPOS="344" VPOS="370" WIDTH="104" HEIGHT="79" WC="0.8851">
                            <Shape>
                                <Polygon POINTS="344 373 349 449 448 435 446 380"/>
                            </Shape>
                            <Glyph ID="char_118" CONTENT="b" HPOS="344" VPOS="373" WIDTH="5" HEIGHT="76" GC="0.5405">
                                <Shape>
                                    <Polygon POINTS="344 373 349 449 349 449 344 373"/>
                                </Shape>
                            </Glyph>
                            <Glyph ID="char_119" CONTENT="i" HPOS="391" VPOS="370" WIDTH="5" HEIGHT="78" GC="1.0">
                                <Shape>
                                    <Polygon POINTS="391 370 396 448 396 448 391 370"/>
                                </Shape>
                            </Glyph>
                            <Glyph ID="char_120" CONTENT="e" HPOS="417" VPOS="378" WIDTH="4" HEIGHT="59" GC="1.0">
                                <Shape>
                                    <Polygon POINTS="417 378 421 437 421 437 417 378"/>
                                </Shape>
                            </Glyph>
                            <Glyph ID="char_121" CONTENT="n" HPOS="446" VPOS="380" WIDTH="2" HEIGHT="55" GC="1.0">
                                <Shape>
                                    <Polygon POINTS="446 380 448 435 448 435 446 380"/>
                                </Shape>
                            </Glyph>
                        </String>
                        <SP ID="segment_42" HPOS="499"  VPOS="374" WIDTH="9"  HEIGHT="70"/>
                        <String ID="segment_43" CONTENT="des" HPOS="519" VPOS="369" WIDTH="62" HEIGHT="78" WC="0.9992">
                            <Shape>
                                <Polygon POINTS="519 369 521 447 581 434 579 370"/>
                            </Shape>
                            <Glyph ID="char_123" CONTENT="d" HPOS="519" VPOS="369" WIDTH="2" HEIGHT="78" GC="0.9979">
                                <Shape>
                                    <Polygon POINTS="519 369 521 447 521 447 519 369"/>
                                </Shape>
                            </Glyph>
                            <Glyph ID="char_124" CONTENT="e" HPOS="553" VPOS="369" WIDTH="2" HEIGHT="70" GC="1.0">
                                <Shape>
                                    <Polygon POINTS="553 369 555 439 555 439 553 369"/>
                                </Shape>
                            </Glyph>
                            <Glyph ID="char_125" CONTENT="s" HPOS="579" VPOS="370" WIDTH="2" HEIGHT="64" GC="0.9998">
                                <Shape>
                                    <Polygon POINTS="579 370 581 434 581 434 579 370"/>
                                </Shape>
                            </Glyph>
                        </String>
                        <SP ID="segment_44" HPOS="613"  VPOS="372" WIDTH="9"  HEIGHT="66"/>
                        <String ID="segment_45" CONTENT="emberras" HPOS="633" VPOS="361" WIDTH="275" HEIGHT="83" WC="0.9972">
                            <Shape>
                                <Polygon POINTS="633 373 635 439 908 438 908 380"/>
                            </Shape>
                            <Glyph ID="char_127" CONTENT="e" HPOS="633" VPOS="373" WIDTH="2" HEIGHT="66" GC="0.9999">
                                <Shape>
                                    <Polygon POINTS="633 373 635 439 635 439 633 373"/>
                                </Shape>
                            </Glyph>
                            <Glyph ID="char_128" CONTENT="m" HPOS="680" VPOS="375" WIDTH="2" HEIGHT="69" GC="0.9999">
                                <Shape>
                                    <Polygon POINTS="680 375 682 444 682 444 680 375"/>
                                </Shape>
                            </Glyph>
                            <Glyph ID="char_129" CONTENT="b" HPOS="726" VPOS="365" WIDTH="2" HEIGHT="75" GC="0.9938">
                                <Shape>
                                    <Polygon POINTS="726 365 728 440 728 440 726 365"/>
                                </Shape>
                            </Glyph>
                            <Glyph ID="char_130" CONTENT="e" HPOS="774" VPOS="361" WIDTH="0" HEIGHT="76" GC="0.9849">
                                <Shape>
                                    <Polygon POINTS="774 361 774 437 774 437 774 361"/>
                                </Shape>
                            </Glyph>
                            <Glyph ID="char_131" CONTENT="r" HPOS="801" VPOS="366" WIDTH="0" HEIGHT="68" GC="0.9997">
                                <Shape>
                                    <Polygon POINTS="801 366 801 434 801 434 801 366"/>
                                </Shape>
                            </Glyph>
                            <Glyph ID="char_132" CONTENT="r" HPOS="827" VPOS="375" WIDTH="0" HEIGHT="57" GC="0.9996">
                                <Shape>
                                    <Polygon POINTS="827 375 827 432 827 432 827 375"/>
                                </Shape>
                            </Glyph>
                            <Glyph ID="char_133" CONTENT="a" HPOS="867" VPOS="380" WIDTH="0" HEIGHT="64" GC="1.0">
                                <Shape>
                                    <Polygon POINTS="867 380 867 444 867 444 867 380"/>
                                </Shape>
                            </Glyph>
                            <Glyph ID="char_134" CONTENT="s" HPOS="908" VPOS="380" WIDTH="0" HEIGHT="58" GC="1.0">
                                <Shape>
                                    <Polygon POINTS="908 380 908 438 908 438 908 380"/>
                                </Shape>
                            </Glyph>
                        </String>
                        <SP ID="segment_46" HPOS="954"  VPOS="380" WIDTH="7"  HEIGHT="51"/>
                        <String ID="segment_47" CONTENT="en" HPOS="974" VPOS="380" WIDTH="40" HEIGHT="51" WC="0.9985">
                            <Shape>
                                <Polygon POINTS="974 380 974 431 1014 430 1014 380"/>
                            </Shape>
                            <Glyph ID="char_136" CONTENT="e" HPOS="974" VPOS="380" WIDTH="0" HEIGHT="51" GC="0.997">
                                <Shape>
                                    <Polygon POINTS="974 380 974 431 974 431 974 380"/>
                                </Shape>
                            </Glyph>
                            <Glyph ID="char_137" CONTENT="n" HPOS="1014" VPOS="380" WIDTH="0" HEIGHT="50" GC="1.0">
                                <Shape>
                                    <Polygon POINTS="1014 380 1014 430 1014 430 1014 380"/>
                                </Shape>
                            </Glyph>
                        </String>
                        <SP ID="segment_48" HPOS="1054"  VPOS="380" WIDTH="7"  HEIGHT="50"/>
                        <String ID="segment_49" CONTENT="vous" HPOS="1074" VPOS="365" WIDTH="107" HEIGHT="65" WC="0.9999">
                            <Shape>
                                <Polygon POINTS="1074 380 1074 430 1181 430 1181 365"/>
                            </Shape>
                            <Glyph ID="char_139" CONTENT="v" HPOS="1074" VPOS="380" WIDTH="0" HEIGHT="50" GC="1.0">
                                <Shape>
                                    <Polygon POINTS="1074 380 1074 430 1074 430 1074 380"/>
                                </Shape>
                            </Glyph>
                            <Glyph ID="char_140" CONTENT="o" HPOS="1114" VPOS="380" WIDTH="0" HEIGHT="49" GC="0.9997">
                                <Shape>
                                    <Polygon POINTS="1114 380 1114 429 1114 429 1114 380"/>
                                </Shape>
                            </Glyph>
                            <Glyph ID="char_141" CONTENT="u" HPOS="1154" VPOS="371" WIDTH="0" HEIGHT="58" GC="0.9999">
                                <Shape>
                                    <Polygon POINTS="1154 371 1154 429 1154 429 1154 371"/>
                                </Shape>
                            </Glyph>
                            <Glyph ID="char_142" CONTENT="s" HPOS="1181" VPOS="365" WIDTH="0" HEIGHT="65" GC="1.0">
                                <Shape>
                                    <Polygon POINTS="1181 365 1181 430 1181 430 1181 365"/>
                                </Shape>
                            </Glyph>
                        </String>
                        <SP ID="segment_50" HPOS="1215"  VPOS="366" WIDTH="6"  HEIGHT="65"/>
                        <String ID="segment_51" CONTENT="mandant" HPOS="1241" VPOS="356" WIDTH="267" HEIGHT="85" WC="0.9974">
                            <Shape>
                                <Polygon POINTS="1241 366 1241 432 1508 441 1508 364"/>
                            </Shape>
                            <Glyph ID="char_144" CONTENT="m" HPOS="1241" VPOS="366" WIDTH="0" HEIGHT="66" GC="0.9983">
                                <Shape>
                                    <Polygon POINTS="1241 366 1241 432 1241 432 1241 366"/>
                                </Shape>
                            </Glyph>
                            <Glyph ID="char_145" CONTENT="a" HPOS="1308" VPOS="362" WIDTH="0" HEIGHT="72" GC="0.9974">
                                <Shape>
                                    <Polygon POINTS="1308 362 1308 434 1308 434 1308 362"/>
                                </Shape>
                            </Glyph>
                            <Glyph ID="char_146" CONTENT="n" HPOS="1341" VPOS="358" WIDTH="0" HEIGHT="77" GC="0.9999">
                                <Shape>
                                    <Polygon POINTS="1341 358 1341 435 1341 435 1341 358"/>
                                </Shape>
                            </Glyph>
                            <Glyph ID="char_147" CONTENT="d" HPOS="1381" VPOS="356" WIDTH="0" HEIGHT="80" GC="1.0">
                                <Shape>
                                    <Polygon POINTS="1381 356 1381 436 1381 436 1381 356"/>
                                </Shape>
                            </Glyph>
                            <Glyph ID="char_148" CONTENT="a" HPOS="1421" VPOS="356" WIDTH="0" HEIGHT="82" GC="1.0">
                                <Shape>
                                    <Polygon POINTS="1421 356 1421 438 1421 438 1421 356"/>
                                </Shape>
                            </Glyph>
                            <Glyph ID="char_149" CONTENT="n" HPOS="1475" VPOS="364" WIDTH="0" HEIGHT="75" GC="0.986">
                                <Shape>
                                    <Polygon POINTS="1475 364 1475 439 1475 439 1475 364"/>
                                </Shape>
                            </Glyph>
                            <Glyph ID="char_150" CONTENT="t" HPOS="1508" VPOS="364" WIDTH="0" HEIGHT="77" GC="0.9999">
                                <Shape>
                                    <Polygon POINTS="1508 364 1508 441 1508 441 1508 364"/>
                                </Shape>
                            </Glyph>
                        </String>
                        <SP ID="segment_52" HPOS="1548"  VPOS="360" WIDTH="7"  HEIGHT="78"/>
                        <String ID="segment_53" CONTENT="qu&#39;elle" HPOS="1575" VPOS="357" WIDTH="180" HEIGHT="78" WC="0.9048">
                            <Shape>
                                <Polygon POINTS="1575 364 1575 435 1755 430 1755 357"/>
                            </Shape>
                            <Glyph ID="char_152" CONTENT="q" HPOS="1575" VPOS="364" WIDTH="0" HEIGHT="71" GC="0.9455">
                                <Shape>
                                    <Polygon POINTS="1575 364 1575 435 1575 435 1575 364"/>
                                </Shape>
                            </Glyph>
                            <Glyph ID="char_153" CONTENT="u" HPOS="1622" VPOS="369" WIDTH="0" HEIGHT="60" GC="0.5139">
                                <Shape>
                                    <Polygon POINTS="1622 369 1622 429 1622 429 1622 369"/>
                                </Shape>
                            </Glyph>
                            <Glyph ID="char_154" CONTENT="&#39;" HPOS="1655" VPOS="361" WIDTH="7" HEIGHT="66" GC="0.999">
                                <Shape>
                                    <Polygon POINTS="1655 363 1655 426 1662 427 1662 361"/>
                                </Shape>
                            </Glyph>
                            <Glyph ID="char_155" CONTENT="e" HPOS="1675" VPOS="359" WIDTH="0" HEIGHT="68" GC="0.8943">
                                <Shape>
                                    <Polygon POINTS="1675 359 1675 427 1675 427 1675 359"/>
                                </Shape>
                            </Glyph>
                            <Glyph ID="char_156" CONTENT="l" HPOS="1702" VPOS="362" WIDTH="0" HEIGHT="66" GC="0.9885">
                                <Shape>
                                    <Polygon POINTS="1702 362 1702 428 1702 428 1702 362"/>
                                </Shape>
                            </Glyph>
                            <Glyph ID="char_157" CONTENT="l" HPOS="1728" VPOS="364" WIDTH="0" HEIGHT="65" GC="0.9938">
                                <Shape>
                                    <Polygon POINTS="1728 364 1728 429 1728 429 1728 364"/>
                                </Shape>
                            </Glyph>
                            <Glyph ID="char_158" CONTENT="e" HPOS="1755" VPOS="357" WIDTH="0" HEIGHT="73" GC="0.9989">
                                <Shape>
                                    <Polygon POINTS="1755 357 1755 430 1755 430 1755 357"/>
                                </Shape>
                            </Glyph>
                        </String>
                        <SP ID="segment_54" HPOS="1782"  VPOS="353" WIDTH="6"  HEIGHT="78"/>
                        <String ID="segment_55" CONTENT="desiroin" HPOS="1795" VPOS="353" WIDTH="154" HEIGHT="85" WC="0.9137">
                            <Shape>
                                <Polygon POINTS="1795 353 1795 432 1949 438 1949 374"/>
                            </Shape>
                            <Glyph ID="char_160" CONTENT="d" HPOS="1795" VPOS="353" WIDTH="0" HEIGHT="79" GC="0.7474">
                                <Shape>
                                    <Polygon POINTS="1795 353 1795 432 1795 432 1795 353"/>
                                </Shape>
                            </Glyph>
                            <Glyph ID="char_161" CONTENT="e" HPOS="1829" VPOS="353" WIDTH="0" HEIGHT="80" GC="0.9986">
                                <Shape>
                                    <Polygon POINTS="1829 353 1829 433 1829 433 1829 353"/>
                                </Shape>
                            </Glyph>
                            <Glyph ID="char_162" CONTENT="s" HPOS="1855" VPOS="361" WIDTH="0" HEIGHT="73" GC="0.6721">
                                <Shape>
                                    <Polygon POINTS="1855 361 1855 434 1855 434 1855 361"/>
                                </Shape>
                            </Glyph>
                            <Glyph ID="char_163" CONTENT="i" HPOS="1869" VPOS="368" WIDTH="0" HEIGHT="67" GC="0.9972">
                                <Shape>
                                    <Polygon POINTS="1869 368 1869 435 1869 435 1869 368"/>
                                </Shape>
                            </Glyph>
                            <Glyph ID="char_164" CONTENT="r" HPOS="1889" VPOS="374" WIDTH="0" HEIGHT="61" GC="0.9391">
                                <Shape>
                                    <Polygon POINTS="1889 374 1889 435 1889 435 1889 374"/>
                                </Shape>
                            </Glyph>
                            <Glyph ID="char_165" CONTENT="o" HPOS="1915" VPOS="374" WIDTH="0" HEIGHT="62" GC="0.9995">
                                <Shape>
                                    <Polygon POINTS="1915 374 1915 436 1915 436 1915 374"/>
                                </Shape>
                            </Glyph>
                            <Glyph ID="char_166" CONTENT="i" HPOS="1935" VPOS="374" WIDTH="7" HEIGHT="63" GC="0.9851">
                                <Shape>
                                    <Polygon POINTS="1935 374 1935 437 1942 437 1942 374"/>
                                </Shape>
                            </Glyph>
                            <Glyph ID="char_167" CONTENT="n" HPOS="1949" VPOS="374" WIDTH="0" HEIGHT="64" GC="0.9707">
                                <Shape>
                                    <Polygon POINTS="1949 374 1949 438 1949 438 1949 374"/>
                                </Shape>
                            </Glyph>
                        </String>
                    </TextLine>

                    <TextLine ID="f4ad5bf5-0b8c-4aa7-8d40-0336b21e5a8e" HPOS="130.0" VPOS="466.0" WIDTH="1824.0" HEIGHT="99.0" BASELINE="131.0 561.0 345.0 543.0 743.0 533.0 1954.0 527.0" TAGREFS="LINE_TYPE_1">
                        <Shape>
                            <Polygon POINTS="131.0 561.0 131.0 565.0 285.0 564.0 286.0 564.0 339.0 549.0 428.0 557.0 430.0 557.0 471.0 549.0 500.0 560.0 501.0 560.0 503.0 560.0 683.0 557.0 684.0 557.0 719.0 546.0 784.0 560.0 785.0 560.0 952.0 543.0 1221.0 543.0 1247.0 555.0 1249.0 555.0 1250.0 555.0 1252.0 555.0 1293.0 541.0 1438.0 554.0 1439.0 554.0 1525.0 541.0 1571.0 549.0 1572.0 549.0 1657.0 538.0 1740.0 538.0 1783.0 548.0 1784.0 548.0 1786.0 548.0 1827.0 539.0 1857.0 549.0 1859.0 549.0 1860.0 549.0 1953.0 541.0 1954.0 527.0 1950.0 466.0 1874.0 467.0 1800.0 482.0 1604.0 469.0 1603.0 469.0 1601.0 469.0 1550.0 486.0 1382.0 486.0 1309.0 473.0 1307.0 473.0 1306.0 473.0 1253.0 488.0 1206.0 475.0 1205.0 475.0 946.0 475.0 945.0 475.0 943.0 475.0 887.0 491.0 782.0 483.0 781.0 483.0 712.0 492.0 655.0 478.0 653.0 478.0 652.0 478.0 607.0 488.0 541.0 482.0 539.0 482.0 449.0 497.0 377.0 497.0 348.0 483.0 346.0 483.0 345.0 483.0 232.0 497.0 130.0 488.0 131.0 561.0"/>
                        </Shape>
                        <String ID="segment_56" CONTENT="toucher" HPOS="144" VPOS="485" WIDTH="222" HEIGHT="80" WC="1.0">
                            <Shape>
                                <Polygon POINTS="144 489 150 565 366 551 365 491"/>
                            </Shape>
                            <Glyph ID="char_168" CONTENT="t" HPOS="144" VPOS="489" WIDTH="6" HEIGHT="76" GC="0.9999">
                                <Shape>
                                    <Polygon POINTS="144 489 150 565 150 565 144 489"/>
                                </Shape>
                            </Glyph>
                            <Glyph ID="char_169" CONTENT="o" HPOS="181" VPOS="493" WIDTH="7" HEIGHT="72" GC="1.0">
                                <Shape>
                                    <Polygon POINTS="181 493 188 565 188 565 181 493"/>
                                </Shape>
                            </Glyph>
                            <Glyph ID="char_170" CONTENT="u" HPOS="225" VPOS="496" WIDTH="6" HEIGHT="68" GC="0.9999">
                                <Shape>
                                    <Polygon POINTS="225 496 231 564 231 564 225 496"/>
                                </Shape>
                            </Glyph>
                            <Glyph ID="char_171" CONTENT="c" HPOS="256" VPOS="494" WIDTH="6" HEIGHT="70" GC="1.0">
                                <Shape>
                                    <Polygon POINTS="256 494 262 564 262 564 256 494"/>
                                </Shape>
                            </Glyph>
                            <Glyph ID="char_172" CONTENT="h" HPOS="294" VPOS="489" WIDTH="6" HEIGHT="71" GC="1.0">
                                <Shape>
                                    <Polygon POINTS="294 489 300 560 300 560 294 489"/>
                                </Shape>
                            </Glyph>
                            <Glyph ID="char_173" CONTENT="e" HPOS="330" VPOS="485" WIDTH="6" HEIGHT="65" GC="1.0">
                                <Shape>
                                    <Polygon POINTS="330 485 336 550 336 550 330 485"/>
                                </Shape>
                            </Glyph>
                            <Glyph ID="char_174" CONTENT="r" HPOS="365" VPOS="491" WIDTH="1" HEIGHT="60" GC="0.9998">
                                <Shape>
                                    <Polygon POINTS="365 491 366 551 366 551 365 491"/>
                                </Shape>
                            </Glyph>
                        </String>
                        <SP ID="segment_57" HPOS="427"  VPOS="497" WIDTH="8"  HEIGHT="60"/>
                        <String ID="segment_58" CONTENT="a" HPOS="446" VPOS="497" WIDTH="2" HEIGHT="57" WC="1.0">
                            <Shape>
                                <Polygon POINTS="446 497 448 554 448 554 446 497"/>
                            </Shape>
                            <Glyph ID="char_176" CONTENT="a" HPOS="446" VPOS="497" WIDTH="2" HEIGHT="57" GC="1.0">
                                <Shape>
                                    <Polygon POINTS="446 497 448 554 448 554 446 497"/>
                                </Shape>
                            </Glyph>
                        </String>
                        <SP ID="segment_59" HPOS="483"  VPOS="490" WIDTH="8"  HEIGHT="66"/>
                        <String ID="segment_60" CONTENT="Lavenir" HPOS="501" VPOS="480" WIDTH="225" HEIGHT="80" WC="0.9555">
                            <Shape>
                                <Polygon POINTS="501 488 503 560 726 548 725 490"/>
                            </Shape>
                            <Glyph ID="char_178" CONTENT="L" HPOS="501" VPOS="488" WIDTH="2" HEIGHT="72" GC="0.9617">
                                <Shape>
                                    <Polygon POINTS="501 488 503 560 503 560 501 488"/>
                                </Shape>
                            </Glyph>
                            <Glyph ID="char_179" CONTENT="a" HPOS="557" VPOS="483" WIDTH="2" HEIGHT="76" GC="1.0">
                                <Shape>
                                    <Polygon POINTS="557 483 559 559 559 559 557 483"/>
                                </Shape>
                            </Glyph>
                            <Glyph ID="char_180" CONTENT="v" HPOS="601" VPOS="487" WIDTH="2" HEIGHT="71" GC="1.0">
                                <Shape>
                                    <Polygon POINTS="601 487 603 558 603 558 601 487"/>
                                </Shape>
                            </Glyph>
                            <Glyph ID="char_181" CONTENT="e" HPOS="632" VPOS="482" WIDTH="2" HEIGHT="76" GC="0.9999">
                                <Shape>
                                    <Polygon POINTS="632 482 634 558 634 558 632 482"/>
                                </Shape>
                            </Glyph>
                            <Glyph ID="char_182" CONTENT="n" HPOS="663" VPOS="480" WIDTH="2" HEIGHT="77" GC="0.7269">
                                <Shape>
                                    <Polygon POINTS="663 480 665 557 665 557 663 480"/>
                                </Shape>
                            </Glyph>
                            <Glyph ID="char_183" CONTENT="i" HPOS="694" VPOS="488" WIDTH="2" HEIGHT="65" GC="1.0">
                                <Shape>
                                    <Polygon POINTS="694 488 696 553 696 553 694 488"/>
                                </Shape>
                            </Glyph>
                            <Glyph ID="char_184" CONTENT="r" HPOS="725" VPOS="490" WIDTH="1" HEIGHT="58" GC="1.0">
                                <Shape>
                                    <Polygon POINTS="725 490 726 548 726 548 725 490"/>
                                </Shape>
                            </Glyph>
                        </String>
                        <SP ID="segment_61" HPOS="788"  VPOS="483" WIDTH="6"  HEIGHT="77"/>
                        <String ID="segment_62" CONTENT="ses" HPOS="807" VPOS="485" WIDTH="62" HEIGHT="73" WC="0.9651">
                            <Shape>
                                <Polygon POINTS="807 485 807 558 869 551 869 490"/>
                            </Shape>
                            <Glyph ID="char_186" CONTENT="s" HPOS="807" VPOS="485" WIDTH="0" HEIGHT="73" GC="0.8968">
                                <Shape>
                                    <Polygon POINTS="807 485 807 558 807 558 807 485"/>
                                </Shape>
                            </Glyph>
                            <Glyph ID="char_187" CONTENT="e" HPOS="838" VPOS="487" WIDTH="0" HEIGHT="68" GC="0.9985">
                                <Shape>
                                    <Polygon POINTS="838 487 838 555 838 555 838 487"/>
                                </Shape>
                            </Glyph>
                            <Glyph ID="char_188" CONTENT="s" HPOS="869" VPOS="490" WIDTH="0" HEIGHT="61" GC="1.0">
                                <Shape>
                                    <Polygon POINTS="869 490 869 551 869 551 869 490"/>
                                </Shape>
                            </Glyph>
                        </String>
                        <SP ID="segment_63" HPOS="900"  VPOS="486" WIDTH="6"  HEIGHT="62"/>
                        <String ID="segment_64" CONTENT="Revenus" HPOS="918" VPOS="475" WIDTH="255" HEIGHT="71" WC="0.9963">
                            <Shape>
                                <Polygon POINTS="918 482 918 546 1173 543 1173 475"/>
                            </Shape>
                            <Glyph ID="char_190" CONTENT="R" HPOS="918" VPOS="482" WIDTH="0" HEIGHT="64" GC="0.9993">
                                <Shape>
                                    <Polygon POINTS="918 482 918 546 918 546 918 482"/>
                                </Shape>
                            </Glyph>
                            <Glyph ID="char_191" CONTENT="e" HPOS="999" VPOS="475" WIDTH="0" HEIGHT="68" GC="0.9753">
                                <Shape>
                                    <Polygon POINTS="999 475 999 543 999 543 999 475"/>
                                </Shape>
                            </Glyph>
                            <Glyph ID="char_192" CONTENT="v" HPOS="1030" VPOS="475" WIDTH="0" HEIGHT="68" GC="1.0">
                                <Shape>
                                    <Polygon POINTS="1030 475 1030 543 1030 543 1030 475"/>
                                </Shape>
                            </Glyph>
                            <Glyph ID="char_193" CONTENT="e" HPOS="1061" VPOS="475" WIDTH="0" HEIGHT="68" GC="0.9995">
                                <Shape>
                                    <Polygon POINTS="1061 475 1061 543 1061 543 1061 475"/>
                                </Shape>
                            </Glyph>
                            <Glyph ID="char_194" CONTENT="n" HPOS="1092" VPOS="475" WIDTH="0" HEIGHT="68" GC="1.0">
                                <Shape>
                                    <Polygon POINTS="1092 475 1092 543 1092 543 1092 475"/>
                                </Shape>
                            </Glyph>
                            <Glyph ID="char_195" CONTENT="u" HPOS="1142" VPOS="475" WIDTH="0" HEIGHT="68" GC="0.9999">
                                <Shape>
                                    <Polygon POINTS="1142 475 1142 543 1142 543 1142 475"/>
                                </Shape>
                            </Glyph>
                            <Glyph ID="char_196" CONTENT="s" HPOS="1173" VPOS="475" WIDTH="0" HEIGHT="68" GC="1.0">
                                <Shape>
                                    <Polygon POINTS="1173 475 1173 543 1173 543 1173 475"/>
                                </Shape>
                            </Glyph>
                        </String>
                        <SP ID="segment_65" HPOS="1223"  VPOS="480" WIDTH="6"  HEIGHT="67"/>
                        <String ID="segment_66" CONTENT="elle" HPOS="1241" VPOS="475" WIDTH="81" HEIGHT="77" WC="0.9999">
                            <Shape>
                                <Polygon POINTS="1241 485 1241 552 1322 544 1322 475"/>
                            </Shape>
                            <Glyph ID="char_198" CONTENT="e" HPOS="1241" VPOS="485" WIDTH="0" HEIGHT="67" GC="1.0">
                                <Shape>
                                    <Polygon POINTS="1241 485 1241 552 1241 552 1241 485"/>
                                </Shape>
                            </Glyph>
                            <Glyph ID="char_199" CONTENT="l" HPOS="1272" VPOS="483" WIDTH="0" HEIGHT="65" GC="1.0">
                                <Shape>
                                    <Polygon POINTS="1272 483 1272 548 1272 548 1272 483"/>
                                </Shape>
                            </Glyph>
                            <Glyph ID="char_200" CONTENT="l" HPOS="1297" VPOS="476" WIDTH="0" HEIGHT="65" GC="0.9998">
                                <Shape>
                                    <Polygon POINTS="1297 476 1297 541 1297 541 1297 476"/>
                                </Shape>
                            </Glyph>
                            <Glyph ID="char_201" CONTENT="e" HPOS="1322" VPOS="475" WIDTH="0" HEIGHT="69" GC="1.0">
                                <Shape>
                                    <Polygon POINTS="1322 475 1322 544 1322 544 1322 475"/>
                                </Shape>
                            </Glyph>
                        </String>
                        <SP ID="segment_67" HPOS="1378"  VPOS="485" WIDTH="6"  HEIGHT="64"/>
                        <String ID="segment_68" CONTENT="auroit" HPOS="1396" VPOS="479" WIDTH="174" HEIGHT="74" WC="0.9951">
                            <Shape>
                                <Polygon POINTS="1396 486 1396 550 1570 549 1570 479"/>
                            </Shape>
                            <Glyph ID="char_203" CONTENT="a" HPOS="1396" VPOS="486" WIDTH="0" HEIGHT="64" GC="0.9998">
                                <Shape>
                                    <Polygon POINTS="1396 486 1396 550 1396 550 1396 486"/>
                                </Shape>
                            </Glyph>
                            <Glyph ID="char_204" CONTENT="u" HPOS="1446" VPOS="486" WIDTH="0" HEIGHT="67" GC="0.9999">
                                <Shape>
                                    <Polygon POINTS="1446 486 1446 553 1446 553 1446 486"/>
                                </Shape>
                            </Glyph>
                            <Glyph ID="char_205" CONTENT="r" HPOS="1477" VPOS="486" WIDTH="0" HEIGHT="62" GC="0.9821">
                                <Shape>
                                    <Polygon POINTS="1477 486 1477 548 1477 548 1477 486"/>
                                </Shape>
                            </Glyph>
                            <Glyph ID="char_206" CONTENT="o" HPOS="1502" VPOS="486" WIDTH="0" HEIGHT="58" GC="1.0">
                                <Shape>
                                    <Polygon POINTS="1502 486 1502 544 1502 544 1502 486"/>
                                </Shape>
                            </Glyph>
                            <Glyph ID="char_207" CONTENT="i" HPOS="1533" VPOS="486" WIDTH="0" HEIGHT="56" GC="0.9967">
                                <Shape>
                                    <Polygon POINTS="1533 486 1533 542 1533 542 1533 486"/>
                                </Shape>
                            </Glyph>
                            <Glyph ID="char_208" CONTENT="t" HPOS="1570" VPOS="479" WIDTH="0" HEIGHT="70" GC="0.992">
                                <Shape>
                                    <Polygon POINTS="1570 479 1570 549 1570 549 1570 479"/>
                                </Shape>
                            </Glyph>
                        </String>
                        <SP ID="segment_69" HPOS="1614"  VPOS="470" WIDTH="12"  HEIGHT="74"/>
                        <String ID="segment_70" CONTENT="mieux" HPOS="1638" VPOS="471" WIDTH="156" HEIGHT="75" WC="0.9819">
                            <Shape>
                                <Polygon POINTS="1638 471 1638 540 1794 546 1794 482"/>
                            </Shape>
                            <Glyph ID="char_210" CONTENT="m" HPOS="1638" VPOS="471" WIDTH="0" HEIGHT="69" GC="0.9109">
                                <Shape>
                                    <Polygon POINTS="1638 471 1638 540 1638 540 1638 471"/>
                                </Shape>
                            </Glyph>
                            <Glyph ID="char_211" CONTENT="i" HPOS="1707" VPOS="476" WIDTH="6" HEIGHT="62" GC="0.9992">
                                <Shape>
                                    <Polygon POINTS="1707 476 1707 538 1713 538 1713 476"/>
                                </Shape>
                            </Glyph>
                            <Glyph ID="char_212" CONTENT="e" HPOS="1732" VPOS="477" WIDTH="0" HEIGHT="61" GC="0.9998">
                                <Shape>
                                    <Polygon POINTS="1732 477 1732 538 1732 538 1732 477"/>
                                </Shape>
                            </Glyph>
                            <Glyph ID="char_213" CONTENT="u" HPOS="1763" VPOS="480" WIDTH="0" HEIGHT="63" GC="0.9999">
                                <Shape>
                                    <Polygon POINTS="1763 480 1763 543 1763 543 1763 480"/>
                                </Shape>
                            </Glyph>
                            <Glyph ID="char_214" CONTENT="x" HPOS="1794" VPOS="482" WIDTH="0" HEIGHT="64" GC="0.9997">
                                <Shape>
                                    <Polygon POINTS="1794 482 1794 546 1794 546 1794 482"/>
                                </Shape>
                            </Glyph>
                        </String>
                        <SP ID="segment_71" HPOS="1831"  VPOS="476" WIDTH="0"  HEIGHT="64"/>
                        <String ID="segment_72" CONTENT="fait" HPOS="1843" VPOS="466" WIDTH="87" HEIGHT="82" WC="0.9895">
                            <Shape>
                                <Polygon POINTS="1843 473 1843 544 1930 543 1930 466"/>
                            </Shape>
                            <Glyph ID="char_216" CONTENT="f" HPOS="1843" VPOS="473" WIDTH="0" HEIGHT="71" GC="0.9988">
                                <Shape>
                                    <Polygon POINTS="1843 473 1843 544 1843 544 1843 473"/>
                                </Shape>
                            </Glyph>
                            <Glyph ID="char_217" CONTENT="a" HPOS="1874" VPOS="467" WIDTH="0" HEIGHT="81" GC="0.9999">
                                <Shape>
                                    <Polygon POINTS="1874 467 1874 548 1874 548 1874 467"/>
                                </Shape>
                            </Glyph>
                            <Glyph ID="char_218" CONTENT="i" HPOS="1899" VPOS="467" WIDTH="6" HEIGHT="79" GC="0.9967">
                                <Shape>
                                    <Polygon POINTS="1899 467 1899 546 1905 545 1905 467"/>
                                </Shape>
                            </Glyph>
                            <Glyph ID="char_219" CONTENT="t" HPOS="1930" VPOS="466" WIDTH="0" HEIGHT="77" GC="0.9628">
                                <Shape>
                                    <Polygon POINTS="1930 466 1930 543 1930 543 1930 466"/>
                                </Shape>
                            </Glyph>
                        </String>
                    </TextLine>

                    <TextLine ID="62b5f0af-d0dd-4e92-865d-54287e9d1c40" HPOS="121.0" VPOS="568.0" WIDTH="1833.0" HEIGHT="117.0" BASELINE="122.0 675.0 361.0 656.0 769.0 641.0 1285.0 646.0 1954.0 637.0" TAGREFS="LINE_TYPE_1">
                        <Shape>
                            <Polygon POINTS="122.0 675.0 122.0 685.0 392.0 682.0 514.0 660.0 634.0 660.0 715.0 671.0 716.0 671.0 804.0 656.0 996.0 655.0 1041.0 655.0 1088.0 672.0 1089.0 672.0 1091.0 674.0 1158.0 674.0 1158.0 672.0 1160.0 672.0 1205.0 659.0 1277.0 668.0 1278.0 668.0 1280.0 668.0 1341.0 650.0 1373.0 659.0 1375.0 659.0 1376.0 659.0 1426.0 655.0 1458.0 668.0 1460.0 668.0 1461.0 668.0 1546.0 658.0 1698.0 660.0 1699.0 660.0 1701.0 660.0 1736.0 646.0 1951.0 660.0 1954.0 637.0 1950.0 568.0 1869.0 571.0 1790.0 589.0 1694.0 570.0 1692.0 570.0 1569.0 596.0 1470.0 596.0 1363.0 579.0 1361.0 579.0 1360.0 579.0 1278.0 602.0 1032.0 603.0 997.0 596.0 996.0 596.0 943.0 605.0 864.0 583.0 863.0 583.0 798.0 583.0 797.0 583.0 719.0 598.0 661.0 586.0 659.0 586.0 563.0 593.0 526.0 587.0 525.0 587.0 523.0 587.0 497.0 600.0 409.0 589.0 408.0 589.0 270.0 592.0 172.0 614.0 121.0 608.0 122.0 675.0"/>
                        </Shape>
                        <String ID="segment_73" CONTENT="de" HPOS="144" VPOS="610" WIDTH="52" HEIGHT="75" WC="1.0">
                            <Shape>
                                <Polygon POINTS="144 611 150 685 196 684 190 610"/>
                            </Shape>
                            <Glyph ID="char_220" CONTENT="d" HPOS="144" VPOS="611" WIDTH="6" HEIGHT="74" GC="1.0">
                                <Shape>
                                    <Polygon POINTS="144 611 150 685 150 685 144 611"/>
                                </Shape>
                            </Glyph>
                            <Glyph ID="char_221" CONTENT="e" HPOS="190" VPOS="610" WIDTH="6" HEIGHT="74" GC="1.0">
                                <Shape>
                                    <Polygon POINTS="190 610 196 684 196 684 190 610"/>
                                </Shape>
                            </Glyph>
                        </String>
                        <SP ID="segment_74" HPOS="242"  VPOS="597" WIDTH="13"  HEIGHT="87"/>
                        <String ID="segment_75" CONTENT="Rester" HPOS="262" VPOS="589" WIDTH="184" HEIGHT="94" WC="0.9972">
                            <Shape>
                                <Polygon POINTS="262 594 269 683 446 672 443 593"/>
                            </Shape>
                            <Glyph ID="char_223" CONTENT="R" HPOS="262" VPOS="594" WIDTH="7" HEIGHT="89" GC="1.0">
                                <Shape>
                                    <Polygon POINTS="262 594 269 683 269 683 262 594"/>
                                </Shape>
                            </Glyph>
                            <Glyph ID="char_224" CONTENT="e" HPOS="335" VPOS="591" WIDTH="7" HEIGHT="92" GC="0.9999">
                                <Shape>
                                    <Polygon POINTS="335 591 342 683 342 683 335 591"/>
                                </Shape>
                            </Glyph>
                            <Glyph ID="char_225" CONTENT="s" HPOS="364" VPOS="590" WIDTH="3" HEIGHT="92" GC="0.9998">
                                <Shape>
                                    <Polygon POINTS="364 590 367 682 367 682 364 590"/>
                                </Shape>
                            </Glyph>
                            <Glyph ID="char_226" CONTENT="t" HPOS="390" VPOS="589" WIDTH="3" HEIGHT="93" GC="1.0">
                                <Shape>
                                    <Polygon POINTS="390 589 393 682 393 682 390 589"/>
                                </Shape>
                            </Glyph>
                            <Glyph ID="char_227" CONTENT="e" HPOS="417" VPOS="590" WIDTH="3" HEIGHT="87" GC="0.9876">
                                <Shape>
                                    <Polygon POINTS="417 590 420 677 420 677 417 590"/>
                                </Shape>
                            </Glyph>
                            <Glyph ID="char_228" CONTENT="r" HPOS="443" VPOS="593" WIDTH="3" HEIGHT="79" GC="0.9962">
                                <Shape>
                                    <Polygon POINTS="443 593 446 672 446 672 443 593"/>
                                </Shape>
                            </Glyph>
                        </String>
                        <SP ID="segment_76" HPOS="490"  VPOS="599" WIDTH="9"  HEIGHT="65"/>
                        <String ID="segment_77" CONTENT="telle" HPOS="510" VPOS="588" WIDTH="102" HEIGHT="72" WC="0.9973">
                            <Shape>
                                <Polygon POINTS="510 593 513 660 612 660 609 590"/>
                            </Shape>
                            <Glyph ID="char_230" CONTENT="t" HPOS="510" VPOS="593" WIDTH="3" HEIGHT="67" GC="1.0">
                                <Shape>
                                    <Polygon POINTS="510 593 513 660 513 660 510 593"/>
                                </Shape>
                            </Glyph>
                            <Glyph ID="char_231" CONTENT="e" HPOS="530" VPOS="588" WIDTH="3" HEIGHT="72" GC="0.9995">
                                <Shape>
                                    <Polygon POINTS="530 588 533 660 533 660 530 588"/>
                                </Shape>
                            </Glyph>
                            <Glyph ID="char_232" CONTENT="l" HPOS="556" VPOS="592" WIDTH="3" HEIGHT="68" GC="0.9872">
                                <Shape>
                                    <Polygon POINTS="556 592 559 660 559 660 556 592"/>
                                </Shape>
                            </Glyph>
                            <Glyph ID="char_233" CONTENT="l" HPOS="576" VPOS="592" WIDTH="3" HEIGHT="68" GC="1.0">
                                <Shape>
                                    <Polygon POINTS="576 592 579 660 579 660 576 592"/>
                                </Shape>
                            </Glyph>
                            <Glyph ID="char_234" CONTENT="e" HPOS="609" VPOS="590" WIDTH="3" HEIGHT="70" GC="0.9999">
                                <Shape>
                                    <Polygon POINTS="609 590 612 660 612 660 609 590"/>
                                </Shape>
                            </Glyph>
                        </String>
                        <SP ID="segment_78" HPOS="675"  VPOS="589" WIDTH="10"  HEIGHT="78"/>
                        <String ID="segment_79" CONTENT="qu&#39;elle" HPOS="702" VPOS="583" WIDTH="175" HEIGHT="87" WC="0.8976">
                            <Shape>
                                <Polygon POINTS="702 595 705 670 876 656 877 586"/>
                            </Shape>
                            <Glyph ID="char_236" CONTENT="q" HPOS="702" VPOS="595" WIDTH="3" HEIGHT="75" GC="0.9954">
                                <Shape>
                                    <Polygon POINTS="702 595 705 670 705 670 702 595"/>
                                </Shape>
                            </Glyph>
                            <Glyph ID="char_237" CONTENT="u" HPOS="741" VPOS="592" WIDTH="10" HEIGHT="74" GC="0.7817">
                                <Shape>
                                    <Polygon POINTS="741 594 744 666 751 665 748 592"/>
                                </Shape>
                            </Glyph>
                            <Glyph ID="char_238" CONTENT="&#39;" HPOS="783" VPOS="586" WIDTH="1" HEIGHT="74" GC="1.0">
                                <Shape>
                                    <Polygon POINTS="784 586 783 660 783 660 784 586"/>
                                </Shape>
                            </Glyph>
                            <Glyph ID="char_239" CONTENT="e" HPOS="803" VPOS="583" WIDTH="1" HEIGHT="73" GC="1.0">
                                <Shape>
                                    <Polygon POINTS="804 583 803 656 803 656 804 583"/>
                                </Shape>
                            </Glyph>
                            <Glyph ID="char_240" CONTENT="l" HPOS="829" VPOS="583" WIDTH="1" HEIGHT="73" GC="0.9999">
                                <Shape>
                                    <Polygon POINTS="830 583 829 656 829 656 830 583"/>
                                </Shape>
                            </Glyph>
                            <Glyph ID="char_241" CONTENT="l" HPOS="849" VPOS="583" WIDTH="1" HEIGHT="73" GC="0.9994">
                                <Shape>
                                    <Polygon POINTS="850 583 849 656 849 656 850 583"/>
                                </Shape>
                            </Glyph>
                            <Glyph ID="char_242" CONTENT="e" HPOS="876" VPOS="586" WIDTH="1" HEIGHT="70" GC="0.5068">
                                <Shape>
                                    <Polygon POINTS="877 586 876 656 876 656 877 586"/>
                                </Shape>
                            </Glyph>
                        </String>
                        <SP ID="segment_80" HPOS="922"  VPOS="599" WIDTH="7"  HEIGHT="56"/>
                        <String ID="segment_81" CONTENT="e패toit" HPOS="942" VPOS="598" WIDTH="119" HEIGHT="64" WC="0.9885">
                            <Shape>
                                <Polygon POINTS="942 605 942 655 1061 662 1061 603"/>
                            </Shape>
                            <Glyph ID="char_244" CONTENT="e" HPOS="942" VPOS="605" WIDTH="0" HEIGHT="50" GC="0.9991">
                                <Shape>
                                    <Polygon POINTS="942 605 942 655 942 655 942 605"/>
                                </Shape>
                            </Glyph>
                            <Glyph ID="char_245" CONTENT="패" HPOS="955" VPOS="603" WIDTH="0" HEIGHT="52" GC="0.9999">
                                <Shape>
                                    <Polygon POINTS="955 603 955 655 955 655 955 603"/>
                                </Shape>
                            </Glyph>
                            <Glyph ID="char_246" CONTENT="t" HPOS="982" VPOS="598" WIDTH="0" HEIGHT="57" GC="0.9329">
                                <Shape>
                                    <Polygon POINTS="982 598 982 655 982 655 982 598"/>
                                </Shape>
                            </Glyph>
                            <Glyph ID="char_247" CONTENT="o" HPOS="1008" VPOS="598" WIDTH="0" HEIGHT="57" GC="1.0">
                                <Shape>
                                    <Polygon POINTS="1008 598 1008 655 1008 655 1008 598"/>
                                </Shape>
                            </Glyph>
                            <Glyph ID="char_248" CONTENT="i" HPOS="1028" VPOS="602" WIDTH="7" HEIGHT="53" GC="0.9998">
                                <Shape>
                                    <Polygon POINTS="1028 602 1028 655 1035 655 1035 603"/>
                                </Shape>
                            </Glyph>
                            <Glyph ID="char_249" CONTENT="t" HPOS="1061" VPOS="603" WIDTH="0" HEIGHT="59" GC="0.9996">
                                <Shape>
                                    <Polygon POINTS="1061 603 1061 662 1061 662 1061 603"/>
                                </Shape>
                            </Glyph>
                        </String>
                        <SP ID="segment_82" HPOS="1121"  VPOS="603" WIDTH="0"  HEIGHT="71"/>
                        <String ID="segment_83" CONTENT="puisqu&#39;elle" HPOS="1141" VPOS="580" WIDTH="304" HEIGHT="94" WC="0.9991">
                            <Shape>
                                <Polygon POINTS="1141 603 1141 674 1445 663 1444 592"/>
                            </Shape>
                            <Glyph ID="char_251" CONTENT="p" HPOS="1141" VPOS="603" WIDTH="0" HEIGHT="71" GC="0.9999">
                                <Shape>
                                    <Polygon POINTS="1141 603 1141 674 1141 674 1141 603"/>
                                </Shape>
                            </Glyph>
                            <Glyph ID="char_252" CONTENT="u" HPOS="1194" VPOS="602" WIDTH="0" HEIGHT="60" GC="0.9932">
                                <Shape>
                                    <Polygon POINTS="1194 602 1194 662 1194 662 1194 602"/>
                                </Shape>
                            </Glyph>
                            <Glyph ID="char_253" CONTENT="i" HPOS="1213" VPOS="602" WIDTH="7" HEIGHT="59" GC="0.9992">
                                <Shape>
                                    <Polygon POINTS="1213 602 1213 660 1220 661 1220 602"/>
                                </Shape>
                            </Glyph>
                            <Glyph ID="char_254" CONTENT="s" HPOS="1240" VPOS="602" WIDTH="0" HEIGHT="61" GC="0.9982">
                                <Shape>
                                    <Polygon POINTS="1240 602 1240 663 1240 663 1240 602"/>
                                </Shape>
                            </Glyph>
                            <Glyph ID="char_255" CONTENT="q" HPOS="1273" VPOS="602" WIDTH="0" HEIGHT="65" GC="0.9997">
                                <Shape>
                                    <Polygon POINTS="1273 602 1273 667 1273 667 1273 602"/>
                                </Shape>
                            </Glyph>
                            <Glyph ID="char_256" CONTENT="u" HPOS="1318" VPOS="591" WIDTH="1" HEIGHT="65" GC="1.0">
                                <Shape>
                                    <Polygon POINTS="1318 591 1319 656 1319 656 1318 591"/>
                                </Shape>
                            </Glyph>
                            <Glyph ID="char_257" CONTENT="&#39;" HPOS="1351" VPOS="580" WIDTH="8" HEIGHT="75" GC="0.9997">
                                <Shape>
                                    <Polygon POINTS="1351 582 1352 653 1359 655 1358 580"/>
                                </Shape>
                            </Glyph>
                            <Glyph ID="char_258" CONTENT="e" HPOS="1371" VPOS="580" WIDTH="1" HEIGHT="79" GC="0.9999">
                                <Shape>
                                    <Polygon POINTS="1371 580 1372 659 1372 659 1371 580"/>
                                </Shape>
                            </Glyph>
                            <Glyph ID="char_259" CONTENT="l" HPOS="1398" VPOS="585" WIDTH="1" HEIGHT="72" GC="0.9999">
                                <Shape>
                                    <Polygon POINTS="1398 585 1399 657 1399 657 1398 585"/>
                                </Shape>
                            </Glyph>
                            <Glyph ID="char_260" CONTENT="l" HPOS="1418" VPOS="588" WIDTH="1" HEIGHT="68" GC="1.0">
                                <Shape>
                                    <Polygon POINTS="1418 588 1419 656 1419 656 1418 588"/>
                                </Shape>
                            </Glyph>
                            <Glyph ID="char_261" CONTENT="e" HPOS="1444" VPOS="592" WIDTH="1" HEIGHT="71" GC="1.0">
                                <Shape>
                                    <Polygon POINTS="1444 592 1445 663 1445 663 1444 592"/>
                                </Shape>
                            </Glyph>
                        </String>
                        <SP ID="segment_84" HPOS="1484"  VPOS="596" WIDTH="8"  HEIGHT="69"/>
                        <String ID="segment_85" CONTENT="a" HPOS="1504" VPOS="596" WIDTH="21" HEIGHT="67" WC="0.9963">
                            <Shape>
                                <Polygon POINTS="1504 596 1505 663 1525 660 1524 596"/>
                            </Shape>
                            <Glyph ID="char_263" CONTENT="a" HPOS="1504" VPOS="596" WIDTH="1" HEIGHT="67" GC="0.9958">
                                <Shape>
                                    <Polygon POINTS="1504 596 1505 663 1505 663 1504 596"/>
                                </Shape>
                            </Glyph>
                            <Glyph ID="char_264" CONTENT="" HPOS="1517" VPOS="596" WIDTH="8" HEIGHT="65" GC="0.9969">
                                <Shape>
                                    <Polygon POINTS="1517 596 1518 661 1525 660 1524 596"/>
                                </Shape>
                            </Glyph>
                        </String>
                        <SP ID="segment_86" HPOS="1550"  VPOS="596" WIDTH="8"  HEIGHT="62"/>
                        <String ID="segment_87" CONTENT="eu" HPOS="1570" VPOS="587" WIDTH="41" HEIGHT="72" WC="0.9671">
                            <Shape>
                                <Polygon POINTS="1570 596 1571 658 1611 659 1610 587"/>
                            </Shape>
                            <Glyph ID="char_266" CONTENT="e" HPOS="1570" VPOS="596" WIDTH="1" HEIGHT="62" GC="0.9373">
                                <Shape>
                                    <Polygon POINTS="1570 596 1571 658 1571 658 1570 596"/>
                                </Shape>
                            </Glyph>
                            <Glyph ID="char_267" CONTENT="u" HPOS="1610" VPOS="587" WIDTH="1" HEIGHT="72" GC="0.9969">
                                <Shape>
                                    <Polygon POINTS="1610 587 1611 659 1611 659 1610 587"/>
                                </Shape>
                            </Glyph>
                        </String>
                        <SP ID="segment_88" HPOS="1643"  VPOS="580" WIDTH="1"  HEIGHT="79"/>
                        <String ID="segment_89" CONTENT="le" HPOS="1656" VPOS="572" WIDTH="28" HEIGHT="88" WC="0.9461">
                            <Shape>
                                <Polygon POINTS="1656 578 1657 659 1684 660 1683 572"/>
                            </Shape>
                            <Glyph ID="char_269" CONTENT="l" HPOS="1656" VPOS="578" WIDTH="1" HEIGHT="81" GC="0.8929">
                                <Shape>
                                    <Polygon POINTS="1656 578 1657 659 1657 659 1656 578"/>
                                </Shape>
                            </Glyph>
                            <Glyph ID="char_270" CONTENT="e" HPOS="1683" VPOS="572" WIDTH="1" HEIGHT="88" GC="0.9994">
                                <Shape>
                                    <Polygon POINTS="1683 572 1684 660 1684 660 1683 572"/>
                                </Shape>
                            </Glyph>
                        </String>
                        <SP ID="segment_90" HPOS="1709"  VPOS="573" WIDTH="1"  HEIGHT="83"/>
                        <String ID="segment_91" CONTENT="malheur" HPOS="1729" VPOS="568" WIDTH="225" HEIGHT="92" WC="0.9247">
                            <Shape>
                                <Polygon POINTS="1729 577 1730 648 1954 638 1954 634"/>
                            </Shape>
                            <Glyph ID="char_272" CONTENT="m" HPOS="1729" VPOS="577" WIDTH="1" HEIGHT="71" GC="0.9765">
                                <Shape>
                                    <Polygon POINTS="1729 577 1730 648 1730 648 1729 577"/>
                                </Shape>
                            </Glyph>
                            <Glyph ID="char_273" CONTENT="a" HPOS="1802" VPOS="586" WIDTH="1" HEIGHT="64" GC="0.9999">
                                <Shape>
                                    <Polygon POINTS="1802 586 1803 650 1803 650 1802 586"/>
                                </Shape>
                            </Glyph>
                            <Glyph ID="char_274" CONTENT="l" HPOS="1835" VPOS="579" WIDTH="1" HEIGHT="74" GC="0.9996">
                                <Shape>
                                    <Polygon POINTS="1835 579 1836 653 1836 653 1835 579"/>
                                </Shape>
                            </Glyph>
                            <Glyph ID="char_275" CONTENT="h" HPOS="1875" VPOS="571" WIDTH="1" HEIGHT="84" GC="0.9963">
                                <Shape>
                                    <Polygon POINTS="1875 571 1876 655 1876 655 1875 571"/>
                                </Shape>
                            </Glyph>
                            <Glyph ID="char_276" CONTENT="e" HPOS="1914" VPOS="569" WIDTH="1" HEIGHT="89" GC="0.9966">
                                <Shape>
                                    <Polygon POINTS="1914 569 1915 658 1915 658 1914 569"/>
                                </Shape>
                            </Glyph>
                            <Glyph ID="char_277" CONTENT="u" HPOS="1947" VPOS="568" WIDTH="1" HEIGHT="92" GC="0.8228">
                                <Shape>
                                    <Polygon POINTS="1947 568 1948 660 1948 660 1947 568"/>
                                </Shape>
                            </Glyph>
                            <Glyph ID="char_278" CONTENT="r" HPOS="1954" VPOS="634" WIDTH="0" HEIGHT="4" GC="0.6811">
                                <Shape>
                                    <Polygon POINTS="1954 634 1954 638 1954 638 1954 634"/>
                                </Shape>
                            </Glyph>
                        </String>
                    </TextLine>

                    <TextLine ID="bae6ed83-7d7b-4813-967d-a7585c30e58f" HPOS="119.0" VPOS="690.0" WIDTH="1838.0" HEIGHT="111.0" BASELINE="121.0 792.0 569.0 769.0 1957.0 753.0" TAGREFS="LINE_TYPE_1">
                        <Shape>
                            <Polygon POINTS="121.0 792.0 121.0 801.0 272.0 799.0 273.0 799.0 318.0 786.0 414.0 792.0 415.0 792.0 416.0 792.0 440.0 783.0 860.0 779.0 972.0 789.0 974.0 789.0 1084.0 777.0 1116.0 786.0 1117.0 786.0 1119.0 786.0 1243.0 785.0 1244.0 785.0 1268.0 776.0 1316.0 783.0 1318.0 783.0 1386.0 770.0 1607.0 770.0 1635.0 779.0 1637.0 779.0 1638.0 779.0 1696.0 777.0 1698.0 777.0 1733.0 766.0 1768.0 776.0 1770.0 776.0 1771.0 776.0 1844.0 769.0 1875.0 774.0 1876.0 774.0 1957.0 761.0 1957.0 753.0 1953.0 690.0 1909.0 691.0 1907.0 691.0 1869.0 707.0 1726.0 693.0 1724.0 693.0 1723.0 693.0 1669.0 716.0 1626.0 717.0 1555.0 717.0 1490.0 697.0 1489.0 697.0 1443.0 697.0 1442.0 697.0 1278.0 700.0 1277.0 700.0 1236.0 713.0 1176.0 712.0 1174.0 712.0 1173.0 712.0 1146.0 723.0 1086.0 722.0 1063.0 710.0 1062.0 710.0 1060.0 710.0 1059.0 710.0 1010.0 722.0 966.0 716.0 965.0 716.0 854.0 728.0 775.0 722.0 773.0 722.0 659.0 729.0 589.0 710.0 588.0 710.0 586.0 710.0 522.0 712.0 520.0 712.0 459.0 729.0 414.0 713.0 412.0 713.0 411.0 713.0 409.0 713.0 337.0 735.0 305.0 729.0 304.0 729.0 203.0 738.0 119.0 728.0 121.0 792.0"/>
                        </Shape>
                        <String ID="segment_92" CONTENT="de" HPOS="135" VPOS="730" WIDTH="51" HEIGHT="71" WC="1.0">
                            <Shape>
                                <Polygon POINTS="135 730 138 801 186 800 182 736"/>
                            </Shape>
                            <Glyph ID="char_279" CONTENT="d" HPOS="135" VPOS="730" WIDTH="3" HEIGHT="71" GC="1.0">
                                <Shape>
                                    <Polygon POINTS="135 730 138 801 138 801 135 730"/>
                                </Shape>
                            </Glyph>
                            <Glyph ID="char_280" CONTENT="e" HPOS="182" VPOS="736" WIDTH="4" HEIGHT="64" GC="0.9999">
                                <Shape>
                                    <Polygon POINTS="182 736 186 800 186 800 182 736"/>
                                </Shape>
                            </Glyph>
                        </String>
                        <SP ID="segment_93" HPOS="205"  VPOS="737" WIDTH="10"  HEIGHT="63"/>
                        <String ID="segment_94" CONTENT="vous" HPOS="223" VPOS="730" WIDTH="119" HEIGHT="70" WC="1.0">
                            <Shape>
                                <Polygon POINTS="223 736 227 800 342 788 339 734"/>
                            </Shape>
                            <Glyph ID="char_282" CONTENT="v" HPOS="223" VPOS="736" WIDTH="4" HEIGHT="64" GC="1.0">
                                <Shape>
                                    <Polygon POINTS="223 736 227 800 227 800 223 736"/>
                                </Shape>
                            </Glyph>
                            <Glyph ID="char_283" CONTENT="o" HPOS="263" VPOS="733" WIDTH="4" HEIGHT="66" GC="1.0">
                                <Shape>
                                    <Polygon POINTS="263 733 267 799 267 799 263 733"/>
                                </Shape>
                            </Glyph>
                            <Glyph ID="char_284" CONTENT="u" HPOS="310" VPOS="730" WIDTH="3" HEIGHT="57" GC="0.9999">
                                <Shape>
                                    <Polygon POINTS="310 730 313 787 313 787 310 730"/>
                                </Shape>
                            </Glyph>
                            <Glyph ID="char_285" CONTENT="s" HPOS="339" VPOS="734" WIDTH="3" HEIGHT="54" GC="1.0">
                                <Shape>
                                    <Polygon POINTS="339 734 342 788 342 788 339 734"/>
                                </Shape>
                            </Glyph>
                        </String>
                        <SP ID="segment_95" HPOS="380"  VPOS="719" WIDTH="14"  HEIGHT="72"/>
                        <String ID="segment_96" CONTENT="deplaire." HPOS="402" VPOS="711" WIDTH="306" HEIGHT="81" WC="0.9999">
                            <Shape>
                                <Polygon POINTS="402 715 406 792 708 780 707 726"/>
                            </Shape>
                            <Glyph ID="char_287" CONTENT="d" HPOS="402" VPOS="715" WIDTH="4" HEIGHT="77" GC="1.0">
                                <Shape>
                                    <Polygon POINTS="402 715 406 792 406 792 402 715"/>
                                </Shape>
                            </Glyph>
                            <Glyph ID="char_288" CONTENT="e" HPOS="444" VPOS="724" WIDTH="3" HEIGHT="59" GC="0.9999">
                                <Shape>
                                    <Polygon POINTS="444 724 447 783 447 783 444 724"/>
                                </Shape>
                            </Glyph>
                            <Glyph ID="char_289" CONTENT="p" HPOS="473" VPOS="725" WIDTH="3" HEIGHT="58" GC="1.0">
                                <Shape>
                                    <Polygon POINTS="473 725 476 783 476 783 473 725"/>
                                </Shape>
                            </Glyph>
                            <Glyph ID="char_290" CONTENT="l" HPOS="524" VPOS="712" WIDTH="4" HEIGHT="70" GC="1.0">
                                <Shape>
                                    <Polygon POINTS="524 712 528 782 528 782 524 712"/>
                                </Shape>
                            </Glyph>
                            <Glyph ID="char_291" CONTENT="a" HPOS="565" VPOS="711" WIDTH="4" HEIGHT="71" GC="0.9992">
                                <Shape>
                                    <Polygon POINTS="565 711 569 782 569 782 565 711"/>
                                </Shape>
                            </Glyph>
                            <Glyph ID="char_292" CONTENT="i" HPOS="597" VPOS="712" WIDTH="1" HEIGHT="69" GC="0.9997">
                                <Shape>
                                    <Polygon POINTS="597 712 598 781 598 781 597 712"/>
                                </Shape>
                            </Glyph>
                            <Glyph ID="char_293" CONTENT="r" HPOS="626" VPOS="720" WIDTH="1" HEIGHT="61" GC="1.0">
                                <Shape>
                                    <Polygon POINTS="626 720 627 781 627 781 626 720"/>
                                </Shape>
                            </Glyph>
                            <Glyph ID="char_294" CONTENT="e" HPOS="655" VPOS="728" WIDTH="1" HEIGHT="53" GC="1.0">
                                <Shape>
                                    <Polygon POINTS="655 728 656 781 656 781 655 728"/>
                                </Shape>
                            </Glyph>
                            <Glyph ID="char_295" CONTENT="." HPOS="707" VPOS="726" WIDTH="1" HEIGHT="54" GC="1.0">
                                <Shape>
                                    <Polygon POINTS="707 726 708 780 708 780 707 726"/>
                                </Shape>
                            </Glyph>
                        </String>
                        <SP ID="segment_97" HPOS="737"  VPOS="724" WIDTH="6"  HEIGHT="56"/>
                        <String ID="segment_98" CONTENT="je" HPOS="754" VPOS="723" WIDTH="30" HEIGHT="57" WC="0.9983">
                            <Shape>
                                <Polygon POINTS="754 723 755 780 784 780 783 723"/>
                            </Shape>
                            <Glyph ID="char_297" CONTENT="j" HPOS="754" VPOS="723" WIDTH="1" HEIGHT="57" GC="0.9966">
                                <Shape>
                                    <Polygon POINTS="754 723 755 780 755 780 754 723"/>
                                </Shape>
                            </Glyph>
                            <Glyph ID="char_298" CONTENT="e" HPOS="783" VPOS="723" WIDTH="1" HEIGHT="57" GC="0.9999">
                                <Shape>
                                    <Polygon POINTS="783 723 784 780 784 780 783 723"/>
                                </Shape>
                            </Glyph>
                        </String>
                        <SP ID="segment_99" HPOS="824"  VPOS="726" WIDTH="1"  HEIGHT="53"/>
                        <String ID="segment_100" CONTENT="pis" HPOS="841" VPOS="719" WIDTH="100" HEIGHT="67" WC="0.9993">
                            <Shape>
                                <Polygon POINTS="841 727 842 779 941 786 940 719"/>
                            </Shape>
                            <Glyph ID="char_300" CONTENT="p" HPOS="841" VPOS="727" WIDTH="1" HEIGHT="52" GC="1.0">
                                <Shape>
                                    <Polygon POINTS="841 727 842 779 842 779 841 727"/>
                                </Shape>
                            </Glyph>
                            <Glyph ID="char_301" CONTENT="i" HPOS="911" VPOS="721" WIDTH="7" HEIGHT="63" GC="1.0">
                                <Shape>
                                    <Polygon POINTS="911 722 912 784 918 784 917 721"/>
                                </Shape>
                            </Glyph>
                            <Glyph ID="char_302" CONTENT="s" HPOS="940" VPOS="719" WIDTH="1" HEIGHT="67" GC="0.9978">
                                <Shape>
                                    <Polygon POINTS="940 719 941 786 941 786 940 719"/>
                                </Shape>
                            </Glyph>
                        </String>
                        <SP ID="segment_101" HPOS="981"  VPOS="718" WIDTH="7"  HEIGHT="70"/>
                        <String ID="segment_102" CONTENT="vous" HPOS="1004" VPOS="715" WIDTH="100" HEIGHT="71" WC="0.9967">
                            <Shape>
                                <Polygon POINTS="1004 721 1005 786 1104 783 1103 722"/>
                            </Shape>
                            <Glyph ID="char_304" CONTENT="v" HPOS="1004" VPOS="721" WIDTH="1" HEIGHT="65" GC="0.9891">
                                <Shape>
                                    <Polygon POINTS="1004 721 1005 786 1005 786 1004 721"/>
                                </Shape>
                            </Glyph>
                            <Glyph ID="char_305" CONTENT="o" HPOS="1039" VPOS="715" WIDTH="1" HEIGHT="67" GC="0.9991">
                                <Shape>
                                    <Polygon POINTS="1039 715 1040 782 1040 782 1039 715"/>
                                </Shape>
                            </Glyph>
                            <Glyph ID="char_306" CONTENT="u" HPOS="1074" VPOS="716" WIDTH="1" HEIGHT="62" GC="1.0">
                                <Shape>
                                    <Polygon POINTS="1074 716 1075 778 1075 778 1074 716"/>
                                </Shape>
                            </Glyph>
                            <Glyph ID="char_307" CONTENT="s" HPOS="1103" VPOS="722" WIDTH="1" HEIGHT="61" GC="0.9986">
                                <Shape>
                                    <Polygon POINTS="1103 722 1104 783 1104 783 1103 722"/>
                                </Shape>
                            </Glyph>
                        </String>
                        <SP ID="segment_103" HPOS="1144"  VPOS="721" WIDTH="7"  HEIGHT="65"/>
                        <String ID="segment_104" CONTENT="protester" HPOS="1167" VPOS="698" WIDTH="221" HEIGHT="88" WC="0.9611">
                            <Shape>
                                <Polygon POINTS="1167 715 1168 786 1388 770 1388 698"/>
                            </Shape>
                            <Glyph ID="char_309" CONTENT="p" HPOS="1167" VPOS="715" WIDTH="1" HEIGHT="71" GC="0.9998">
                                <Shape>
                                    <Polygon POINTS="1167 715 1168 786 1168 786 1167 715"/>
                                </Shape>
                            </Glyph>
                            <Glyph ID="char_310" CONTENT="r" HPOS="1202" VPOS="712" WIDTH="1" HEIGHT="73" GC="1.0">
                                <Shape>
                                    <Polygon POINTS="1202 712 1203 785 1203 785 1202 712"/>
                                </Shape>
                            </Glyph>
                            <Glyph ID="char_311" CONTENT="o" HPOS="1225" VPOS="713" WIDTH="1" HEIGHT="72" GC="1.0">
                                <Shape>
                                    <Polygon POINTS="1225 713 1226 785 1226 785 1225 713"/>
                                </Shape>
                            </Glyph>
                            <Glyph ID="char_312" CONTENT="t" HPOS="1260" VPOS="705" WIDTH="1" HEIGHT="74" GC="1.0">
                                <Shape>
                                    <Polygon POINTS="1260 705 1261 779 1261 779 1260 705"/>
                                </Shape>
                            </Glyph>
                            <Glyph ID="char_313" CONTENT="e" HPOS="1295" VPOS="700" WIDTH="1" HEIGHT="80" GC="1.0">
                                <Shape>
                                    <Polygon POINTS="1295 700 1296 780 1296 780 1295 700"/>
                                </Shape>
                            </Glyph>
                            <Glyph ID="char_314" CONTENT="s" HPOS="1312" VPOS="699" WIDTH="1" HEIGHT="84" GC="1.0">
                                <Shape>
                                    <Polygon POINTS="1312 699 1313 783 1313 783 1312 699"/>
                                </Shape>
                            </Glyph>
                            <Glyph ID="char_315" CONTENT="t" HPOS="1336" VPOS="699" WIDTH="1" HEIGHT="80" GC="0.7893">
                                <Shape>
                                    <Polygon POINTS="1336 699 1337 779 1337 779 1336 699"/>
                                </Shape>
                            </Glyph>
                            <Glyph ID="char_316" CONTENT="e" HPOS="1359" VPOS="699" WIDTH="1" HEIGHT="76" GC="0.9998">
                                <Shape>
                                    <Polygon POINTS="1359 699 1360 775 1360 775 1359 699"/>
                                </Shape>
                            </Glyph>
                            <Glyph ID="char_317" CONTENT="r" HPOS="1388" VPOS="698" WIDTH="0" HEIGHT="72" GC="0.8613">
                                <Shape>
                                    <Polygon POINTS="1388 698 1388 770 1388 770 1388 698"/>
                                </Shape>
                            </Glyph>
                        </String>
                        <SP ID="segment_105" HPOS="1446"  VPOS="697" WIDTH="6"  HEIGHT="73"/>
                        <String ID="segment_106" CONTENT="de" HPOS="1464" VPOS="697" WIDTH="40" HEIGHT="73" WC="0.9997">
                            <Shape>
                                <Polygon POINTS="1464 697 1464 770 1504 770 1504 701"/>
                            </Shape>
                            <Glyph ID="char_319" CONTENT="d" HPOS="1464" VPOS="697" WIDTH="0" HEIGHT="73" GC="0.9994">
                                <Shape>
                                    <Polygon POINTS="1464 697 1464 770 1464 770 1464 697"/>
                                </Shape>
                            </Glyph>
                            <Glyph ID="char_320" CONTENT="e" HPOS="1504" VPOS="701" WIDTH="0" HEIGHT="69" GC="1.0">
                                <Shape>
                                    <Polygon POINTS="1504 701 1504 770 1504 770 1504 701"/>
                                </Shape>
                            </Glyph>
                        </String>
                        <SP ID="segment_107" HPOS="1539"  VPOS="712" WIDTH="6"  HEIGHT="58"/>
                        <String ID="segment_108" CONTENT="son" HPOS="1557" VPOS="717" WIDTH="76" HEIGHT="61" WC="0.9919">
                            <Shape>
                                <Polygon POINTS="1557 717 1557 770 1633 778 1632 717"/>
                            </Shape>
                            <Glyph ID="char_322" CONTENT="s" HPOS="1557" VPOS="717" WIDTH="0" HEIGHT="53" GC="0.9958">
                                <Shape>
                                    <Polygon POINTS="1557 717 1557 770 1557 770 1557 717"/>
                                </Shape>
                            </Glyph>
                            <Glyph ID="char_323" CONTENT="o" HPOS="1592" VPOS="717" WIDTH="0" HEIGHT="53" GC="0.9834">
                                <Shape>
                                    <Polygon POINTS="1592 717 1592 770 1592 770 1592 717"/>
                                </Shape>
                            </Glyph>
                            <Glyph ID="char_324" CONTENT="n" HPOS="1632" VPOS="717" WIDTH="1" HEIGHT="61" GC="0.9964">
                                <Shape>
                                    <Polygon POINTS="1632 717 1633 778 1633 778 1632 717"/>
                                </Shape>
                            </Glyph>
                        </String>
                        <SP ID="segment_109" HPOS="1661"  VPOS="716" WIDTH="7"  HEIGHT="62"/>
                        <String ID="segment_110" CONTENT="Repentir" HPOS="1679" VPOS="691" WIDTH="244" HEIGHT="87" WC="0.9978">
                            <Shape>
                                <Polygon POINTS="1679 712 1680 778 1923 766 1923 691"/>
                            </Shape>
                            <Glyph ID="char_326" CONTENT="R" HPOS="1679" VPOS="712" WIDTH="1" HEIGHT="66" GC="0.9938">
                                <Shape>
                                    <Polygon POINTS="1679 712 1680 778 1680 778 1679 712"/>
                                </Shape>
                            </Glyph>
                            <Glyph ID="char_327" CONTENT="e" HPOS="1749" VPOS="695" WIDTH="1" HEIGHT="76" GC="0.9998">
                                <Shape>
                                    <Polygon POINTS="1749 695 1750 771 1750 771 1749 695"/>
                                </Shape>
                            </Glyph>
                            <Glyph ID="char_328" CONTENT="p" HPOS="1778" VPOS="698" WIDTH="1" HEIGHT="77" GC="0.9995">
                                <Shape>
                                    <Polygon POINTS="1778 698 1779 775 1779 775 1778 698"/>
                                </Shape>
                            </Glyph>
                            <Glyph ID="char_329" CONTENT="e" HPOS="1813" VPOS="701" WIDTH="1" HEIGHT="71" GC="0.9994">
                                <Shape>
                                    <Polygon POINTS="1813 701 1814 772 1814 772 1813 701"/>
                                </Shape>
                            </Glyph>
                            <Glyph ID="char_330" CONTENT="n" HPOS="1847" VPOS="705" WIDTH="1" HEIGHT="65" GC="0.9993">
                                <Shape>
                                    <Polygon POINTS="1847 705 1848 770 1848 770 1847 705"/>
                                </Shape>
                            </Glyph>
                            <Glyph ID="char_331" CONTENT="t" HPOS="1877" VPOS="704" WIDTH="1" HEIGHT="70" GC="0.9955">
                                <Shape>
                                    <Polygon POINTS="1877 704 1878 774 1878 774 1877 704"/>
                                </Shape>
                            </Glyph>
                            <Glyph ID="char_332" CONTENT="i" HPOS="1900" VPOS="694" WIDTH="1" HEIGHT="76" GC="0.9955">
                                <Shape>
                                    <Polygon POINTS="1900 694 1901 770 1901 770 1900 694"/>
                                </Shape>
                            </Glyph>
                            <Glyph ID="char_333" CONTENT="r" HPOS="1923" VPOS="691" WIDTH="0" HEIGHT="75" GC="0.9998">
                                <Shape>
                                    <Polygon POINTS="1923 691 1923 766 1923 766 1923 691"/>
                                </Shape>
                            </Glyph>
                        </String>
                    </TextLine>

                    <TextLine ID="c583fa40-ad27-440e-ba3a-21afa1739047" HPOS="118.0" VPOS="807.0" WIDTH="1794.0" HEIGHT="112.0" BASELINE="119.0 900.0 593.0 877.0 1912.0 868.0" TAGREFS="LINE_TYPE_1">
                        <Shape>
                            <Polygon POINTS="119.0 900.0 119.0 919.0 270.0 916.0 272.0 916.0 324.0 902.0 359.0 912.0 361.0 912.0 362.0 912.0 364.0 912.0 397.0 900.0 495.0 905.0 497.0 905.0 577.0 887.0 705.0 900.0 706.0 900.0 708.0 900.0 762.0 887.0 829.0 894.0 830.0 894.0 946.0 883.0 993.0 894.0 994.0 894.0 996.0 894.0 1041.0 884.0 1094.0 899.0 1095.0 899.0 1097.0 899.0 1098.0 899.0 1133.0 887.0 1190.0 887.0 1249.0 906.0 1250.0 906.0 1252.0 906.0 1381.0 883.0 1460.0 891.0 1461.0 891.0 1582.0 883.0 1666.0 889.0 1667.0 889.0 1669.0 889.0 1707.0 878.0 1910.0 886.0 1912.0 868.0 1907.0 830.0 1822.0 830.0 1762.0 807.0 1761.0 807.0 1759.0 807.0 1710.0 814.0 1632.0 807.0 1631.0 807.0 1433.0 810.0 1432.0 810.0 1350.0 836.0 1098.0 836.0 1037.0 814.0 1035.0 814.0 1034.0 814.0 986.0 824.0 873.0 815.0 871.0 815.0 743.0 843.0 604.0 840.0 519.0 823.0 517.0 823.0 516.0 823.0 460.0 846.0 324.0 836.0 323.0 836.0 321.0 836.0 295.0 843.0 238.0 827.0 236.0 827.0 235.0 827.0 118.0 849.0 119.0 900.0"/>
                        </Shape>
                        <String ID="segment_111" CONTENT="et" HPOS="141" VPOS="837" WIDTH="47" HEIGHT="81" WC="0.9996">
                            <Shape>
                                <Polygon POINTS="141 845 145 918 188 918 184 837"/>
                            </Shape>
                            <Glyph ID="char_334" CONTENT="e" HPOS="141" VPOS="845" WIDTH="4" HEIGHT="73" GC="0.9992">
                                <Shape>
                                    <Polygon POINTS="141 845 145 918 145 918 141 845"/>
                                </Shape>
                            </Glyph>
                            <Glyph ID="char_335" CONTENT="t" HPOS="184" VPOS="837" WIDTH="4" HEIGHT="81" GC="1.0">
                                <Shape>
                                    <Polygon POINTS="184 837 188 918 188 918 184 837"/>
                                </Shape>
                            </Glyph>
                        </String>
                        <SP ID="segment_112" HPOS="228"  VPOS="827" WIDTH="10"  HEIGHT="90"/>
                        <String ID="segment_113" CONTENT="ne" HPOS="253" VPOS="831" WIDTH="35" HEIGHT="85" WC="0.9991">
                            <Shape>
                                <Polygon POINTS="253 831 257 916 288 912 284 840"/>
                            </Shape>
                            <Glyph ID="char_337" CONTENT="n" HPOS="253" VPOS="831" WIDTH="4" HEIGHT="85" GC="0.9993">
                                <Shape>
                                    <Polygon POINTS="253 831 257 916 257 916 253 831"/>
                                </Shape>
                            </Glyph>
                            <Glyph ID="char_338" CONTENT="e" HPOS="284" VPOS="840" WIDTH="4" HEIGHT="72" GC="0.9988">
                                <Shape>
                                    <Polygon POINTS="284 840 288 912 288 912 284 840"/>
                                </Shape>
                            </Glyph>
                        </String>
                        <SP ID="segment_114" HPOS="327"  VPOS="836" WIDTH="10"  HEIGHT="70"/>
                        <String ID="segment_115" CONTENT="puis" HPOS="346" VPOS="838" WIDTH="90" HEIGHT="71" WC="0.9732">
                            <Shape>
                                <Polygon POINTS="346 838 350 909 436 902 434 844"/>
                            </Shape>
                            <Glyph ID="char_340" CONTENT="p" HPOS="346" VPOS="838" WIDTH="4" HEIGHT="71" GC="0.8927">
                                <Shape>
                                    <Polygon POINTS="346 838 350 909 350 909 346 838"/>
                                </Shape>
                            </Glyph>
                            <Glyph ID="char_341" CONTENT="u" HPOS="383" VPOS="840" WIDTH="3" HEIGHT="64" GC="0.9999">
                                <Shape>
                                    <Polygon POINTS="383 840 386 904 386 904 383 840"/>
                                </Shape>
                            </Glyph>
                            <Glyph ID="char_342" CONTENT="i" HPOS="409" VPOS="842" WIDTH="2" HEIGHT="59" GC="1.0">
                                <Shape>
                                    <Polygon POINTS="409 842 411 901 411 901 409 842"/>
                                </Shape>
                            </Glyph>
                            <Glyph ID="char_343" CONTENT="s" HPOS="434" VPOS="844" WIDTH="2" HEIGHT="58" GC="1.0">
                                <Shape>
                                    <Polygon POINTS="434 844 436 902 436 902 434 844"/>
                                </Shape>
                            </Glyph>
                        </String>
                        <SP ID="segment_116" HPOS="471"  VPOS="839" WIDTH="9"  HEIGHT="65"/>
                        <String ID="segment_117" CONTENT="mieux" HPOS="489" VPOS="831" WIDTH="158" HEIGHT="74" WC="0.9982">
                            <Shape>
                                <Polygon POINTS="489 834 493 905 647 894 646 841"/>
                            </Shape>
                            <Glyph ID="char_345" CONTENT="m" HPOS="489" VPOS="834" WIDTH="4" HEIGHT="71" GC="0.9954">
                                <Shape>
                                    <Polygon POINTS="489 834 493 905 493 905 489 834"/>
                                </Shape>
                            </Glyph>
                            <Glyph ID="char_346" CONTENT="i" HPOS="557" VPOS="831" WIDTH="3" HEIGHT="60" GC="0.9957">
                                <Shape>
                                    <Polygon POINTS="557 831 560 891 560 891 557 831"/>
                                </Shape>
                            </Glyph>
                            <Glyph ID="char_347" CONTENT="e" HPOS="588" VPOS="837" WIDTH="3" HEIGHT="51" GC="1.0">
                                <Shape>
                                    <Polygon POINTS="588 837 591 888 591 888 588 837"/>
                                </Shape>
                            </Glyph>
                            <Glyph ID="char_348" CONTENT="u" HPOS="615" VPOS="840" WIDTH="1" HEIGHT="51" GC="1.0">
                                <Shape>
                                    <Polygon POINTS="615 840 616 891 616 891 615 840"/>
                                </Shape>
                            </Glyph>
                            <Glyph ID="char_349" CONTENT="x" HPOS="646" VPOS="841" WIDTH="1" HEIGHT="53" GC="1.0">
                                <Shape>
                                    <Polygon POINTS="646 841 647 894 647 894 646 841"/>
                                </Shape>
                            </Glyph>
                        </String>
                        <SP ID="segment_118" HPOS="702"  VPOS="842" WIDTH="1"  HEIGHT="58"/>
                        <String ID="segment_119" CONTENT="vous" HPOS="720" VPOS="827" WIDTH="95" HEIGHT="70" WC="1.0">
                            <Shape>
                                <Polygon POINTS="720 843 721 897 815 892 814 827"/>
                            </Shape>
                            <Glyph ID="char_351" CONTENT="v" HPOS="720" VPOS="843" WIDTH="1" HEIGHT="54" GC="1.0">
                                <Shape>
                                    <Polygon POINTS="720 843 721 897 721 897 720 843"/>
                                </Shape>
                            </Glyph>
                            <Glyph ID="char_352" CONTENT="o" HPOS="752" VPOS="841" WIDTH="1" HEIGHT="48" GC="1.0">
                                <Shape>
                                    <Polygon POINTS="752 841 753 889 753 889 752 841"/>
                                </Shape>
                            </Glyph>
                            <Glyph ID="char_353" CONTENT="u" HPOS="789" VPOS="833" WIDTH="1" HEIGHT="57" GC="1.0">
                                <Shape>
                                    <Polygon POINTS="789 833 790 890 790 890 789 833"/>
                                </Shape>
                            </Glyph>
                            <Glyph ID="char_354" CONTENT="s" HPOS="814" VPOS="827" WIDTH="1" HEIGHT="65" GC="1.0">
                                <Shape>
                                    <Polygon POINTS="814 827 815 892 815 892 814 827"/>
                                </Shape>
                            </Glyph>
                        </String>
                        <SP ID="segment_120" HPOS="845"  VPOS="819" WIDTH="7"  HEIGHT="74"/>
                        <String ID="segment_121" CONTENT="le" HPOS="863" VPOS="817" WIDTH="32" HEIGHT="74" WC="1.0">
                            <Shape>
                                <Polygon POINTS="863 817 864 891 895 888 894 817"/>
                            </Shape>
                            <Glyph ID="char_356" CONTENT="l" HPOS="863" VPOS="817" WIDTH="1" HEIGHT="74" GC="1.0">
                                <Shape>
                                    <Polygon POINTS="863 817 864 891 864 891 863 817"/>
                                </Shape>
                            </Glyph>
                            <Glyph ID="char_357" CONTENT="e" HPOS="894" VPOS="817" WIDTH="1" HEIGHT="71" GC="1.0">
                                <Shape>
                                    <Polygon POINTS="894 817 895 888 895 888 894 817"/>
                                </Shape>
                            </Glyph>
                        </String>
                        <SP ID="segment_122" HPOS="938"  VPOS="820" WIDTH="6"  HEIGHT="64"/>
                        <String ID="segment_123" CONTENT="prouver" HPOS="956" VPOS="816" WIDTH="206" HEIGHT="83" WC="0.9998">
                            <Shape>
                                <Polygon POINTS="956 822 957 885 1162 887 1161 836"/>
                            </Shape>
                            <Glyph ID="char_359" CONTENT="p" HPOS="956" VPOS="822" WIDTH="1" HEIGHT="63" GC="0.9997">
                                <Shape>
                                    <Polygon POINTS="956 822 957 885 957 885 956 822"/>
                                </Shape>
                            </Glyph>
                            <Glyph ID="char_360" CONTENT="r" HPOS="1000" VPOS="821" WIDTH="1" HEIGHT="72" GC="1.0">
                                <Shape>
                                    <Polygon POINTS="1000 821 1001 893 1001 893 1000 821"/>
                                </Shape>
                            </Glyph>
                            <Glyph ID="char_361" CONTENT="o" HPOS="1025" VPOS="816" WIDTH="1" HEIGHT="71" GC="0.9993">
                                <Shape>
                                    <Polygon POINTS="1025 816 1026 887 1026 887 1025 816"/>
                                </Shape>
                            </Glyph>
                            <Glyph ID="char_362" CONTENT="u" HPOS="1062" VPOS="823" WIDTH="1" HEIGHT="67" GC="0.9995">
                                <Shape>
                                    <Polygon POINTS="1062 823 1063 890 1063 890 1062 823"/>
                                </Shape>
                            </Glyph>
                            <Glyph ID="char_363" CONTENT="v" HPOS="1093" VPOS="834" WIDTH="1" HEIGHT="65" GC="1.0">
                                <Shape>
                                    <Polygon POINTS="1093 834 1094 899 1094 899 1093 834"/>
                                </Shape>
                            </Glyph>
                            <Glyph ID="char_364" CONTENT="e" HPOS="1130" VPOS="836" WIDTH="1" HEIGHT="52" GC="1.0">
                                <Shape>
                                    <Polygon POINTS="1130 836 1131 888 1131 888 1130 836"/>
                                </Shape>
                            </Glyph>
                            <Glyph ID="char_365" CONTENT="r" HPOS="1161" VPOS="836" WIDTH="1" HEIGHT="51" GC="1.0">
                                <Shape>
                                    <Polygon POINTS="1161 836 1162 887 1162 887 1161 836"/>
                                </Shape>
                            </Glyph>
                        </String>
                        <SP ID="segment_124" HPOS="1205"  VPOS="836" WIDTH="7"  HEIGHT="58"/>
                        <String ID="segment_125" CONTENT="qu&#39;en" HPOS="1230" VPOS="831" WIDTH="137" HEIGHT="70" WC="1.0">
                            <Shape>
                                <Polygon POINTS="1230 836 1231 900 1367 886 1366 831"/>
                            </Shape>
                            <Glyph ID="char_367" CONTENT="q" HPOS="1230" VPOS="836" WIDTH="1" HEIGHT="64" GC="0.9998">
                                <Shape>
                                    <Polygon POINTS="1230 836 1231 900 1231 900 1230 836"/>
                                </Shape>
                            </Glyph>
                            <Glyph ID="char_368" CONTENT="u" HPOS="1279" VPOS="836" WIDTH="1" HEIGHT="65" GC="1.0">
                                <Shape>
                                    <Polygon POINTS="1279 836 1280 901 1280 901 1279 836"/>
                                </Shape>
                            </Glyph>
                            <Glyph ID="char_369" CONTENT="&#39;" HPOS="1311" VPOS="836" WIDTH="1" HEIGHT="59" GC="1.0">
                                <Shape>
                                    <Polygon POINTS="1311 836 1312 895 1312 895 1311 836"/>
                                </Shape>
                            </Glyph>
                            <Glyph ID="char_370" CONTENT="e" HPOS="1323" VPOS="836" WIDTH="1" HEIGHT="57" GC="1.0">
                                <Shape>
                                    <Polygon POINTS="1323 836 1324 893 1324 893 1323 836"/>
                                </Shape>
                            </Glyph>
                            <Glyph ID="char_371" CONTENT="n" HPOS="1366" VPOS="831" WIDTH="1" HEIGHT="55" GC="1.0">
                                <Shape>
                                    <Polygon POINTS="1366 831 1367 886 1367 886 1366 831"/>
                                </Shape>
                            </Glyph>
                        </String>
                        <SP ID="segment_126" HPOS="1410"  VPOS="815" WIDTH="7"  HEIGHT="72"/>
                        <String ID="segment_127" CONTENT="attestant" HPOS="1435" VPOS="807" WIDTH="261" HEIGHT="83" WC="0.9881">
                            <Shape>
                                <Polygon POINTS="1435 810 1436 889 1696 881 1696 813"/>
                            </Shape>
                            <Glyph ID="char_373" CONTENT="a" HPOS="1435" VPOS="810" WIDTH="1" HEIGHT="79" GC="1.0">
                                <Shape>
                                    <Polygon POINTS="1435 810 1436 889 1436 889 1435 810"/>
                                </Shape>
                            </Glyph>
                            <Glyph ID="char_374" CONTENT="t" HPOS="1478" VPOS="809" WIDTH="1" HEIGHT="81" GC="0.9999">
                                <Shape>
                                    <Polygon POINTS="1478 809 1479 890 1479 890 1478 809"/>
                                </Shape>
                            </Glyph>
                            <Glyph ID="char_375" CONTENT="t" HPOS="1497" VPOS="809" WIDTH="1" HEIGHT="80" GC="0.9425">
                                <Shape>
                                    <Polygon POINTS="1497 809 1498 889 1498 889 1497 809"/>
                                </Shape>
                            </Glyph>
                            <Glyph ID="char_376" CONTENT="e" HPOS="1515" VPOS="809" WIDTH="1" HEIGHT="78" GC="0.9996">
                                <Shape>
                                    <Polygon POINTS="1515 809 1516 887 1516 887 1515 809"/>
                                </Shape>
                            </Glyph>
                            <Glyph ID="char_377" CONTENT="s" HPOS="1540" VPOS="808" WIDTH="1" HEIGHT="78" GC="0.9581">
                                <Shape>
                                    <Polygon POINTS="1540 808 1541 886 1541 886 1540 808"/>
                                </Shape>
                            </Glyph>
                            <Glyph ID="char_378" CONTENT="t" HPOS="1578" VPOS="808" WIDTH="1" HEIGHT="75" GC="0.9988">
                                <Shape>
                                    <Polygon POINTS="1578 808 1579 883 1579 883 1578 808"/>
                                </Shape>
                            </Glyph>
                            <Glyph ID="char_379" CONTENT="a" HPOS="1609" VPOS="807" WIDTH="1" HEIGHT="78" GC="0.9976">
                                <Shape>
                                    <Polygon POINTS="1609 807 1610 885 1610 885 1609 807"/>
                                </Shape>
                            </Glyph>
                            <Glyph ID="char_380" CONTENT="n" HPOS="1658" VPOS="809" WIDTH="1" HEIGHT="79" GC="0.997">
                                <Shape>
                                    <Polygon POINTS="1658 809 1659 888 1659 888 1658 809"/>
                                </Shape>
                            </Glyph>
                            <Glyph ID="char_381" CONTENT="t" HPOS="1696" VPOS="813" WIDTH="0" HEIGHT="68" GC="0.9997">
                                <Shape>
                                    <Polygon POINTS="1696 813 1696 881 1696 881 1696 813"/>
                                </Shape>
                            </Glyph>
                        </String>
                        <SP ID="segment_128" HPOS="1733"  VPOS="810" WIDTH="6"  HEIGHT="69"/>
                        <String ID="segment_129" CONTENT="que" HPOS="1758" VPOS="807" WIDTH="75" HEIGHT="76" WC="0.9992">
                            <Shape>
                                <Polygon POINTS="1758 807 1758 880 1833 883 1832 830"/>
                            </Shape>
                            <Glyph ID="char_383" CONTENT="q" HPOS="1758" VPOS="807" WIDTH="0" HEIGHT="73" GC="0.9997">
                                <Shape>
                                    <Polygon POINTS="1758 807 1758 880 1758 880 1758 807"/>
                                </Shape>
                            </Glyph>
                            <Glyph ID="char_384" CONTENT="u" HPOS="1801" VPOS="822" WIDTH="1" HEIGHT="60" GC="0.9998">
                                <Shape>
                                    <Polygon POINTS="1801 822 1802 882 1802 882 1801 822"/>
                                </Shape>
                            </Glyph>
                            <Glyph ID="char_385" CONTENT="e" HPOS="1832" VPOS="830" WIDTH="1" HEIGHT="53" GC="0.9983">
                                <Shape>
                                    <Polygon POINTS="1832 830 1833 883 1833 883 1832 830"/>
                                </Shape>
                            </Glyph>
                        </String>
                    </TextLine>

                    <TextLine ID="89aea645-4980-4dd0-ae8b-9285e967bb42" HPOS="109.0" VPOS="918.0" WIDTH="1848.0" HEIGHT="117.0" BASELINE="111.0 1029.0 592.0 1003.0 1957.0 991.0" TAGREFS="LINE_TYPE_1">
                        <Shape>
                            <Polygon POINTS="111.0 1029.0 111.0 1035.0 313.0 1033.0 314.0 1033.0 359.0 1020.0 422.0 1032.0 424.0 1032.0 425.0 1032.0 469.0 1020.0 533.0 1030.0 535.0 1030.0 645.0 1016.0 849.0 1022.0 851.0 1022.0 852.0 1022.0 886.0 1013.0 961.0 1025.0 962.0 1025.0 1024.0 1023.0 1025.0 1023.0 1073.0 1010.0 1389.0 1019.0 1391.0 1019.0 1521.0 1006.0 1568.0 1011.0 1569.0 1011.0 1571.0 1011.0 1609.0 1003.0 1710.0 1014.0 1711.0 1014.0 1957.0 998.0 1957.0 991.0 1954.0 938.0 1901.0 928.0 1900.0 928.0 1898.0 928.0 1844.0 946.0 1784.0 946.0 1720.0 928.0 1718.0 928.0 1717.0 928.0 1716.0 928.0 1714.0 928.0 1705.0 934.0 1610.0 921.0 1609.0 921.0 1607.0 921.0 1593.0 928.0 1559.0 918.0 1558.0 918.0 1556.0 918.0 1555.0 918.0 1531.0 928.0 1381.0 928.0 1379.0 928.0 1378.0 928.0 1318.0 951.0 1275.0 946.0 1274.0 946.0 1230.0 953.0 1193.0 943.0 1192.0 943.0 1190.0 943.0 1130.0 954.0 1073.0 928.0 1072.0 928.0 1015.0 925.0 1013.0 925.0 1012.0 925.0 908.0 956.0 847.0 935.0 845.0 935.0 765.0 928.0 763.0 928.0 422.0 932.0 336.0 950.0 335.0 950.0 302.0 967.0 109.0 967.0 111.0 1029.0"/>
                        </Shape>
                        <String ID="segment_130" CONTENT="Les" HPOS="142" VPOS="967" WIDTH="71" HEIGHT="68" WC="0.9973">
                            <Shape>
                                <Polygon POINTS="142 967 145 1035 213 1034 210 967"/>
                            </Shape>
                            <Glyph ID="char_386" CONTENT="L" HPOS="142" VPOS="967" WIDTH="3" HEIGHT="68" GC="1.0">
                                <Shape>
                                    <Polygon POINTS="142 967 145 1035 145 1035 142 967"/>
                                </Shape>
                            </Glyph>
                            <Glyph ID="char_387" CONTENT="e" HPOS="183" VPOS="967" WIDTH="10" HEIGHT="67" GC="0.9975">
                                <Shape>
                                    <Polygon POINTS="183 967 186 1034 193 1034 190 967"/>
                                </Shape>
                            </Glyph>
                            <Glyph ID="char_388" CONTENT="s" HPOS="210" VPOS="967" WIDTH="3" HEIGHT="67" GC="0.9945">
                                <Shape>
                                    <Polygon POINTS="210 967 213 1034 213 1034 210 967"/>
                                </Shape>
                            </Glyph>
                        </String>
                        <SP ID="segment_131" HPOS="244"  VPOS="967" WIDTH="10"  HEIGHT="67"/>
                        <String ID="segment_132" CONTENT="aiVuis" HPOS="272" VPOS="931" WIDTH="235" HEIGHT="102" WC="0.9904">
                            <Shape>
                                <Polygon POINTS="272 967 275 1033 507 1026 502 931"/>
                            </Shape>
                            <Glyph ID="char_390" CONTENT="a" HPOS="272" VPOS="967" WIDTH="3" HEIGHT="66" GC="0.9964">
                                <Shape>
                                    <Polygon POINTS="272 967 275 1033 275 1033 272 967"/>
                                </Shape>
                            </Glyph>
                            <Glyph ID="char_391" CONTENT="i" HPOS="318" VPOS="959" WIDTH="4" HEIGHT="72" GC="0.9529">
                                <Shape>
                                    <Polygon POINTS="318 959 322 1031 322 1031 318 959"/>
                                </Shape>
                            </Glyph>
                            <Glyph ID="char_392" CONTENT="V" HPOS="399" VPOS="937" WIDTH="5" HEIGHT="92" GC="0.9929">
                                <Shape>
                                    <Polygon POINTS="399 937 404 1029 404 1029 399 937"/>
                                </Shape>
                            </Glyph>
                            <Glyph ID="char_393" CONTENT="u" HPOS="440" VPOS="932" WIDTH="5" HEIGHT="94" GC="1.0">
                                <Shape>
                                    <Polygon POINTS="440 932 445 1026 445 1026 440 932"/>
                                </Shape>
                            </Glyph>
                            <Glyph ID="char_394" CONTENT="i" HPOS="474" VPOS="931" WIDTH="5" HEIGHT="91" GC="1.0">
                                <Shape>
                                    <Polygon POINTS="474 931 479 1022 479 1022 474 931"/>
                                </Shape>
                            </Glyph>
                            <Glyph ID="char_395" CONTENT="s" HPOS="502" VPOS="931" WIDTH="5" HEIGHT="95" GC="1.0">
                                <Shape>
                                    <Polygon POINTS="502 931 507 1026 507 1026 502 931"/>
                                </Shape>
                            </Glyph>
                        </String>
                        <SP ID="segment_133" HPOS="536"  VPOS="931" WIDTH="12"  HEIGHT="98"/>
                        <String ID="segment_134" CONTENT="toutes" HPOS="556" VPOS="928" WIDTH="168" HEIGHT="99" WC="0.9964">
                            <Shape>
                                <Polygon POINTS="556 930 562 1027 724 1018 724 928"/>
                            </Shape>
                            <Glyph ID="char_397" CONTENT="t" HPOS="556" VPOS="930" WIDTH="6" HEIGHT="97" GC="1.0">
                                <Shape>
                                    <Polygon POINTS="556 930 562 1027 562 1027 556 930"/>
                                </Shape>
                            </Glyph>
                            <Glyph ID="char_398" CONTENT="o" HPOS="594" VPOS="930" WIDTH="0" HEIGHT="92" GC="0.9995">
                                <Shape>
                                    <Polygon POINTS="594 930 594 1022 594 1022 594 930"/>
                                </Shape>
                            </Glyph>
                            <Glyph ID="char_399" CONTENT="u" HPOS="635" VPOS="930" WIDTH="0" HEIGHT="87" GC="0.9819">
                                <Shape>
                                    <Polygon POINTS="635 930 635 1017 635 1017 635 930"/>
                                </Shape>
                            </Glyph>
                            <Glyph ID="char_400" CONTENT="t" HPOS="669" VPOS="929" WIDTH="0" HEIGHT="88" GC="1.0">
                                <Shape>
                                    <Polygon POINTS="669 929 669 1017 669 1017 669 929"/>
                                </Shape>
                            </Glyph>
                            <Glyph ID="char_401" CONTENT="e" HPOS="690" VPOS="929" WIDTH="0" HEIGHT="88" GC="0.9978">
                                <Shape>
                                    <Polygon POINTS="690 929 690 1017 690 1017 690 929"/>
                                </Shape>
                            </Glyph>
                            <Glyph ID="char_402" CONTENT="s" HPOS="724" VPOS="928" WIDTH="0" HEIGHT="90" GC="0.9996">
                                <Shape>
                                    <Polygon POINTS="724 928 724 1018 724 1018 724 928"/>
                                </Shape>
                            </Glyph>
                        </String>
                        <SP ID="segment_135" HPOS="778"  VPOS="929" WIDTH="7"  HEIGHT="91"/>
                        <String ID="segment_136" CONTENT="deux" HPOS="799" VPOS="931" WIDTH="136" HEIGHT="91" WC="0.9219">
                            <Shape>
                                <Polygon POINTS="799 931 799 1021 935 1021 935 948"/>
                            </Shape>
                            <Glyph ID="char_404" CONTENT="d" HPOS="799" VPOS="931" WIDTH="0" HEIGHT="90" GC="1.0">
                                <Shape>
                                    <Polygon POINTS="799 931 799 1021 799 1021 799 931"/>
                                </Shape>
                            </Glyph>
                            <Glyph ID="char_405" CONTENT="e" HPOS="846" VPOS="935" WIDTH="0" HEIGHT="87" GC="0.9995">
                                <Shape>
                                    <Polygon POINTS="846 935 846 1022 846 1022 846 935"/>
                                </Shape>
                            </Glyph>
                            <Glyph ID="char_406" CONTENT="u" HPOS="887" VPOS="949" WIDTH="0" HEIGHT="64" GC="0.6901">
                                <Shape>
                                    <Polygon POINTS="887 949 887 1013 887 1013 887 949"/>
                                </Shape>
                            </Glyph>
                            <Glyph ID="char_407" CONTENT="x" HPOS="935" VPOS="948" WIDTH="0" HEIGHT="73" GC="0.998">
                                <Shape>
                                    <Polygon POINTS="935 948 935 1021 935 1021 935 948"/>
                                </Shape>
                            </Glyph>
                        </String>
                        <SP ID="segment_137" HPOS="996"  VPOS="928" WIDTH="7"  HEIGHT="96"/>
                        <String ID="segment_138" CONTENT="Vener" HPOS="1024" VPOS="925" WIDTH="150" HEIGHT="98" WC="0.9993">
                            <Shape>
                                <Polygon POINTS="1024 925 1024 1023 1174 1013 1174 946"/>
                            </Shape>
                            <Glyph ID="char_409" CONTENT="V" HPOS="1024" VPOS="925" WIDTH="0" HEIGHT="98" GC="1.0">
                                <Shape>
                                    <Polygon POINTS="1024 925 1024 1023 1024 1023 1024 925"/>
                                </Shape>
                            </Glyph>
                            <Glyph ID="char_410" CONTENT="e" HPOS="1058" VPOS="927" WIDTH="0" HEIGHT="87" GC="1.0">
                                <Shape>
                                    <Polygon POINTS="1058 927 1058 1014 1058 1014 1058 927"/>
                                </Shape>
                            </Glyph>
                            <Glyph ID="char_411" CONTENT="n" HPOS="1112" VPOS="946" WIDTH="0" HEIGHT="65" GC="0.9982">
                                <Shape>
                                    <Polygon POINTS="1112 946 1112 1011 1112 1011 1112 946"/>
                                </Shape>
                            </Glyph>
                            <Glyph ID="char_412" CONTENT="e" HPOS="1147" VPOS="951" WIDTH="0" HEIGHT="61" GC="0.9982">
                                <Shape>
                                    <Polygon POINTS="1147 951 1147 1012 1147 1012 1147 951"/>
                                </Shape>
                            </Glyph>
                            <Glyph ID="char_413" CONTENT="r" HPOS="1174" VPOS="946" WIDTH="0" HEIGHT="67" GC="1.0">
                                <Shape>
                                    <Polygon POINTS="1174 946 1174 1013 1174 1013 1174 946"/>
                                </Shape>
                            </Glyph>
                        </String>
                        <SP ID="segment_139" HPOS="1228"  VPOS="952" WIDTH="7"  HEIGHT="63"/>
                        <String ID="segment_140" CONTENT="un" HPOS="1249" VPOS="949" WIDTH="48" HEIGHT="67" WC="0.9999">
                            <Shape>
                                <Polygon POINTS="1249 950 1249 1015 1297 1016 1297 949"/>
                            </Shape>
                            <Glyph ID="char_415" CONTENT="u" HPOS="1249" VPOS="950" WIDTH="0" HEIGHT="65" GC="1.0">
                                <Shape>
                                    <Polygon POINTS="1249 950 1249 1015 1249 1015 1249 950"/>
                                </Shape>
                            </Glyph>
                            <Glyph ID="char_416" CONTENT="n" HPOS="1297" VPOS="949" WIDTH="0" HEIGHT="67" GC="0.9998">
                                <Shape>
                                    <Polygon POINTS="1297 949 1297 1016 1297 1016 1297 949"/>
                                </Shape>
                            </Glyph>
                        </String>
                        <SP ID="segment_141" HPOS="1337"  VPOS="944" WIDTH="0"  HEIGHT="74"/>
                        <String ID="segment_142" CONTENT="torrent" HPOS="1358" VPOS="921" WIDTH="225" HEIGHT="98" WC="0.9597">
                            <Shape>
                                <Polygon POINTS="1358 936 1358 1018 1583 1008 1583 925"/>
                            </Shape>
                            <Glyph ID="char_418" CONTENT="t" HPOS="1358" VPOS="936" WIDTH="0" HEIGHT="82" GC="0.9923">
                                <Shape>
                                    <Polygon POINTS="1358 936 1358 1018 1358 1018 1358 936"/>
                                </Shape>
                            </Glyph>
                            <Glyph ID="char_419" CONTENT="o" HPOS="1385" VPOS="928" WIDTH="0" HEIGHT="91" GC="0.9998">
                                <Shape>
                                    <Polygon POINTS="1385 928 1385 1019 1385 1019 1385 928"/>
                                </Shape>
                            </Glyph>
                            <Glyph ID="char_420" CONTENT="r" HPOS="1419" VPOS="928" WIDTH="0" HEIGHT="88" GC="0.9996">
                                <Shape>
                                    <Polygon POINTS="1419 928 1419 1016 1419 1016 1419 928"/>
                                </Shape>
                            </Glyph>
                            <Glyph ID="char_421" CONTENT="r" HPOS="1460" VPOS="928" WIDTH="0" HEIGHT="84" GC="0.9988">
                                <Shape>
                                    <Polygon POINTS="1460 928 1460 1012 1460 1012 1460 928"/>
                                </Shape>
                            </Glyph>
                            <Glyph ID="char_422" CONTENT="e" HPOS="1501" VPOS="928" WIDTH="0" HEIGHT="80" GC="0.9992">
                                <Shape>
                                    <Polygon POINTS="1501 928 1501 1008 1501 1008 1501 928"/>
                                </Shape>
                            </Glyph>
                            <Glyph ID="char_423" CONTENT="n" HPOS="1549" VPOS="921" WIDTH="0" HEIGHT="88" GC="0.9997">
                                <Shape>
                                    <Polygon POINTS="1549 921 1549 1009 1549 1009 1549 921"/>
                                </Shape>
                            </Glyph>
                            <Glyph ID="char_424" CONTENT="t" HPOS="1583" VPOS="925" WIDTH="0" HEIGHT="83" GC="0.7285">
                                <Shape>
                                    <Polygon POINTS="1583 925 1583 1008 1583 1008 1583 925"/>
                                </Shape>
                            </Glyph>
                        </String>
                        <SP ID="segment_143" HPOS="1624"  VPOS="923" WIDTH="7"  HEIGHT="82"/>
                        <String ID="segment_144" CONTENT="de" HPOS="1644" VPOS="926" WIDTH="41" HEIGHT="85" WC="0.7837">
                            <Shape>
                                <Polygon POINTS="1644 926 1644 1007 1685 1011 1685 931"/>
                            </Shape>
                            <Glyph ID="char_426" CONTENT="d" HPOS="1644" VPOS="926" WIDTH="0" HEIGHT="81" GC="0.9988">
                                <Shape>
                                    <Polygon POINTS="1644 926 1644 1007 1644 1007 1644 926"/>
                                </Shape>
                            </Glyph>
                            <Glyph ID="char_427" CONTENT="e" HPOS="1685" VPOS="931" WIDTH="0" HEIGHT="80" GC="0.5685">
                                <Shape>
                                    <Polygon POINTS="1685 931 1685 1011 1685 1011 1685 931"/>
                                </Shape>
                            </Glyph>
                        </String>
                        <SP ID="segment_145" HPOS="1706"  VPOS="930" WIDTH="6"  HEIGHT="84"/>
                        <String ID="segment_146" CONTENT="Larmes" HPOS="1726" VPOS="930" WIDTH="218" HEIGHT="83" WC="0.9862">
                            <Shape>
                                <Polygon POINTS="1726 930 1726 1013 1944 999 1944 936"/>
                            </Shape>
                            <Glyph ID="char_429" CONTENT="L" HPOS="1726" VPOS="930" WIDTH="0" HEIGHT="83" GC="0.9994">
                                <Shape>
                                    <Polygon POINTS="1726 930 1726 1013 1726 1013 1726 930"/>
                                </Shape>
                            </Glyph>
                            <Glyph ID="char_430" CONTENT="a" HPOS="1781" VPOS="945" WIDTH="0" HEIGHT="64" GC="0.9982">
                                <Shape>
                                    <Polygon POINTS="1781 945 1781 1009 1781 1009 1781 945"/>
                                </Shape>
                            </Glyph>
                            <Glyph ID="char_431" CONTENT="r" HPOS="1815" VPOS="946" WIDTH="7" HEIGHT="61" GC="0.9998">
                                <Shape>
                                    <Polygon POINTS="1815 946 1815 1007 1822 1007 1822 946"/>
                                </Shape>
                            </Glyph>
                            <Glyph ID="char_432" CONTENT="m" HPOS="1869" VPOS="938" WIDTH="0" HEIGHT="66" GC="0.9292">
                                <Shape>
                                    <Polygon POINTS="1869 938 1869 1004 1869 1004 1869 938"/>
                                </Shape>
                            </Glyph>
                            <Glyph ID="char_433" CONTENT="e" HPOS="1917" VPOS="931" WIDTH="0" HEIGHT="70" GC="0.9992">
                                <Shape>
                                    <Polygon POINTS="1917 931 1917 1001 1917 1001 1917 931"/>
                                </Shape>
                            </Glyph>
                            <Glyph ID="char_434" CONTENT="s" HPOS="1944" VPOS="936" WIDTH="0" HEIGHT="63" GC="0.9916">
                                <Shape>
                                    <Polygon POINTS="1944 936 1944 999 1944 999 1944 936"/>
                                </Shape>
                            </Glyph>
                        </String>
                    </TextLine>

                    <TextLine ID="202e4ad1-a460-4b02-b184-b52fae0f54b4" HPOS="134.0" VPOS="1029.0" WIDTH="815.0" HEIGHT="126.0" BASELINE="137.0 1141.0 523.0 1109.0 949.0 1099.0" TAGREFS="LINE_TYPE_1">
                        <Shape>
                            <Polygon POINTS="137.0 1141.0 137.0 1155.0 213.0 1152.0 215.0 1152.0 216.0 1152.0 216.0 1150.0 225.0 1143.0 236.0 1150.0 238.0 1150.0 239.0 1150.0 241.0 1150.0 280.0 1149.0 282.0 1149.0 339.0 1131.0 394.0 1143.0 396.0 1143.0 397.0 1143.0 454.0 1124.0 516.0 1122.0 531.0 1131.0 532.0 1131.0 533.0 1131.0 535.0 1131.0 536.0 1131.0 538.0 1131.0 548.0 1124.0 566.0 1134.0 567.0 1134.0 569.0 1134.0 691.0 1112.0 807.0 1108.0 879.0 1118.0 880.0 1118.0 882.0 1118.0 883.0 1118.0 883.0 1117.0 893.0 1106.0 915.0 1114.0 917.0 1114.0 918.0 1114.0 949.0 1108.0 949.0 1099.0 940.0 1032.0 907.0 1054.0 880.0 1054.0 852.0 1054.0 820.0 1029.0 819.0 1029.0 817.0 1029.0 816.0 1029.0 757.0 1032.0 756.0 1032.0 754.0 1032.0 735.0 1045.0 713.0 1035.0 712.0 1035.0 710.0 1035.0 649.0 1036.0 648.0 1036.0 608.0 1052.0 585.0 1042.0 583.0 1042.0 582.0 1042.0 580.0 1042.0 579.0 1042.0 579.0 1044.0 548.0 1071.0 380.0 1079.0 336.0 1060.0 335.0 1060.0 333.0 1060.0 301.0 1065.0 253.0 1057.0 251.0 1057.0 250.0 1057.0 182.0 1090.0 134.0 1090.0 137.0 1141.0"/>
                        </Shape>
                        <String ID="segment_147" CONTENT="et" HPOS="152" VPOS="1089" WIDTH="38" HEIGHT="65" WC="0.9961">
                            <Shape>
                                <Polygon POINTS="152 1090 157 1154 190 1153 185 1089"/>
                            </Shape>
                            <Glyph ID="char_435" CONTENT="e" HPOS="152" VPOS="1090" WIDTH="5" HEIGHT="64" GC="0.9923">
                                <Shape>
                                    <Polygon POINTS="152 1090 157 1154 157 1154 152 1090"/>
                                </Shape>
                            </Glyph>
                            <Glyph ID="char_436" CONTENT="t" HPOS="185" VPOS="1089" WIDTH="5" HEIGHT="64" GC="1.0">
                                <Shape>
                                    <Polygon POINTS="185 1089 190 1153 190 1153 185 1089"/>
                                </Shape>
                            </Glyph>
                        </String>
                        <SP ID="segment_148" HPOS="234"  VPOS="1061" WIDTH="14"  HEIGHT="89"/>
                        <String ID="segment_149" CONTENT="en" HPOS="253" VPOS="1057" WIDTH="47" HEIGHT="92" WC="0.9999">
                            <Shape>
                                <Polygon POINTS="253 1057 261 1149 300 1143 293 1064"/>
                            </Shape>
                            <Glyph ID="char_438" CONTENT="e" HPOS="253" VPOS="1057" WIDTH="8" HEIGHT="92" GC="1.0">
                                <Shape>
                                    <Polygon POINTS="253 1057 261 1149 261 1149 253 1057"/>
                                </Shape>
                            </Glyph>
                            <Glyph ID="char_439" CONTENT="n" HPOS="293" VPOS="1064" WIDTH="7" HEIGHT="79" GC="0.9997">
                                <Shape>
                                    <Polygon POINTS="293 1064 300 1143 300 1143 293 1064"/>
                                </Shape>
                            </Glyph>
                        </String>
                        <SP ID="segment_150" HPOS="352"  VPOS="1067" WIDTH="11"  HEIGHT="69"/>
                        <String ID="segment_151" CONTENT="avoir" HPOS="379" VPOS="1072" WIDTH="158" HEIGHT="69" WC="0.9818">
                            <Shape>
                                <Polygon POINTS="379 1078 384 1141 537 1131 536 1072"/>
                            </Shape>
                            <Glyph ID="char_441" CONTENT="a" HPOS="379" VPOS="1078" WIDTH="5" HEIGHT="63" GC="1.0">
                                <Shape>
                                    <Polygon POINTS="379 1078 384 1141 384 1141 379 1078"/>
                                </Shape>
                            </Glyph>
                            <Glyph ID="char_442" CONTENT="v" HPOS="431" VPOS="1077" WIDTH="4" HEIGHT="53" GC="1.0">
                                <Shape>
                                    <Polygon POINTS="431 1077 435 1130 435 1130 431 1077"/>
                                </Shape>
                            </Glyph>
                            <Glyph ID="char_443" CONTENT="o" HPOS="463" VPOS="1075" WIDTH="10" HEIGHT="49" GC="1.0">
                                <Shape>
                                    <Polygon POINTS="463 1075 467 1124 473 1123 469 1075"/>
                                </Shape>
                            </Glyph>
                            <Glyph ID="char_444" CONTENT="i" HPOS="502" VPOS="1073" WIDTH="4" HEIGHT="49" GC="0.9997">
                                <Shape>
                                    <Polygon POINTS="502 1073 506 1122 506 1122 502 1073"/>
                                </Shape>
                            </Glyph>
                            <Glyph ID="char_445" CONTENT="r" HPOS="536" VPOS="1072" WIDTH="1" HEIGHT="59" GC="0.9094">
                                <Shape>
                                    <Polygon POINTS="536 1072 537 1131 537 1131 536 1072"/>
                                </Shape>
                            </Glyph>
                        </String>
                        <SP ID="segment_152" HPOS="593"  VPOS="1046" WIDTH="9"  HEIGHT="83"/>
                        <String ID="segment_153" CONTENT="lafieure" HPOS="613" VPOS="1029" WIDTH="286" HEIGHT="97" WC="0.9169">
                            <Shape>
                                <Polygon POINTS="613 1050 615 1126 899 1108 897 1054"/>
                            </Shape>
                            <Glyph ID="char_447" CONTENT="l" HPOS="613" VPOS="1050" WIDTH="2" HEIGHT="76" GC="1.0">
                                <Shape>
                                    <Polygon POINTS="613 1050 615 1126 615 1126 613 1050"/>
                                </Shape>
                            </Glyph>
                            <Glyph ID="char_448" CONTENT="a" HPOS="651" VPOS="1036" WIDTH="2" HEIGHT="83" GC="0.9999">
                                <Shape>
                                    <Polygon POINTS="651 1036 653 1119 653 1119 651 1036"/>
                                </Shape>
                            </Glyph>
                            <Glyph ID="char_449" CONTENT="f" HPOS="716" VPOS="1036" WIDTH="2" HEIGHT="75" GC="0.9999">
                                <Shape>
                                    <Polygon POINTS="716 1036 718 1111 718 1111 716 1036"/>
                                </Shape>
                            </Glyph>
                            <Glyph ID="char_450" CONTENT="i" HPOS="755" VPOS="1032" WIDTH="2" HEIGHT="78" GC="0.9717">
                                <Shape>
                                    <Polygon POINTS="755 1032 757 1110 757 1110 755 1032"/>
                                </Shape>
                            </Glyph>
                            <Glyph ID="char_451" CONTENT="e" HPOS="787" VPOS="1030" WIDTH="2" HEIGHT="79" GC="0.9897">
                                <Shape>
                                    <Polygon POINTS="787 1030 789 1109 789 1109 787 1030"/>
                                </Shape>
                            </Glyph>
                            <Glyph ID="char_452" CONTENT="u" HPOS="820" VPOS="1029" WIDTH="2" HEIGHT="81" GC="0.7469">
                                <Shape>
                                    <Polygon POINTS="820 1029 822 1110 822 1110 820 1029"/>
                                </Shape>
                            </Glyph>
                            <Glyph ID="char_453" CONTENT="r" HPOS="852" VPOS="1054" WIDTH="2" HEIGHT="61" GC="0.6279">
                                <Shape>
                                    <Polygon POINTS="852 1054 854 1115 854 1115 852 1054"/>
                                </Shape>
                            </Glyph>
                            <Glyph ID="char_454" CONTENT="e" HPOS="897" VPOS="1054" WIDTH="2" HEIGHT="54" GC="0.9993">
                                <Shape>
                                    <Polygon POINTS="897 1054 899 1108 899 1108 897 1054"/>
                                </Shape>
                            </Glyph>
                        </String>
                    </TextLine>

                    <TextLine ID="b1641c48-c14b-49cb-b742-654db08d0714" HPOS="974.0" VPOS="994.0" WIDTH="885.0" HEIGHT="85.0" BASELINE="977.0 1071.0 1859.0 1046.0" TAGREFS="LINE_TYPE_1">
                        <Shape>
                            <Polygon POINTS="1764.0 994.0 1762.0 994.0 1761.0 994.0 1759.0 994.0 1718.0 1013.0 1701.0 1007.0 1699.0 1007.0 1698.0 1007.0 1696.0 1007.0 1670.0 1014.0 1656.0 1003.0 1656.0 1001.0 1654.0 1001.0 1653.0 1001.0 1597.0 998.0 1596.0 998.0 1594.0 998.0 1593.0 998.0 1569.0 1019.0 1525.0 1019.0 1499.0 1007.0 1498.0 1007.0 1496.0 1007.0 1495.0 1007.0 1477.0 1016.0 1462.0 1008.0 1461.0 1008.0 1460.0 1008.0 1458.0 1008.0 1457.0 1008.0 1433.0 1023.0 1310.0 1025.0 1234.0 1008.0 1233.0 1008.0 1182.0 1010.0 1180.0 1010.0 1116.0 1029.0 1095.0 1013.0 1094.0 1013.0 1092.0 1013.0 1091.0 1013.0 1089.0 1013.0 1075.0 1020.0 1029.0 1014.0 1028.0 1014.0 1026.0 1014.0 974.0 1032.0 977.0 1071.0 977.0 1079.0 1329.0 1079.0 1331.0 1079.0 1351.0 1068.0 1440.0 1076.0 1442.0 1076.0 1443.0 1076.0 1470.0 1065.0 1490.0 1074.0 1492.0 1074.0 1493.0 1074.0 1495.0 1074.0 1496.0 1074.0 1509.0 1065.0 1597.0 1071.0 1598.0 1071.0 1600.0 1071.0 1615.0 1064.0 1658.0 1068.0 1660.0 1068.0 1661.0 1068.0 1663.0 1068.0 1670.0 1063.0 1677.0 1068.0 1679.0 1068.0 1680.0 1068.0 1682.0 1068.0 1723.0 1060.0 1730.0 1065.0 1730.0 1067.0 1732.0 1067.0 1733.0 1067.0 1735.0 1067.0 1736.0 1067.0 1756.0 1055.0 1859.0 1054.0 1859.0 1046.0 1854.0 1011.0 1793.0 1011.0 1765.0 994.0 1764.0 994.0"/>
                        </Shape>
                        <String ID="segment_154" CONTENT="M" HPOS="1036" VPOS="1015" WIDTH="2" HEIGHT="64" WC="0.999">
                            <Shape>
                                <Polygon POINTS="1036 1015 1038 1079 1038 1079 1036 1015"/>
                            </Shape>
                            <Glyph ID="char_455" CONTENT="M" HPOS="1036" VPOS="1015" WIDTH="2" HEIGHT="64" GC="0.999">
                                <Shape>
                                    <Polygon POINTS="1036 1015 1038 1079 1038 1079 1036 1015"/>
                                </Shape>
                            </Glyph>
                        </String>
                        <SP ID="segment_155" HPOS="1174"  VPOS="1010" WIDTH="7"  HEIGHT="69"/>
                        <String ID="segment_156" CONTENT="de" HPOS="1194" VPOS="1008" WIDTH="38" HEIGHT="71" WC="0.9663">
                            <Shape>
                                <Polygon POINTS="1194 1010 1196 1079 1232 1079 1230 1008"/>
                            </Shape>
                            <Glyph ID="char_457" CONTENT="d" HPOS="1194" VPOS="1010" WIDTH="2" HEIGHT="69" GC="1.0">
                                <Shape>
                                    <Polygon POINTS="1194 1010 1196 1079 1196 1079 1194 1010"/>
                                </Shape>
                            </Glyph>
                            <Glyph ID="char_458" CONTENT="e" HPOS="1230" VPOS="1008" WIDTH="2" HEIGHT="71" GC="0.9327">
                                <Shape>
                                    <Polygon POINTS="1230 1008 1232 1079 1232 1079 1230 1008"/>
                                </Shape>
                            </Glyph>
                        </String>
                        <SP ID="segment_157" HPOS="1260"  VPOS="1014" WIDTH="2"  HEIGHT="65"/>
                        <String ID="segment_158" CONTENT="vous" HPOS="1276" VPOS="1017" WIDTH="103" HEIGHT="62" WC="0.9689">
                            <Shape>
                                <Polygon POINTS="1276 1017 1277 1079 1379 1071 1378 1024"/>
                            </Shape>
                            <Glyph ID="char_460" CONTENT="v" HPOS="1276" VPOS="1017" WIDTH="1" HEIGHT="62" GC="1.0">
                                <Shape>
                                    <Polygon POINTS="1276 1017 1277 1079 1277 1079 1276 1017"/>
                                </Shape>
                            </Glyph>
                            <Glyph ID="char_461" CONTENT="o" HPOS="1312" VPOS="1025" WIDTH="1" HEIGHT="54" GC="0.9996">
                                <Shape>
                                    <Polygon POINTS="1312 1025 1313 1079 1313 1079 1312 1025"/>
                                </Shape>
                            </Glyph>
                            <Glyph ID="char_462" CONTENT="u" HPOS="1353" VPOS="1024" WIDTH="1" HEIGHT="44" GC="0.8763">
                                <Shape>
                                    <Polygon POINTS="1353 1024 1354 1068 1354 1068 1353 1024"/>
                                </Shape>
                            </Glyph>
                            <Glyph ID="char_463" CONTENT="s" HPOS="1378" VPOS="1024" WIDTH="1" HEIGHT="47" GC="0.9997">
                                <Shape>
                                    <Polygon POINTS="1378 1024 1379 1071 1379 1071 1378 1024"/>
                                </Shape>
                            </Glyph>
                        </String>
                        <SP ID="segment_159" HPOS="1404"  VPOS="1023" WIDTH="6"  HEIGHT="50"/>
                        <String ID="segment_160" CONTENT="avoir" HPOS="1424" VPOS="1007" WIDTH="128" HEIGHT="68" WC="0.9873">
                            <Shape>
                                <Polygon POINTS="1424 1023 1425 1075 1552 1068 1551 1019"/>
                            </Shape>
                            <Glyph ID="char_465" CONTENT="a" HPOS="1424" VPOS="1023" WIDTH="1" HEIGHT="52" GC="0.9993">
                                <Shape>
                                    <Polygon POINTS="1424 1023 1425 1075 1425 1075 1424 1023"/>
                                </Shape>
                            </Glyph>
                            <Glyph ID="char_466" CONTENT="v" HPOS="1464" VPOS="1009" WIDTH="2" HEIGHT="58" GC="1.0">
                                <Shape>
                                    <Polygon POINTS="1464 1009 1466 1067 1466 1067 1464 1009"/>
                                </Shape>
                            </Glyph>
                            <Glyph ID="char_467" CONTENT="o" HPOS="1499" VPOS="1007" WIDTH="2" HEIGHT="63" GC="0.9996">
                                <Shape>
                                    <Polygon POINTS="1499 1007 1501 1070 1501 1070 1499 1007"/>
                                </Shape>
                            </Glyph>
                            <Glyph ID="char_468" CONTENT="i" HPOS="1526" VPOS="1019" WIDTH="1" HEIGHT="47" GC="0.9503">
                                <Shape>
                                    <Polygon POINTS="1526 1019 1527 1066 1527 1066 1526 1019"/>
                                </Shape>
                            </Glyph>
                            <Glyph ID="char_469" CONTENT="r" HPOS="1551" VPOS="1019" WIDTH="1" HEIGHT="49" GC="0.9873">
                                <Shape>
                                    <Polygon POINTS="1551 1019 1552 1068 1552 1068 1551 1019"/>
                                </Shape>
                            </Glyph>
                        </String>
                        <SP ID="segment_161" HPOS="1591"  VPOS="998" WIDTH="12"  HEIGHT="73"/>
                        <String ID="segment_162" CONTENT="doplce" HPOS="1611" VPOS="999" WIDTH="201" HEIGHT="69" WC="0.8353">
                            <Shape>
                                <Polygon POINTS="1611 999 1613 1065 1812 1054 1811 1011"/>
                            </Shape>
                            <Glyph ID="char_471" CONTENT="d" HPOS="1611" VPOS="999" WIDTH="2" HEIGHT="66" GC="0.9998">
                                <Shape>
                                    <Polygon POINTS="1611 999 1613 1065 1613 1065 1611 999"/>
                                </Shape>
                            </Glyph>
                            <Glyph ID="char_472" CONTENT="o" HPOS="1652" VPOS="1001" WIDTH="2" HEIGHT="67" GC="0.986">
                                <Shape>
                                    <Polygon POINTS="1652 1001 1654 1068 1654 1068 1652 1001"/>
                                </Shape>
                            </Glyph>
                            <Glyph ID="char_473" CONTENT="p" HPOS="1684" VPOS="1010" WIDTH="1" HEIGHT="57" GC="0.9899">
                                <Shape>
                                    <Polygon POINTS="1684 1010 1685 1067 1685 1067 1684 1010"/>
                                </Shape>
                            </Glyph>
                            <Glyph ID="char_474" CONTENT="l" HPOS="1734" VPOS="1005" WIDTH="2" HEIGHT="62" GC="0.9924">
                                <Shape>
                                    <Polygon POINTS="1734 1005 1736 1067 1736 1067 1734 1005"/>
                                </Shape>
                            </Glyph>
                            <Glyph ID="char_475" CONTENT="c" HPOS="1779" VPOS="1003" WIDTH="2" HEIGHT="52" GC="0.5209">
                                <Shape>
                                    <Polygon POINTS="1779 1003 1781 1055 1781 1055 1779 1003"/>
                                </Shape>
                            </Glyph>
                            <Glyph ID="char_476" CONTENT="e" HPOS="1811" VPOS="1011" WIDTH="1" HEIGHT="43" GC="0.5224">
                                <Shape>
                                    <Polygon POINTS="1811 1011 1812 1054 1812 1054 1811 1011"/>
                                </Shape>
                            </Glyph>
                        </String>
                    </TextLine>

                    <TextLine ID="6c5dfbb9-359d-45da-b9af-aa878ae3099f" HPOS="1089.0" VPOS="1058.0" WIDTH="852.0" HEIGHT="76.0" BASELINE="1091.0 1106.0 1941.0 1114.0" TAGREFS="LINE_TYPE_1">
                        <Shape>
                            <Polygon POINTS="1091.0 1106.0 1089.0 1125.0 1177.0 1118.0 1193.0 1128.0 1195.0 1128.0 1196.0 1128.0 1198.0 1128.0 1244.0 1120.0 1262.0 1127.0 1263.0 1127.0 1265.0 1127.0 1309.0 1118.0 1323.0 1130.0 1325.0 1130.0 1326.0 1130.0 1328.0 1131.0 1354.0 1131.0 1354.0 1130.0 1424.0 1118.0 1439.0 1128.0 1440.0 1128.0 1442.0 1128.0 1443.0 1128.0 1511.0 1120.0 1563.0 1131.0 1565.0 1131.0 1566.0 1131.0 1600.0 1121.0 1653.0 1133.0 1654.0 1133.0 1721.0 1121.0 1863.0 1134.0 1865.0 1134.0 1916.0 1122.0 1935.0 1134.0 1941.0 1114.0 1939.0 1068.0 1906.0 1074.0 1890.0 1061.0 1890.0 1060.0 1888.0 1060.0 1887.0 1060.0 1707.0 1058.0 1705.0 1058.0 1704.0 1058.0 1660.0 1077.0 1619.0 1065.0 1617.0 1065.0 1616.0 1065.0 1572.0 1076.0 1546.0 1058.0 1544.0 1058.0 1543.0 1058.0 1541.0 1058.0 1540.0 1058.0 1538.0 1058.0 1538.0 1060.0 1525.0 1070.0 1490.0 1061.0 1489.0 1061.0 1487.0 1061.0 1486.0 1061.0 1484.0 1061.0 1484.0 1063.0 1473.0 1074.0 1438.0 1076.0 1419.0 1065.0 1417.0 1065.0 1416.0 1065.0 1414.0 1065.0 1413.0 1065.0 1402.0 1074.0 1297.0 1064.0 1296.0 1064.0 1233.0 1073.0 1091.0 1071.0 1091.0 1106.0"/>
                        </Shape>
                        <String ID="segment_163" CONTENT="repar" HPOS="1122" VPOS="1067" WIDTH="156" HEIGHT="61" WC="0.993">
                            <Shape>
                                <Polygon POINTS="1122 1071 1122 1122 1278 1124 1278 1067"/>
                            </Shape>
                            <Glyph ID="char_477" CONTENT="r" HPOS="1122" VPOS="1071" WIDTH="0" HEIGHT="51" GC="0.9796">
                                <Shape>
                                    <Polygon POINTS="1122 1071 1122 1122 1122 1122 1122 1071"/>
                                </Shape>
                            </Glyph>
                            <Glyph ID="char_478" CONTENT="e" HPOS="1153" VPOS="1072" WIDTH="0" HEIGHT="48" GC="0.9921">
                                <Shape>
                                    <Polygon POINTS="1153 1072 1153 1120 1153 1120 1153 1072"/>
                                </Shape>
                            </Glyph>
                            <Glyph ID="char_479" CONTENT="p" HPOS="1195" VPOS="1072" WIDTH="0" HEIGHT="56" GC="0.9989">
                                <Shape>
                                    <Polygon POINTS="1195 1072 1195 1128 1195 1128 1195 1072"/>
                                </Shape>
                            </Glyph>
                            <Glyph ID="char_480" CONTENT="a" HPOS="1242" VPOS="1072" WIDTH="0" HEIGHT="48" GC="0.9992">
                                <Shape>
                                    <Polygon POINTS="1242 1072 1242 1120 1242 1120 1242 1072"/>
                                </Shape>
                            </Glyph>
                            <Glyph ID="char_481" CONTENT="r" HPOS="1278" VPOS="1067" WIDTH="0" HEIGHT="57" GC="0.9953">
                                <Shape>
                                    <Polygon POINTS="1278 1067 1278 1124 1278 1124 1278 1067"/>
                                </Shape>
                            </Glyph>
                        </String>
                        <SP ID="segment_164" HPOS="1315"  VPOS="1066" WIDTH="5"  HEIGHT="61"/>
                        <String ID="segment_165" CONTENT="la" HPOS="1330" VPOS="1067" WIDTH="37" HEIGHT="64" WC="0.9792">
                            <Shape>
                                <Polygon POINTS="1330 1067 1330 1131 1367 1128 1367 1071"/>
                            </Shape>
                            <Glyph ID="char_483" CONTENT="l" HPOS="1330" VPOS="1067" WIDTH="0" HEIGHT="64" GC="0.9782">
                                <Shape>
                                    <Polygon POINTS="1330 1067 1330 1131 1330 1131 1330 1067"/>
                                </Shape>
                            </Glyph>
                            <Glyph ID="char_484" CONTENT="a" HPOS="1367" VPOS="1071" WIDTH="0" HEIGHT="57" GC="0.9801">
                                <Shape>
                                    <Polygon POINTS="1367 1071 1367 1128 1367 1128 1367 1071"/>
                                </Shape>
                            </Glyph>
                        </String>
                        <SP ID="segment_166" HPOS="1434"  VPOS="1074" WIDTH="5"  HEIGHT="54"/>
                        <String ID="segment_167" CONTENT="decartalaemen" HPOS="1450" VPOS="1058" WIDTH="478" HEIGHT="74" WC="0.8398">
                            <Shape>
                                <Polygon POINTS="1450 1075 1450 1127 1928 1129 1928 1070"/>
                            </Shape>
                            <Glyph ID="char_486" CONTENT="d" HPOS="1450" VPOS="1075" WIDTH="0" HEIGHT="52" GC="0.7535">
                                <Shape>
                                    <Polygon POINTS="1450 1075 1450 1127 1450 1127 1450 1075"/>
                                </Shape>
                            </Glyph>
                            <Glyph ID="char_487" CONTENT="e" HPOS="1486" VPOS="1061" WIDTH="0" HEIGHT="62" GC="0.999">
                                <Shape>
                                    <Polygon POINTS="1486 1061 1486 1123 1486 1123 1486 1061"/>
                                </Shape>
                            </Glyph>
                            <Glyph ID="char_488" CONTENT="c" HPOS="1523" VPOS="1070" WIDTH="0" HEIGHT="53" GC="0.9942">
                                <Shape>
                                    <Polygon POINTS="1523 1070 1523 1123 1523 1123 1523 1070"/>
                                </Shape>
                            </Glyph>
                            <Glyph ID="char_489" CONTENT="a" HPOS="1570" VPOS="1075" WIDTH="0" HEIGHT="55" GC="0.6027">
                                <Shape>
                                    <Polygon POINTS="1570 1075 1570 1130 1570 1130 1570 1075"/>
                                </Shape>
                            </Glyph>
                            <Glyph ID="char_490" CONTENT="r" HPOS="1606" VPOS="1067" WIDTH="0" HEIGHT="55" GC="0.9495">
                                <Shape>
                                    <Polygon POINTS="1606 1067 1606 1122 1606 1122 1606 1067"/>
                                </Shape>
                            </Glyph>
                            <Glyph ID="char_491" CONTENT="t" HPOS="1637" VPOS="1070" WIDTH="0" HEIGHT="59" GC="0.9807">
                                <Shape>
                                    <Polygon POINTS="1637 1070 1637 1129 1637 1129 1637 1070"/>
                                </Shape>
                            </Glyph>
                            <Glyph ID="char_492" CONTENT="a" HPOS="1674" VPOS="1071" WIDTH="0" HEIGHT="58" GC="0.9532">
                                <Shape>
                                    <Polygon POINTS="1674 1071 1674 1129 1674 1129 1674 1071"/>
                                </Shape>
                            </Glyph>
                            <Glyph ID="char_493" CONTENT="l" HPOS="1705" VPOS="1058" WIDTH="0" HEIGHT="66" GC="0.9851">
                                <Shape>
                                    <Polygon POINTS="1705 1058 1705 1124 1705 1124 1705 1058"/>
                                </Shape>
                            </Glyph>
                            <Glyph ID="char_494" CONTENT="a" HPOS="1752" VPOS="1059" WIDTH="0" HEIGHT="65" GC="0.9502">
                                <Shape>
                                    <Polygon POINTS="1752 1059 1752 1124 1752 1124 1752 1059"/>
                                </Shape>
                            </Glyph>
                            <Glyph ID="char_495" CONTENT="e" HPOS="1840" VPOS="1059" WIDTH="0" HEIGHT="73" GC="0.7488">
                                <Shape>
                                    <Polygon POINTS="1840 1059 1840 1132 1840 1132 1840 1059"/>
                                </Shape>
                            </Glyph>
                            <Glyph ID="char_496" CONTENT="m" HPOS="1882" VPOS="1060" WIDTH="0" HEIGHT="70" GC="0.4396">
                                <Shape>
                                    <Polygon POINTS="1882 1060 1882 1130 1882 1130 1882 1060"/>
                                </Shape>
                            </Glyph>
                            <Glyph ID="char_497" CONTENT="e" HPOS="1908" VPOS="1073" WIDTH="5" HEIGHT="51" GC="0.5855">
                                <Shape>
                                    <Polygon POINTS="1908 1074 1908 1124 1913 1123 1913 1073"/>
                                </Shape>
                            </Glyph>
                            <Glyph ID="char_498" CONTENT="n" HPOS="1928" VPOS="1070" WIDTH="0" HEIGHT="59" GC="0.976">
                                <Shape>
                                    <Polygon POINTS="1928 1070 1928 1129 1928 1129 1928 1070"/>
                                </Shape>
                            </Glyph>
                        </String>
                    </TextLine>

                    <TextLine ID="1194811b-bbe1-48a5-b958-17f6f7398664" HPOS="133.0" VPOS="1149.0" WIDTH="1825.0" HEIGHT="104.0" BASELINE="134.0 1253.0 373.0 1232.0 750.0 1212.0 1958.0 1201.0" TAGREFS="LINE_TYPE_1">
                        <Shape>
                            <Polygon POINTS="134.0 1253.0 422.0 1251.0 523.0 1239.0 560.0 1247.0 561.0 1247.0 731.0 1234.0 792.0 1238.0 794.0 1238.0 795.0 1238.0 819.0 1226.0 911.0 1223.0 1122.0 1222.0 1192.0 1234.0 1193.0 1234.0 1274.0 1220.0 1361.0 1231.0 1363.0 1231.0 1364.0 1231.0 1408.0 1218.0 1487.0 1232.0 1489.0 1232.0 1584.0 1229.0 1585.0 1229.0 1623.0 1215.0 1694.0 1215.0 1729.0 1228.0 1730.0 1228.0 1732.0 1228.0 1774.0 1220.0 1819.0 1226.0 1821.0 1226.0 1822.0 1226.0 1849.0 1218.0 1957.0 1222.0 1958.0 1201.0 1957.0 1159.0 1926.0 1149.0 1925.0 1149.0 1923.0 1149.0 1831.0 1150.0 1830.0 1150.0 1796.0 1166.0 1685.0 1156.0 1683.0 1156.0 1682.0 1156.0 1656.0 1168.0 1556.0 1171.0 1493.0 1155.0 1492.0 1155.0 1490.0 1155.0 1489.0 1155.0 1419.0 1175.0 1288.0 1177.0 1249.0 1169.0 1247.0 1169.0 1196.0 1178.0 1130.0 1177.0 1098.0 1163.0 1097.0 1163.0 1095.0 1163.0 1044.0 1172.0 978.0 1163.0 977.0 1163.0 975.0 1163.0 940.0 1177.0 716.0 1166.0 715.0 1166.0 595.0 1171.0 517.0 1190.0 370.0 1190.0 317.0 1180.0 315.0 1180.0 314.0 1180.0 279.0 1191.0 133.0 1190.0 134.0 1253.0"/>
                        </Shape>
                        <String ID="segment_168" CONTENT="nour" HPOS="158" VPOS="1190" WIDTH="115" HEIGHT="63" WC="0.996">
                            <Shape>
                                <Polygon POINTS="158 1190 163 1253 273 1252 268 1191"/>
                            </Shape>
                            <Glyph ID="char_499" CONTENT="n" HPOS="158" VPOS="1190" WIDTH="5" HEIGHT="63" GC="0.9998">
                                <Shape>
                                    <Polygon POINTS="158 1190 163 1253 163 1253 158 1190"/>
                                </Shape>
                            </Glyph>
                            <Glyph ID="char_500" CONTENT="o" HPOS="205" VPOS="1190" WIDTH="5" HEIGHT="62" GC="0.9999">
                                <Shape>
                                    <Polygon POINTS="205 1190 210 1252 210 1252 205 1190"/>
                                </Shape>
                            </Glyph>
                            <Glyph ID="char_501" CONTENT="u" HPOS="234" VPOS="1191" WIDTH="5" HEIGHT="61" GC="0.9971">
                                <Shape>
                                    <Polygon POINTS="234 1191 239 1252 239 1252 234 1191"/>
                                </Shape>
                            </Glyph>
                            <Glyph ID="char_502" CONTENT="r" HPOS="268" VPOS="1191" WIDTH="5" HEIGHT="61" GC="0.987">
                                <Shape>
                                    <Polygon POINTS="268 1191 273 1252 273 1252 268 1191"/>
                                </Shape>
                            </Glyph>
                        </String>
                        <SP ID="segment_169" HPOS="308"  VPOS="1180" WIDTH="13"  HEIGHT="72"/>
                        <String ID="segment_170" CONTENT="vour" HPOS="332" VPOS="1183" WIDTH="145" HEIGHT="69" WC="0.9574">
                            <Shape>
                                <Polygon POINTS="332 1183 338 1252 477 1244 474 1190"/>
                            </Shape>
                            <Glyph ID="char_504" CONTENT="v" HPOS="332" VPOS="1183" WIDTH="6" HEIGHT="69" GC="0.9483">
                                <Shape>
                                    <Polygon POINTS="332 1183 338 1252 338 1252 332 1183"/>
                                </Shape>
                            </Glyph>
                            <Glyph ID="char_505" CONTENT="o" HPOS="381" VPOS="1190" WIDTH="3" HEIGHT="61" GC="0.8851">
                                <Shape>
                                    <Polygon POINTS="381 1190 384 1251 384 1251 381 1190"/>
                                </Shape>
                            </Glyph>
                            <Glyph ID="char_506" CONTENT="u" HPOS="433" VPOS="1190" WIDTH="3" HEIGHT="59" GC="0.9963">
                                <Shape>
                                    <Polygon POINTS="433 1190 436 1249 436 1249 433 1190"/>
                                </Shape>
                            </Glyph>
                            <Glyph ID="char_507" CONTENT="r" HPOS="474" VPOS="1190" WIDTH="3" HEIGHT="54" GC="1.0">
                                <Shape>
                                    <Polygon POINTS="474 1190 477 1244 477 1244 474 1190"/>
                                </Shape>
                            </Glyph>
                        </String>
                        <SP ID="segment_171" HPOS="520"  VPOS="1188" WIDTH="9"  HEIGHT="52"/>
                        <String ID="segment_172" CONTENT="quand" HPOS="543" VPOS="1167" WIDTH="149" HEIGHT="78" WC="0.9777">
                            <Shape>
                                <Polygon POINTS="543 1184 546 1244 692 1237 688 1167"/>
                            </Shape>
                            <Glyph ID="char_509" CONTENT="q" HPOS="543" VPOS="1184" WIDTH="3" HEIGHT="60" GC="1.0">
                                <Shape>
                                    <Polygon POINTS="543 1184 546 1244 546 1244 543 1184"/>
                                </Shape>
                            </Glyph>
                            <Glyph ID="char_510" CONTENT="u" HPOS="583" VPOS="1174" WIDTH="4" HEIGHT="71" GC="1.0">
                                <Shape>
                                    <Polygon POINTS="583 1174 587 1245 587 1245 583 1174"/>
                                </Shape>
                            </Glyph>
                            <Glyph ID="char_511" CONTENT="a" HPOS="618" VPOS="1170" WIDTH="4" HEIGHT="72" GC="0.8889">
                                <Shape>
                                    <Polygon POINTS="618 1170 622 1242 622 1242 618 1170"/>
                                </Shape>
                            </Glyph>
                            <Glyph ID="char_512" CONTENT="n" HPOS="653" VPOS="1169" WIDTH="4" HEIGHT="71" GC="0.9995">
                                <Shape>
                                    <Polygon POINTS="653 1169 657 1240 657 1240 653 1169"/>
                                </Shape>
                            </Glyph>
                            <Glyph ID="char_513" CONTENT="d" HPOS="688" VPOS="1167" WIDTH="4" HEIGHT="70" GC="1.0">
                                <Shape>
                                    <Polygon POINTS="688 1167 692 1237 692 1237 688 1167"/>
                                </Shape>
                            </Glyph>
                        </String>
                        <SP ID="segment_173" HPOS="717"  VPOS="1166" WIDTH="10"  HEIGHT="69"/>
                        <String ID="segment_174" CONTENT="a" HPOS="740" VPOS="1167" WIDTH="4" HEIGHT="68" WC="0.9998">
                            <Shape>
                                <Polygon POINTS="740 1167 744 1235 744 1235 740 1167"/>
                            </Shape>
                            <Glyph ID="char_515" CONTENT="a" HPOS="740" VPOS="1167" WIDTH="4" HEIGHT="68" GC="0.9998">
                                <Shape>
                                    <Polygon POINTS="740 1167 744 1235 744 1235 740 1167"/>
                                </Shape>
                            </Glyph>
                        </String>
                        <SP ID="segment_175" HPOS="783"  VPOS="1169" WIDTH="6"  HEIGHT="69"/>
                        <String ID="segment_176" CONTENT="moi," HPOS="812" VPOS="1171" WIDTH="105" HEIGHT="58" WC="0.9881">
                            <Shape>
                                <Polygon POINTS="812 1171 813 1229 917 1223 916 1176"/>
                            </Shape>
                            <Glyph ID="char_517" CONTENT="m" HPOS="812" VPOS="1171" WIDTH="1" HEIGHT="58" GC="0.9525">
                                <Shape>
                                    <Polygon POINTS="812 1171 813 1229 813 1229 812 1171"/>
                                </Shape>
                            </Glyph>
                            <Glyph ID="char_518" CONTENT="o" HPOS="852" VPOS="1173" WIDTH="1" HEIGHT="52" GC="0.9999">
                                <Shape>
                                    <Polygon POINTS="852 1173 853 1225 853 1225 852 1173"/>
                                </Shape>
                            </Glyph>
                            <Glyph ID="char_519" CONTENT="i" HPOS="881" VPOS="1174" WIDTH="1" HEIGHT="50" GC="1.0">
                                <Shape>
                                    <Polygon POINTS="881 1174 882 1224 882 1224 881 1174"/>
                                </Shape>
                            </Glyph>
                            <Glyph ID="char_520" CONTENT="," HPOS="916" VPOS="1176" WIDTH="1" HEIGHT="47" GC="1.0">
                                <Shape>
                                    <Polygon POINTS="916 1176 917 1223 917 1223 916 1176"/>
                                </Shape>
                            </Glyph>
                        </String>
                        <SP ID="segment_177" HPOS="928"  VPOS="1176" WIDTH="7"  HEIGHT="47"/>
                        <String ID="segment_178" CONTENT="j&#39;ai" HPOS="951" VPOS="1163" WIDTH="77" HEIGHT="60" WC="0.9998">
                            <Shape>
                                <Polygon POINTS="951 1173 952 1223 1028 1222 1027 1170"/>
                            </Shape>
                            <Glyph ID="char_522" CONTENT="j" HPOS="951" VPOS="1173" WIDTH="1" HEIGHT="50" GC="1.0">
                                <Shape>
                                    <Polygon POINTS="951 1173 952 1223 952 1223 951 1173"/>
                                </Shape>
                            </Glyph>
                            <Glyph ID="char_523" CONTENT="&#39;" HPOS="974" VPOS="1163" WIDTH="7" HEIGHT="60" GC="0.9993">
                                <Shape>
                                    <Polygon POINTS="974 1163 975 1223 981 1223 980 1163"/>
                                </Shape>
                            </Glyph>
                            <Glyph ID="char_524" CONTENT="a" HPOS="998" VPOS="1166" WIDTH="1" HEIGHT="57" GC="1.0">
                                <Shape>
                                    <Polygon POINTS="998 1166 999 1223 999 1223 998 1166"/>
                                </Shape>
                            </Glyph>
                            <Glyph ID="char_525" CONTENT="i" HPOS="1027" VPOS="1170" WIDTH="1" HEIGHT="52" GC="0.9999">
                                <Shape>
                                    <Polygon POINTS="1027 1170 1028 1222 1028 1222 1027 1170"/>
                                </Shape>
                            </Glyph>
                        </String>
                        <SP ID="segment_179" HPOS="1061"  VPOS="1168" WIDTH="7"  HEIGHT="54"/>
                        <String ID="segment_180" CONTENT="fait" HPOS="1079" VPOS="1166" WIDTH="88" HEIGHT="64" WC="0.9998">
                            <Shape>
                                <Polygon POINTS="1079 1166 1080 1222 1167 1230 1166 1178"/>
                            </Shape>
                            <Glyph ID="char_527" CONTENT="f" HPOS="1079" VPOS="1166" WIDTH="1" HEIGHT="56" GC="1.0">
                                <Shape>
                                    <Polygon POINTS="1079 1166 1080 1222 1080 1222 1079 1166"/>
                                </Shape>
                            </Glyph>
                            <Glyph ID="char_528" CONTENT="a" HPOS="1114" VPOS="1170" WIDTH="1" HEIGHT="52" GC="1.0">
                                <Shape>
                                    <Polygon POINTS="1114 1170 1115 1222 1115 1222 1114 1170"/>
                                </Shape>
                            </Glyph>
                            <Glyph ID="char_529" CONTENT="i" HPOS="1143" VPOS="1177" WIDTH="1" HEIGHT="49" GC="1.0">
                                <Shape>
                                    <Polygon POINTS="1143 1177 1144 1226 1144 1226 1143 1177"/>
                                </Shape>
                            </Glyph>
                            <Glyph ID="char_530" CONTENT="t" HPOS="1166" VPOS="1178" WIDTH="1" HEIGHT="52" GC="0.9991">
                                <Shape>
                                    <Polygon POINTS="1166 1178 1167 1230 1167 1230 1166 1178"/>
                                </Shape>
                            </Glyph>
                        </String>
                        <SP ID="segment_181" HPOS="1212"  VPOS="1175" WIDTH="1"  HEIGHT="56"/>
                        <String ID="segment_182" CONTENT="ce" HPOS="1230" VPOS="1171" WIDTH="30" HEIGHT="56" WC="1.0">
                            <Shape>
                                <Polygon POINTS="1230 1172 1231 1227 1260 1222 1259 1171"/>
                            </Shape>
                            <Glyph ID="char_532" CONTENT="c" HPOS="1230" VPOS="1172" WIDTH="1" HEIGHT="55" GC="1.0">
                                <Shape>
                                    <Polygon POINTS="1230 1172 1231 1227 1231 1227 1230 1172"/>
                                </Shape>
                            </Glyph>
                            <Glyph ID="char_533" CONTENT="e" HPOS="1259" VPOS="1171" WIDTH="1" HEIGHT="51" GC="1.0">
                                <Shape>
                                    <Polygon POINTS="1259 1171 1260 1222 1260 1222 1259 1171"/>
                                </Shape>
                            </Glyph>
                        </String>
                        <SP ID="segment_183" HPOS="1300"  VPOS="1177" WIDTH="1"  HEIGHT="46"/>
                        <String ID="segment_184" CONTENT="que" HPOS="1317" VPOS="1175" WIDTH="71" HEIGHT="56" WC="0.9997">
                            <Shape>
                                <Polygon POINTS="1317 1177 1318 1226 1388 1224 1387 1175"/>
                            </Shape>
                            <Glyph ID="char_535" CONTENT="q" HPOS="1317" VPOS="1177" WIDTH="1" HEIGHT="49" GC="1.0">
                                <Shape>
                                    <Polygon POINTS="1317 1177 1318 1226 1318 1226 1317 1177"/>
                                </Shape>
                            </Glyph>
                            <Glyph ID="char_536" CONTENT="u" HPOS="1358" VPOS="1176" WIDTH="1" HEIGHT="55" GC="0.9991">
                                <Shape>
                                    <Polygon POINTS="1358 1176 1359 1231 1359 1231 1358 1176"/>
                                </Shape>
                            </Glyph>
                            <Glyph ID="char_537" CONTENT="e" HPOS="1387" VPOS="1175" WIDTH="1" HEIGHT="49" GC="1.0">
                                <Shape>
                                    <Polygon POINTS="1387 1175 1388 1224 1388 1224 1387 1175"/>
                                </Shape>
                            </Glyph>
                        </String>
                        <SP ID="segment_185" HPOS="1427"  VPOS="1171" WIDTH="7"  HEIGHT="52"/>
                        <String ID="segment_186" CONTENT="j&#39;aurois" HPOS="1451" VPOS="1156" WIDTH="204" HEIGHT="76" WC="0.839">
                            <Shape>
                                <Polygon POINTS="1451 1166 1452 1226 1655 1215 1654 1168"/>
                            </Shape>
                            <Glyph ID="char_539" CONTENT="j" HPOS="1451" VPOS="1166" WIDTH="1" HEIGHT="60" GC="1.0">
                                <Shape>
                                    <Polygon POINTS="1451 1166 1452 1226 1452 1226 1451 1166"/>
                                </Shape>
                            </Glyph>
                            <Glyph ID="char_540" CONTENT="&#39;" HPOS="1485" VPOS="1156" WIDTH="1" HEIGHT="76" GC="1.0">
                                <Shape>
                                    <Polygon POINTS="1485 1156 1486 1232 1486 1232 1485 1156"/>
                                </Shape>
                            </Glyph>
                            <Glyph ID="char_541" CONTENT="a" HPOS="1503" VPOS="1158" WIDTH="1" HEIGHT="74" GC="0.959">
                                <Shape>
                                    <Polygon POINTS="1503 1158 1504 1232 1504 1232 1503 1158"/>
                                </Shape>
                            </Glyph>
                            <Glyph ID="char_542" CONTENT="u" HPOS="1549" VPOS="1169" WIDTH="1" HEIGHT="61" GC="0.5791">
                                <Shape>
                                    <Polygon POINTS="1549 1169 1550 1230 1550 1230 1549 1169"/>
                                </Shape>
                            </Glyph>
                            <Glyph ID="char_543" CONTENT="r" HPOS="1573" VPOS="1170" WIDTH="1" HEIGHT="59" GC="0.6253">
                                <Shape>
                                    <Polygon POINTS="1573 1170 1574 1229 1574 1229 1573 1170"/>
                                </Shape>
                            </Glyph>
                            <Glyph ID="char_544" CONTENT="o" HPOS="1596" VPOS="1170" WIDTH="1" HEIGHT="55" GC="0.9382">
                                <Shape>
                                    <Polygon POINTS="1596 1170 1597 1225 1597 1225 1596 1170"/>
                                </Shape>
                            </Glyph>
                            <Glyph ID="char_545" CONTENT="i" HPOS="1625" VPOS="1169" WIDTH="1" HEIGHT="46" GC="0.9982">
                                <Shape>
                                    <Polygon POINTS="1625 1169 1626 1215 1626 1215 1625 1169"/>
                                </Shape>
                            </Glyph>
                            <Glyph ID="char_546" CONTENT="s" HPOS="1654" VPOS="1168" WIDTH="1" HEIGHT="47" GC="0.6123">
                                <Shape>
                                    <Polygon POINTS="1654 1168 1655 1215 1655 1215 1654 1168"/>
                                </Shape>
                            </Glyph>
                        </String>
                        <SP ID="segment_187" HPOS="1700"  VPOS="1157" WIDTH="7"  HEIGHT="63"/>
                        <String ID="segment_188" CONTENT="pu팩" HPOS="1718" VPOS="1159" WIDTH="71" HEIGHT="65" WC="0.9806">
                            <Shape>
                                <Polygon POINTS="1718 1159 1719 1224 1789 1222 1788 1165"/>
                            </Shape>
                            <Glyph ID="char_548" CONTENT="p" HPOS="1718" VPOS="1159" WIDTH="1" HEIGHT="65" GC="0.9458">
                                <Shape>
                                    <Polygon POINTS="1718 1159 1719 1224 1719 1224 1718 1159"/>
                                </Shape>
                            </Glyph>
                            <Glyph ID="char_549" CONTENT="u" HPOS="1764" VPOS="1163" WIDTH="7" HEIGHT="59" GC="0.9963">
                                <Shape>
                                    <Polygon POINTS="1764 1163 1765 1222 1771 1221 1770 1164"/>
                                </Shape>
                            </Glyph>
                            <Glyph ID="char_550" CONTENT="팩" HPOS="1776" VPOS="1164" WIDTH="13" HEIGHT="58" GC="0.9996">
                                <Shape>
                                    <Polygon POINTS="1776 1164 1777 1220 1789 1222 1788 1165"/>
                                </Shape>
                            </Glyph>
                        </String>
                        <SP ID="segment_189" HPOS="1799"  VPOS="1162" WIDTH="7"  HEIGHT="62"/>
                        <String ID="segment_190" CONTENT="faire" HPOS="1817" VPOS="1149" WIDTH="99" HEIGHT="77" WC="0.8814">
                            <Shape>
                                <Polygon POINTS="1817 1156 1818 1226 1916 1220 1915 1149"/>
                            </Shape>
                            <Glyph ID="char_552" CONTENT="f" HPOS="1817" VPOS="1156" WIDTH="1" HEIGHT="70" GC="0.5225">
                                <Shape>
                                    <Polygon POINTS="1817 1156 1818 1226 1818 1226 1817 1156"/>
                                </Shape>
                            </Glyph>
                            <Glyph ID="char_553" CONTENT="a" HPOS="1846" VPOS="1150" WIDTH="1" HEIGHT="69" GC="0.9977">
                                <Shape>
                                    <Polygon POINTS="1846 1150 1847 1219 1847 1219 1846 1150"/>
                                </Shape>
                            </Glyph>
                            <Glyph ID="char_554" CONTENT="i" HPOS="1869" VPOS="1150" WIDTH="7" HEIGHT="69" GC="0.9652">
                                <Shape>
                                    <Polygon POINTS="1869 1150 1870 1219 1876 1219 1875 1150"/>
                                </Shape>
                            </Glyph>
                            <Glyph ID="char_555" CONTENT="r" HPOS="1892" VPOS="1149" WIDTH="1" HEIGHT="71" GC="0.9901">
                                <Shape>
                                    <Polygon POINTS="1892 1149 1893 1220 1893 1220 1892 1149"/>
                                </Shape>
                            </Glyph>
                            <Glyph ID="char_556" CONTENT="e" HPOS="1915" VPOS="1149" WIDTH="1" HEIGHT="71" GC="0.9317">
                                <Shape>
                                    <Polygon POINTS="1915 1149 1916 1220 1916 1220 1915 1149"/>
                                </Shape>
                            </Glyph>
                        </String>
                    </TextLine>

                    <TextLine ID="ab29967f-36ab-44c6-84d7-3750c7b6330b" HPOS="138.0" VPOS="1260.0" WIDTH="1749.0" HEIGHT="108.0" BASELINE="140.0 1361.0 419.0 1337.0 825.0 1320.0 1306.0 1318.0 1887.0 1332.0" TAGREFS="LINE_TYPE_1">
                        <Shape>
                            <Polygon POINTS="140.0 1361.0 140.0 1368.0 307.0 1368.0 307.0 1367.0 392.0 1351.0 419.0 1364.0 421.0 1364.0 488.0 1365.0 490.0 1365.0 491.0 1365.0 557.0 1342.0 623.0 1349.0 624.0 1349.0 670.0 1340.0 826.0 1349.0 828.0 1349.0 829.0 1349.0 854.0 1343.0 924.0 1361.0 926.0 1361.0 927.0 1361.0 1063.0 1359.0 1065.0 1359.0 1136.0 1339.0 1225.0 1336.0 1312.0 1336.0 1342.0 1346.0 1344.0 1346.0 1345.0 1346.0 1416.0 1335.0 1568.0 1335.0 1885.0 1348.0 1887.0 1332.0 1885.0 1291.0 1538.0 1291.0 1435.0 1260.0 1433.0 1260.0 1373.0 1260.0 1372.0 1260.0 1282.0 1280.0 1231.0 1261.0 1230.0 1261.0 1228.0 1261.0 1227.0 1261.0 1160.0 1279.0 1103.0 1263.0 1101.0 1263.0 1100.0 1263.0 961.0 1270.0 845.0 1264.0 844.0 1264.0 753.0 1266.0 631.0 1295.0 589.0 1288.0 588.0 1288.0 457.0 1301.0 365.0 1277.0 364.0 1277.0 362.0 1277.0 264.0 1301.0 138.0 1304.0 140.0 1361.0"/>
                        </Shape>
                        <String ID="segment_191" CONTENT="pour" HPOS="169" VPOS="1295" WIDTH="124" HEIGHT="73" WC="0.9973">
                            <Shape>
                                <Polygon POINTS="169 1303 175 1368 293 1368 287 1295"/>
                            </Shape>
                            <Glyph ID="char_557" CONTENT="p" HPOS="169" VPOS="1303" WIDTH="6" HEIGHT="65" GC="1.0">
                                <Shape>
                                    <Polygon POINTS="169 1303 175 1368 175 1368 169 1303"/>
                                </Shape>
                            </Glyph>
                            <Glyph ID="char_558" CONTENT="o" HPOS="211" VPOS="1302" WIDTH="6" HEIGHT="66" GC="1.0">
                                <Shape>
                                    <Polygon POINTS="211 1302 217 1368 217 1368 211 1302"/>
                                </Shape>
                            </Glyph>
                            <Glyph ID="char_559" CONTENT="u" HPOS="252" VPOS="1301" WIDTH="6" HEIGHT="67" GC="0.9997">
                                <Shape>
                                    <Polygon POINTS="252 1301 258 1368 258 1368 252 1301"/>
                                </Shape>
                            </Glyph>
                            <Glyph ID="char_560" CONTENT="r" HPOS="287" VPOS="1295" WIDTH="6" HEIGHT="73" GC="0.9896">
                                <Shape>
                                    <Polygon POINTS="287 1295 293 1368 293 1368 287 1295"/>
                                </Shape>
                            </Glyph>
                        </String>
                        <SP ID="segment_192" HPOS="320"  VPOS="1286" WIDTH="14"  HEIGHT="77"/>
                        <String ID="segment_193" CONTENT="ma" HPOS="361" VPOS="1277" WIDTH="56" HEIGHT="86" WC="1.0">
                            <Shape>
                                <Polygon POINTS="361 1277 367 1356 417 1363 411 1289"/>
                            </Shape>
                            <Glyph ID="char_562" CONTENT="m" HPOS="361" VPOS="1277" WIDTH="6" HEIGHT="79" GC="1.0">
                                <Shape>
                                    <Polygon POINTS="361 1277 367 1356 367 1356 361 1277"/>
                                </Shape>
                            </Glyph>
                            <Glyph ID="char_563" CONTENT="a" HPOS="411" VPOS="1289" WIDTH="6" HEIGHT="74" GC="1.0">
                                <Shape>
                                    <Polygon POINTS="411 1289 417 1363 417 1363 411 1289"/>
                                </Shape>
                            </Glyph>
                        </String>
                        <SP ID="segment_194" HPOS="461"  VPOS="1300" WIDTH="10"  HEIGHT="65"/>
                        <String ID="segment_195" CONTENT="propre" HPOS="482" VPOS="1286" WIDTH="188" HEIGHT="79" WC="0.9698">
                            <Shape>
                                <Polygon POINTS="482 1298 485 1365 670 1340 668 1286"/>
                            </Shape>
                            <Glyph ID="char_565" CONTENT="p" HPOS="482" VPOS="1298" WIDTH="3" HEIGHT="67" GC="0.8207">
                                <Shape>
                                    <Polygon POINTS="482 1298 485 1365 485 1365 482 1298"/>
                                </Shape>
                            </Glyph>
                            <Glyph ID="char_566" CONTENT="r" HPOS="523" VPOS="1294" WIDTH="3" HEIGHT="59" GC="0.999">
                                <Shape>
                                    <Polygon POINTS="523 1294 526 1353 526 1353 523 1294"/>
                                </Shape>
                            </Glyph>
                            <Glyph ID="char_567" CONTENT="o" HPOS="550" VPOS="1292" WIDTH="2" HEIGHT="52" GC="1.0">
                                <Shape>
                                    <Polygon POINTS="550 1292 552 1344 552 1344 550 1292"/>
                                </Shape>
                            </Glyph>
                            <Glyph ID="char_568" CONTENT="p" HPOS="578" VPOS="1289" WIDTH="2" HEIGHT="55" GC="0.999">
                                <Shape>
                                    <Polygon POINTS="578 1289 580 1344 580 1344 578 1289"/>
                                </Shape>
                            </Glyph>
                            <Glyph ID="char_569" CONTENT="r" HPOS="626" VPOS="1294" WIDTH="3" HEIGHT="54" GC="1.0">
                                <Shape>
                                    <Polygon POINTS="626 1294 629 1348 629 1348 626 1294"/>
                                </Shape>
                            </Glyph>
                            <Glyph ID="char_570" CONTENT="e" HPOS="668" VPOS="1286" WIDTH="2" HEIGHT="54" GC="1.0">
                                <Shape>
                                    <Polygon POINTS="668 1286 670 1340 670 1340 668 1286"/>
                                </Shape>
                            </Glyph>
                        </String>
                        <SP ID="segment_196" HPOS="730"  VPOS="1270" WIDTH="9"  HEIGHT="74"/>
                        <String ID="segment_197" CONTENT="fille," HPOS="756" VPOS="1264" WIDTH="155" HEIGHT="94" WC="0.9259">
                            <Shape>
                                <Polygon POINTS="756 1266 760 1345 911 1358 910 1267"/>
                            </Shape>
                            <Glyph ID="char_572" CONTENT="f" HPOS="756" VPOS="1266" WIDTH="4" HEIGHT="79" GC="0.9155">
                                <Shape>
                                    <Polygon POINTS="756 1266 760 1345 760 1345 756 1266"/>
                                </Shape>
                            </Glyph>
                            <Glyph ID="char_573" CONTENT="i" HPOS="791" VPOS="1265" WIDTH="4" HEIGHT="82" GC="0.9999">
                                <Shape>
                                    <Polygon POINTS="791 1265 795 1347 795 1347 791 1265"/>
                                </Shape>
                            </Glyph>
                            <Glyph ID="char_574" CONTENT="l" HPOS="818" VPOS="1265" WIDTH="4" HEIGHT="84" GC="0.6401">
                                <Shape>
                                    <Polygon POINTS="818 1265 822 1349 822 1349 818 1265"/>
                                </Shape>
                            </Glyph>
                            <Glyph ID="char_575" CONTENT="l" HPOS="841" VPOS="1264" WIDTH="1" HEIGHT="82" GC="1.0">
                                <Shape>
                                    <Polygon POINTS="841 1264 842 1346 842 1346 841 1264"/>
                                </Shape>
                            </Glyph>
                            <Glyph ID="char_576" CONTENT="e" HPOS="868" VPOS="1265" WIDTH="1" HEIGHT="82" GC="1.0">
                                <Shape>
                                    <Polygon POINTS="868 1265 869 1347 869 1347 868 1265"/>
                                </Shape>
                            </Glyph>
                            <Glyph ID="char_577" CONTENT="," HPOS="910" VPOS="1267" WIDTH="1" HEIGHT="91" GC="0.9999">
                                <Shape>
                                    <Polygon POINTS="910 1267 911 1358 911 1358 910 1267"/>
                                </Shape>
                            </Glyph>
                        </String>
                        <SP ID="segment_198" HPOS="930"  VPOS="1268" WIDTH="8"  HEIGHT="93"/>
                        <String ID="segment_199" CONTENT="et" HPOS="944" VPOS="1269" WIDTH="29" HEIGHT="92" WC="0.8416">
                            <Shape>
                                <Polygon POINTS="944 1269 945 1361 973 1360 972 1269"/>
                            </Shape>
                            <Glyph ID="char_579" CONTENT="e" HPOS="944" VPOS="1269" WIDTH="1" HEIGHT="92" GC="0.9976">
                                <Shape>
                                    <Polygon POINTS="944 1269 945 1361 945 1361 944 1269"/>
                                </Shape>
                            </Glyph>
                            <Glyph ID="char_580" CONTENT="t" HPOS="972" VPOS="1269" WIDTH="1" HEIGHT="91" GC="0.6857">
                                <Shape>
                                    <Polygon POINTS="972 1269 973 1360 973 1360 972 1269"/>
                                </Shape>
                            </Glyph>
                        </String>
                        <SP ID="segment_200" HPOS="1013"  VPOS="1267" WIDTH="8"  HEIGHT="93"/>
                        <String ID="segment_201" CONTENT="j&#39;ai" HPOS="1041" VPOS="1263" WIDTH="90" HEIGHT="96" WC="0.999">
                            <Shape>
                                <Polygon POINTS="1041 1266 1042 1359 1131 1340 1130 1271"/>
                            </Shape>
                            <Glyph ID="char_582" CONTENT="j" HPOS="1041" VPOS="1266" WIDTH="1" HEIGHT="93" GC="0.996">
                                <Shape>
                                    <Polygon POINTS="1041 1266 1042 1359 1042 1359 1041 1266"/>
                                </Shape>
                            </Glyph>
                            <Glyph ID="char_583" CONTENT="&#39;" HPOS="1068" VPOS="1264" WIDTH="15" HEIGHT="94" GC="1.0">
                                <Shape>
                                    <Polygon POINTS="1068 1265 1069 1358 1083 1354 1082 1264"/>
                                </Shape>
                            </Glyph>
                            <Glyph ID="char_584" CONTENT="a" HPOS="1096" VPOS="1263" WIDTH="1" HEIGHT="87" GC="0.9999">
                                <Shape>
                                    <Polygon POINTS="1096 1263 1097 1350 1097 1350 1096 1263"/>
                                </Shape>
                            </Glyph>
                            <Glyph ID="char_585" CONTENT="i" HPOS="1130" VPOS="1271" WIDTH="1" HEIGHT="69" GC="1.0">
                                <Shape>
                                    <Polygon POINTS="1130 1271 1131 1340 1131 1340 1130 1271"/>
                                </Shape>
                            </Glyph>
                        </String>
                        <SP ID="segment_202" HPOS="1165"  VPOS="1276" WIDTH="7"  HEIGHT="62"/>
                        <String ID="segment_203" CONTENT="crui" HPOS="1192" VPOS="1263" WIDTH="98" HEIGHT="74" WC="0.9988">
                            <Shape>
                                <Polygon POINTS="1192 1270 1193 1337 1290 1336 1289 1278"/>
                            </Shape>
                            <Glyph ID="char_587" CONTENT="c" HPOS="1192" VPOS="1270" WIDTH="1" HEIGHT="67" GC="1.0">
                                <Shape>
                                    <Polygon POINTS="1192 1270 1193 1337 1193 1337 1192 1270"/>
                                </Shape>
                            </Glyph>
                            <Glyph ID="char_588" CONTENT="r" HPOS="1220" VPOS="1263" WIDTH="1" HEIGHT="73" GC="1.0">
                                <Shape>
                                    <Polygon POINTS="1220 1263 1221 1336 1221 1336 1220 1263"/>
                                </Shape>
                            </Glyph>
                            <Glyph ID="char_589" CONTENT="u" HPOS="1254" VPOS="1270" WIDTH="1" HEIGHT="66" GC="0.9999">
                                <Shape>
                                    <Polygon POINTS="1254 1270 1255 1336 1255 1336 1254 1270"/>
                                </Shape>
                            </Glyph>
                            <Glyph ID="char_590" CONTENT="i" HPOS="1289" VPOS="1278" WIDTH="1" HEIGHT="58" GC="0.9953">
                                <Shape>
                                    <Polygon POINTS="1289 1278 1290 1336 1290 1336 1289 1278"/>
                                </Shape>
                            </Glyph>
                        </String>
                        <SP ID="segment_204" HPOS="1344"  VPOS="1264" WIDTH="9"  HEIGHT="82"/>
                        <String ID="segment_205" CONTENT="le" HPOS="1357" VPOS="1260" WIDTH="37" HEIGHT="84" WC="0.876">
                            <Shape>
                                <Polygon POINTS="1359 1263 1357 1344 1392 1339 1394 1260"/>
                            </Shape>
                            <Glyph ID="char_592" CONTENT="l" HPOS="1357" VPOS="1263" WIDTH="2" HEIGHT="81" GC="0.7521">
                                <Shape>
                                    <Polygon POINTS="1359 1263 1357 1344 1357 1344 1359 1263"/>
                                </Shape>
                            </Glyph>
                            <Glyph ID="char_593" CONTENT="e" HPOS="1392" VPOS="1260" WIDTH="2" HEIGHT="79" GC="1.0">
                                <Shape>
                                    <Polygon POINTS="1394 1260 1392 1339 1392 1339 1394 1260"/>
                                </Shape>
                            </Glyph>
                        </String>
                        <SP ID="segment_206" HPOS="1426"  VPOS="1260" WIDTH="9"  HEIGHT="75"/>
                        <String ID="segment_207" CONTENT="devoir" HPOS="1447" VPOS="1264" WIDTH="173" HEIGHT="73" WC="0.9685">
                            <Shape>
                                <Polygon POINTS="1449 1264 1447 1335 1619 1337 1620 1291"/>
                            </Shape>
                            <Glyph ID="char_595" CONTENT="d" HPOS="1447" VPOS="1264" WIDTH="2" HEIGHT="71" GC="0.9974">
                                <Shape>
                                    <Polygon POINTS="1449 1264 1447 1335 1447 1335 1449 1264"/>
                                </Shape>
                            </Glyph>
                            <Glyph ID="char_596" CONTENT="e" HPOS="1488" VPOS="1276" WIDTH="2" HEIGHT="59" GC="0.8993">
                                <Shape>
                                    <Polygon POINTS="1490 1276 1488 1335 1488 1335 1490 1276"/>
                                </Shape>
                            </Glyph>
                            <Glyph ID="char_597" CONTENT="v" HPOS="1523" VPOS="1287" WIDTH="1" HEIGHT="48" GC="0.9989">
                                <Shape>
                                    <Polygon POINTS="1524 1287 1523 1335 1523 1335 1524 1287"/>
                                </Shape>
                            </Glyph>
                            <Glyph ID="char_598" CONTENT="o" HPOS="1557" VPOS="1291" WIDTH="1" HEIGHT="44" GC="0.9988">
                                <Shape>
                                    <Polygon POINTS="1558 1291 1557 1335 1557 1335 1558 1291"/>
                                </Shape>
                            </Glyph>
                            <Glyph ID="char_599" CONTENT="i" HPOS="1592" VPOS="1291" WIDTH="1" HEIGHT="45" GC="0.9985">
                                <Shape>
                                    <Polygon POINTS="1593 1291 1592 1336 1592 1336 1593 1291"/>
                                </Shape>
                            </Glyph>
                            <Glyph ID="char_600" CONTENT="r" HPOS="1619" VPOS="1291" WIDTH="1" HEIGHT="46" GC="0.9178">
                                <Shape>
                                    <Polygon POINTS="1620 1291 1619 1337 1619 1337 1620 1291"/>
                                </Shape>
                            </Glyph>
                        </String>
                        <SP ID="segment_208" HPOS="1667"  VPOS="1291" WIDTH="8"  HEIGHT="48"/>
                        <String ID="segment_209" CONTENT="faire" HPOS="1688" VPOS="1291" WIDTH="132" HEIGHT="54" WC="0.9985">
                            <Shape>
                                <Polygon POINTS="1689 1291 1688 1340 1819 1345 1820 1291"/>
                            </Shape>
                            <Glyph ID="char_602" CONTENT="f" HPOS="1688" VPOS="1291" WIDTH="1" HEIGHT="49" GC="0.9995">
                                <Shape>
                                    <Polygon POINTS="1689 1291 1688 1340 1688 1340 1689 1291"/>
                                </Shape>
                            </Glyph>
                            <Glyph ID="char_603" CONTENT="a" HPOS="1723" VPOS="1291" WIDTH="1" HEIGHT="50" GC="0.9966">
                                <Shape>
                                    <Polygon POINTS="1724 1291 1723 1341 1723 1341 1724 1291"/>
                                </Shape>
                            </Glyph>
                            <Glyph ID="char_604" CONTENT="i" HPOS="1757" VPOS="1291" WIDTH="1" HEIGHT="52" GC="0.9974">
                                <Shape>
                                    <Polygon POINTS="1758 1291 1757 1343 1757 1343 1758 1291"/>
                                </Shape>
                            </Glyph>
                            <Glyph ID="char_605" CONTENT="r" HPOS="1785" VPOS="1291" WIDTH="1" HEIGHT="53" GC="0.999">
                                <Shape>
                                    <Polygon POINTS="1786 1291 1785 1344 1785 1344 1786 1291"/>
                                </Shape>
                            </Glyph>
                            <Glyph ID="char_606" CONTENT="e" HPOS="1819" VPOS="1291" WIDTH="1" HEIGHT="54" GC="0.9997">
                                <Shape>
                                    <Polygon POINTS="1820 1291 1819 1345 1819 1345 1820 1291"/>
                                </Shape>
                            </Glyph>
                        </String>
                    </TextLine>

                    <TextLine ID="90388f88-4cd4-43d3-97e0-0f544e326680" HPOS="143.0" VPOS="1378.0" WIDTH="1808.0" HEIGHT="119.0" BASELINE="146.0 1482.0 750.0 1451.0 1470.0 1450.0 1951.0 1434.0" TAGREFS="LINE_TYPE_1">
                        <Shape>
                            <Polygon POINTS="146.0 1482.0 146.0 1485.0 201.0 1497.0 203.0 1497.0 254.0 1495.0 256.0 1495.0 292.0 1482.0 394.0 1491.0 396.0 1491.0 503.0 1476.0 569.0 1485.0 570.0 1485.0 686.0 1472.0 784.0 1479.0 785.0 1479.0 832.0 1469.0 861.0 1479.0 863.0 1479.0 864.0 1479.0 866.0 1479.0 887.0 1472.0 949.0 1475.0 950.0 1475.0 952.0 1475.0 981.0 1463.0 1054.0 1463.0 1095.0 1475.0 1097.0 1475.0 1098.0 1475.0 1227.0 1459.0 1275.0 1468.0 1277.0 1468.0 1337.0 1460.0 1454.0 1466.0 1455.0 1466.0 1596.0 1456.0 1617.0 1462.0 1619.0 1462.0 1620.0 1462.0 1622.0 1462.0 1623.0 1462.0 1637.0 1454.0 1752.0 1459.0 1754.0 1459.0 1857.0 1444.0 1912.0 1454.0 1913.0 1454.0 1950.0 1447.0 1951.0 1434.0 1947.0 1396.0 1866.0 1397.0 1840.0 1389.0 1838.0 1389.0 1837.0 1389.0 1714.0 1400.0 1637.0 1396.0 1587.0 1378.0 1585.0 1378.0 1584.0 1378.0 1582.0 1378.0 1549.0 1392.0 1395.0 1380.0 1394.0 1380.0 1322.0 1387.0 1321.0 1387.0 1271.0 1413.0 1116.0 1413.0 1073.0 1405.0 1072.0 1405.0 1070.0 1405.0 1034.0 1418.0 952.0 1392.0 950.0 1392.0 949.0 1392.0 887.0 1393.0 886.0 1393.0 844.0 1415.0 751.0 1399.0 750.0 1399.0 749.0 1399.0 722.0 1412.0 691.0 1397.0 690.0 1397.0 689.0 1397.0 500.0 1402.0 380.0 1427.0 327.0 1422.0 326.0 1422.0 258.0 1438.0 143.0 1440.0 146.0 1482.0"/>
                        </Shape>
                        <String ID="segment_210" CONTENT="par" HPOS="182" VPOS="1438" WIDTH="80" HEIGHT="58" WC="1.0">
                            <Shape>
                                <Polygon POINTS="182 1439 185 1493 262 1493 259 1438"/>
                            </Shape>
                            <Glyph ID="char_607" CONTENT="p" HPOS="182" VPOS="1439" WIDTH="3" HEIGHT="54" GC="1.0">
                                <Shape>
                                    <Polygon POINTS="182 1439 185 1493 185 1493 182 1439"/>
                                </Shape>
                            </Glyph>
                            <Glyph ID="char_608" CONTENT="a" HPOS="221" VPOS="1439" WIDTH="3" HEIGHT="57" GC="1.0">
                                <Shape>
                                    <Polygon POINTS="221 1439 224 1496 224 1496 221 1439"/>
                                </Shape>
                            </Glyph>
                            <Glyph ID="char_609" CONTENT="r" HPOS="259" VPOS="1438" WIDTH="3" HEIGHT="55" GC="1.0">
                                <Shape>
                                    <Polygon POINTS="259 1438 262 1493 262 1493 259 1438"/>
                                </Shape>
                            </Glyph>
                        </String>
                        <SP ID="segment_211" HPOS="297"  VPOS="1427" WIDTH="9"  HEIGHT="56"/>
                        <String ID="segment_212" CONTENT="votre" HPOS="322" VPOS="1410" WIDTH="144" HEIGHT="80" WC="0.9969">
                            <Shape>
                                <Polygon POINTS="322 1423 325 1485 466 1481 463 1410"/>
                            </Shape>
                            <Glyph ID="char_611" CONTENT="v" HPOS="322" VPOS="1423" WIDTH="3" HEIGHT="62" GC="0.9999">
                                <Shape>
                                    <Polygon POINTS="322 1423 325 1485 325 1485 322 1423"/>
                                </Shape>
                            </Glyph>
                            <Glyph ID="char_612" CONTENT="o" HPOS="367" VPOS="1426" WIDTH="4" HEIGHT="63" GC="0.9919">
                                <Shape>
                                    <Polygon POINTS="367 1426 371 1489 371 1489 367 1426"/>
                                </Shape>
                            </Glyph>
                            <Glyph ID="char_613" CONTENT="t" HPOS="399" VPOS="1423" WIDTH="4" HEIGHT="67" GC="0.9928">
                                <Shape>
                                    <Polygon POINTS="399 1423 403 1490 403 1490 399 1423"/>
                                </Shape>
                            </Glyph>
                            <Glyph ID="char_614" CONTENT="r" HPOS="425" VPOS="1418" WIDTH="4" HEIGHT="68" GC="0.9999">
                                <Shape>
                                    <Polygon POINTS="425 1418 429 1486 429 1486 425 1418"/>
                                </Shape>
                            </Glyph>
                            <Glyph ID="char_615" CONTENT="e" HPOS="463" VPOS="1410" WIDTH="3" HEIGHT="71" GC="1.0">
                                <Shape>
                                    <Polygon POINTS="463 1410 466 1481 466 1481 463 1410"/>
                                </Shape>
                            </Glyph>
                        </String>
                        <SP ID="segment_213" HPOS="507"  VPOS="1402" WIDTH="11"  HEIGHT="76"/>
                        <String ID="segment_214" CONTENT="absence." HPOS="533" VPOS="1398" WIDTH="304" HEIGHT="86" WC="0.9911">
                            <Shape>
                                <Polygon POINTS="533 1401 537 1481 837 1471 837 1414"/>
                            </Shape>
                            <Glyph ID="char_617" CONTENT="a" HPOS="533" VPOS="1401" WIDTH="4" HEIGHT="80" GC="1.0">
                                <Shape>
                                    <Polygon POINTS="533 1401 537 1481 537 1481 533 1401"/>
                                </Shape>
                            </Glyph>
                            <Glyph ID="char_618" CONTENT="b" HPOS="578" VPOS="1400" WIDTH="5" HEIGHT="84" GC="0.9997">
                                <Shape>
                                    <Polygon POINTS="578 1400 583 1484 583 1484 578 1400"/>
                                </Shape>
                            </Glyph>
                            <Glyph ID="char_619" CONTENT="s" HPOS="623" VPOS="1399" WIDTH="4" HEIGHT="80" GC="0.9994">
                                <Shape>
                                    <Polygon POINTS="623 1399 627 1479 627 1479 623 1399"/>
                                </Shape>
                            </Glyph>
                            <Glyph ID="char_620" CONTENT="e" HPOS="661" VPOS="1398" WIDTH="4" HEIGHT="76" GC="0.9996">
                                <Shape>
                                    <Polygon POINTS="661 1398 665 1474 665 1474 661 1398"/>
                                </Shape>
                            </Glyph>
                            <Glyph ID="char_621" CONTENT="n" HPOS="713" VPOS="1408" WIDTH="3" HEIGHT="66" GC="0.9827">
                                <Shape>
                                    <Polygon POINTS="713 1408 716 1474 716 1474 713 1408"/>
                                </Shape>
                            </Glyph>
                            <Glyph ID="char_622" CONTENT="c" HPOS="745" VPOS="1401" WIDTH="4" HEIGHT="75" GC="1.0">
                                <Shape>
                                    <Polygon POINTS="745 1401 749 1476 749 1476 745 1401"/>
                                </Shape>
                            </Glyph>
                            <Glyph ID="char_623" CONTENT="e" HPOS="792" VPOS="1406" WIDTH="0" HEIGHT="71" GC="1.0">
                                <Shape>
                                    <Polygon POINTS="792 1406 792 1477 792 1477 792 1406"/>
                                </Shape>
                            </Glyph>
                            <Glyph ID="char_624" CONTENT="." HPOS="837" VPOS="1414" WIDTH="0" HEIGHT="57" GC="0.9476">
                                <Shape>
                                    <Polygon POINTS="837 1414 837 1471 837 1471 837 1414"/>
                                </Shape>
                            </Glyph>
                        </String>
                        <SP ID="segment_215" HPOS="875"  VPOS="1395" WIDTH="7"  HEIGHT="81"/>
                        <String ID="segment_216" CONTENT="Mais" HPOS="895" VPOS="1393" WIDTH="121" HEIGHT="79" WC="0.9996">
                            <Shape>
                                <Polygon POINTS="895 1393 895 1472 1016 1463 1016 1412"/>
                            </Shape>
                            <Glyph ID="char_626" CONTENT="M" HPOS="895" VPOS="1393" WIDTH="0" HEIGHT="79" GC="0.9999">
                                <Shape>
                                    <Polygon POINTS="895 1393 895 1472 895 1472 895 1393"/>
                                </Shape>
                            </Glyph>
                            <Glyph ID="char_627" CONTENT="a" HPOS="972" VPOS="1398" WIDTH="0" HEIGHT="69" GC="1.0">
                                <Shape>
                                    <Polygon POINTS="972 1398 972 1467 972 1467 972 1398"/>
                                </Shape>
                            </Glyph>
                            <Glyph ID="char_628" CONTENT="i" HPOS="997" VPOS="1406" WIDTH="0" HEIGHT="57" GC="0.9992">
                                <Shape>
                                    <Polygon POINTS="997 1406 997 1463 997 1463 997 1406"/>
                                </Shape>
                            </Glyph>
                            <Glyph ID="char_629" CONTENT="s" HPOS="1016" VPOS="1412" WIDTH="0" HEIGHT="51" GC="0.9993">
                                <Shape>
                                    <Polygon POINTS="1016 1412 1016 1463 1016 1463 1016 1412"/>
                                </Shape>
                            </Glyph>
                        </String>
                        <SP ID="segment_217" HPOS="1049"  VPOS="1410" WIDTH="6"  HEIGHT="53"/>
                        <String ID="segment_218" CONTENT="si" HPOS="1068" VPOS="1406" WIDTH="32" HEIGHT="69" WC="0.9366">
                            <Shape>
                                <Polygon POINTS="1068 1406 1068 1467 1100 1475 1100 1410"/>
                            </Shape>
                            <Glyph ID="char_631" CONTENT="s" HPOS="1068" VPOS="1406" WIDTH="0" HEIGHT="61" GC="0.8732">
                                <Shape>
                                    <Polygon POINTS="1068 1406 1068 1467 1068 1467 1068 1406"/>
                                </Shape>
                            </Glyph>
                            <Glyph ID="char_632" CONTENT="i" HPOS="1100" VPOS="1410" WIDTH="0" HEIGHT="65" GC="0.9999">
                                <Shape>
                                    <Polygon POINTS="1100 1410 1100 1475 1100 1475 1100 1410"/>
                                </Shape>
                            </Glyph>
                        </String>
                        <SP ID="segment_219" HPOS="1151"  VPOS="1413" WIDTH="6"  HEIGHT="55"/>
                        <String ID="segment_220" CONTENT="setoit" HPOS="1170" VPOS="1380" WIDTH="225" HEIGHT="88" WC="0.9981">
                            <Shape>
                                <Polygon POINTS="1170 1413 1170 1466 1395 1463 1395 1380"/>
                            </Shape>
                            <Glyph ID="char_634" CONTENT="s" HPOS="1170" VPOS="1413" WIDTH="0" HEIGHT="53" GC="0.9999">
                                <Shape>
                                    <Polygon POINTS="1170 1413 1170 1466 1170 1466 1170 1413"/>
                                </Shape>
                            </Glyph>
                            <Glyph ID="char_635" CONTENT="e" HPOS="1273" VPOS="1412" WIDTH="0" HEIGHT="56" GC="1.0">
                                <Shape>
                                    <Polygon POINTS="1273 1412 1273 1468 1273 1468 1273 1412"/>
                                </Shape>
                            </Glyph>
                            <Glyph ID="char_636" CONTENT="t" HPOS="1305" VPOS="1395" WIDTH="0" HEIGHT="69" GC="1.0">
                                <Shape>
                                    <Polygon POINTS="1305 1395 1305 1464 1305 1464 1305 1395"/>
                                </Shape>
                            </Glyph>
                            <Glyph ID="char_637" CONTENT="o" HPOS="1330" VPOS="1386" WIDTH="0" HEIGHT="75" GC="0.9973">
                                <Shape>
                                    <Polygon POINTS="1330 1386 1330 1461 1330 1461 1330 1386"/>
                                </Shape>
                            </Glyph>
                            <Glyph ID="char_638" CONTENT="i" HPOS="1362" VPOS="1383" WIDTH="0" HEIGHT="78" GC="1.0">
                                <Shape>
                                    <Polygon POINTS="1362 1383 1362 1461 1362 1461 1362 1383"/>
                                </Shape>
                            </Glyph>
                            <Glyph ID="char_639" CONTENT="t" HPOS="1395" VPOS="1380" WIDTH="0" HEIGHT="83" GC="0.9916">
                                <Shape>
                                    <Polygon POINTS="1395 1380 1395 1463 1395 1463 1395 1380"/>
                                </Shape>
                            </Glyph>
                        </String>
                        <SP ID="segment_221" HPOS="1446"  VPOS="1384" WIDTH="6"  HEIGHT="82"/>
                        <String ID="segment_222" CONTENT="a" HPOS="1465" VPOS="1385" WIDTH="0" HEIGHT="80" WC="1.0">
                            <Shape>
                                <Polygon POINTS="1465 1385 1465 1465 1465 1465 1465 1385"/>
                            </Shape>
                            <Glyph ID="char_641" CONTENT="a" HPOS="1465" VPOS="1385" WIDTH="0" HEIGHT="80" GC="1.0">
                                <Shape>
                                    <Polygon POINTS="1465 1385 1465 1465 1465 1465 1465 1385"/>
                                </Shape>
                            </Glyph>
                        </String>
                        <SP ID="segment_223" HPOS="1508"  VPOS="1389" WIDTH="16"  HEIGHT="73"/>
                        <String ID="segment_224" CONTENT="Recommencer" HPOS="1527" VPOS="1384" WIDTH="400" HEIGHT="77" WC="0.9494">
                            <Shape>
                                <Polygon POINTS="1527 1390 1530 1461 1927 1451 1925 1396"/>
                            </Shape>
                            <Glyph ID="char_643" CONTENT="R" HPOS="1527" VPOS="1390" WIDTH="3" HEIGHT="71" GC="0.9924">
                                <Shape>
                                    <Polygon POINTS="1527 1390 1530 1461 1530 1461 1527 1390"/>
                                </Shape>
                            </Glyph>
                            <Glyph ID="char_644" CONTENT="e" HPOS="1604" VPOS="1384" WIDTH="3" HEIGHT="75" GC="0.9656">
                                <Shape>
                                    <Polygon POINTS="1604 1384 1607 1459 1607 1459 1604 1384"/>
                                </Shape>
                            </Glyph>
                            <Glyph ID="char_645" CONTENT="c" HPOS="1630" VPOS="1394" WIDTH="3" HEIGHT="63" GC="0.9761">
                                <Shape>
                                    <Polygon POINTS="1630 1394 1633 1457 1633 1457 1630 1394"/>
                                </Shape>
                            </Glyph>
                            <Glyph ID="char_646" CONTENT="o" HPOS="1656" VPOS="1397" WIDTH="1" HEIGHT="58" GC="0.9823">
                                <Shape>
                                    <Polygon POINTS="1656 1397 1657 1455 1657 1455 1656 1397"/>
                                </Shape>
                            </Glyph>
                            <Glyph ID="char_647" CONTENT="m" HPOS="1701" VPOS="1399" WIDTH="2" HEIGHT="58" GC="0.5366">
                                <Shape>
                                    <Polygon POINTS="1701 1399 1703 1457 1703 1457 1701 1399"/>
                                </Shape>
                            </Glyph>
                            <Glyph ID="char_648" CONTENT="m" HPOS="1765" VPOS="1395" WIDTH="2" HEIGHT="62" GC="0.9988">
                                <Shape>
                                    <Polygon POINTS="1765 1395 1767 1457 1767 1457 1765 1395"/>
                                </Shape>
                            </Glyph>
                            <Glyph ID="char_649" CONTENT="e" HPOS="1796" VPOS="1393" WIDTH="2" HEIGHT="60" GC="0.9992">
                                <Shape>
                                    <Polygon POINTS="1796 1393 1798 1453 1798 1453 1796 1393"/>
                                </Shape>
                            </Glyph>
                            <Glyph ID="char_650" CONTENT="n" HPOS="1841" VPOS="1389" WIDTH="2" HEIGHT="57" GC="0.9992">
                                <Shape>
                                    <Polygon POINTS="1841 1389 1843 1446 1843 1446 1841 1389"/>
                                </Shape>
                            </Glyph>
                            <Glyph ID="char_651" CONTENT="c" HPOS="1868" VPOS="1397" WIDTH="1" HEIGHT="49" GC="0.9998">
                                <Shape>
                                    <Polygon POINTS="1868 1397 1869 1446 1869 1446 1868 1397"/>
                                </Shape>
                            </Glyph>
                            <Glyph ID="char_652" CONTENT="e" HPOS="1900" VPOS="1397" WIDTH="2" HEIGHT="55" GC="0.999">
                                <Shape>
                                    <Polygon POINTS="1900 1397 1902 1452 1902 1452 1900 1397"/>
                                </Shape>
                            </Glyph>
                            <Glyph ID="char_653" CONTENT="r" HPOS="1925" VPOS="1396" WIDTH="2" HEIGHT="55" GC="0.9948">
                                <Shape>
                                    <Polygon POINTS="1925 1396 1927 1451 1927 1451 1925 1396"/>
                                </Shape>
                            </Glyph>
                        </String>
                    </TextLine>

                    <TextLine ID="d72b2c0d-226c-421a-a4b8-8ba66252ffb9" HPOS="1329.0" VPOS="1451.0" WIDTH="308.0" HEIGHT="103.0" BASELINE="1332.0 1523.0 1637.0 1516.0" TAGREFS="LINE_TYPE_1">
                        <Shape>
                            <Polygon POINTS="1332.0 1523.0 1332.0 1542.0 1375.0 1536.0 1421.0 1552.0 1423.0 1552.0 1424.0 1554.0 1511.0 1554.0 1511.0 1552.0 1512.0 1552.0 1514.0 1552.0 1536.0 1532.0 1597.0 1530.0 1610.0 1538.0 1612.0 1538.0 1613.0 1538.0 1615.0 1538.0 1616.0 1538.0 1637.0 1529.0 1637.0 1516.0 1634.0 1460.0 1609.0 1451.0 1607.0 1451.0 1606.0 1451.0 1543.0 1463.0 1528.0 1456.0 1527.0 1456.0 1525.0 1456.0 1524.0 1456.0 1522.0 1456.0 1495.0 1479.0 1449.0 1479.0 1391.0 1478.0 1366.0 1459.0 1364.0 1459.0 1363.0 1459.0 1361.0 1459.0 1329.0 1462.0 1332.0 1523.0"/>
                        </Shape>
                        <String ID="segment_225" CONTENT="desputelles" HPOS="1345" VPOS="1451" WIDTH="288" HEIGHT="103" WC="0.9511">
                            <Shape>
                                <Polygon POINTS="1345 1461 1346 1540 1633 1531 1632 1459"/>
                            </Shape>
                            <Glyph ID="char_654" CONTENT="d" HPOS="1345" VPOS="1461" WIDTH="1" HEIGHT="79" GC="0.9999">
                                <Shape>
                                    <Polygon POINTS="1345 1461 1346 1540 1346 1540 1345 1461"/>
                                </Shape>
                            </Glyph>
                            <Glyph ID="char_655" CONTENT="e" HPOS="1379" VPOS="1469" WIDTH="1" HEIGHT="69" GC="0.9999">
                                <Shape>
                                    <Polygon POINTS="1379 1469 1380 1538 1380 1538 1379 1469"/>
                                </Shape>
                            </Glyph>
                            <Glyph ID="char_656" CONTENT="s" HPOS="1406" VPOS="1478" WIDTH="2" HEIGHT="69" GC="0.9779">
                                <Shape>
                                    <Polygon POINTS="1406 1478 1408 1547 1408 1547 1406 1478"/>
                                </Shape>
                            </Glyph>
                            <Glyph ID="char_657" CONTENT="p" HPOS="1441" VPOS="1479" WIDTH="2" HEIGHT="75" GC="0.9991">
                                <Shape>
                                    <Polygon POINTS="1441 1479 1443 1554 1443 1554 1441 1479"/>
                                </Shape>
                            </Glyph>
                            <Glyph ID="char_658" CONTENT="u" HPOS="1482" VPOS="1479" WIDTH="2" HEIGHT="75" GC="0.9992">
                                <Shape>
                                    <Polygon POINTS="1482 1479 1484 1554 1484 1554 1482 1479"/>
                                </Shape>
                            </Glyph>
                            <Glyph ID="char_659" CONTENT="t" HPOS="1509" VPOS="1467" WIDTH="2" HEIGHT="87" GC="1.0">
                                <Shape>
                                    <Polygon POINTS="1509 1467 1511 1554 1511 1554 1509 1467"/>
                                </Shape>
                            </Glyph>
                            <Glyph ID="char_660" CONTENT="e" HPOS="1529" VPOS="1456" WIDTH="1" HEIGHT="81" GC="0.9999">
                                <Shape>
                                    <Polygon POINTS="1529 1456 1530 1537 1530 1537 1529 1456"/>
                                </Shape>
                            </Glyph>
                            <Glyph ID="char_661" CONTENT="l" HPOS="1557" VPOS="1460" WIDTH="1" HEIGHT="71" GC="0.9942">
                                <Shape>
                                    <Polygon POINTS="1557 1460 1558 1531 1558 1531 1557 1460"/>
                                </Shape>
                            </Glyph>
                            <Glyph ID="char_662" CONTENT="l" HPOS="1577" VPOS="1457" WIDTH="1" HEIGHT="74" GC="0.9761">
                                <Shape>
                                    <Polygon POINTS="1577 1457 1578 1531 1578 1531 1577 1457"/>
                                </Shape>
                            </Glyph>
                            <Glyph ID="char_663" CONTENT="e" HPOS="1604" VPOS="1451" WIDTH="2" HEIGHT="85" GC="0.9928">
                                <Shape>
                                    <Polygon POINTS="1604 1451 1606 1536 1606 1536 1604 1451"/>
                                </Shape>
                            </Glyph>
                            <Glyph ID="char_664" CONTENT="s" HPOS="1632" VPOS="1459" WIDTH="1" HEIGHT="72" GC="0.5227">
                                <Shape>
                                    <Polygon POINTS="1632 1459 1633 1531 1633 1531 1632 1459"/>
                                </Shape>
                            </Glyph>
                        </String>
                    </TextLine>

                    <TextLine ID="3a00f243-e69a-4031-907b-af682157da16" HPOS="163.0" VPOS="1504.0" WIDTH="1754.0" HEIGHT="114.0" BASELINE="165.0 1595.0 633.0 1571.0 1416.0 1571.0 1917.0 1555.0" TAGREFS="LINE_TYPE_1">
                        <Shape>
                            <Polygon POINTS="165.0 1595.0 165.0 1604.0 212.0 1618.0 213.0 1618.0 215.0 1618.0 216.0 1618.0 250.0 1604.0 365.0 1595.0 400.0 1601.0 402.0 1601.0 441.0 1593.0 481.0 1605.0 482.0 1605.0 484.0 1605.0 485.0 1605.0 513.0 1590.0 694.0 1589.0 743.0 1598.0 744.0 1598.0 746.0 1598.0 769.0 1589.0 829.0 1590.0 882.0 1608.0 883.0 1608.0 885.0 1608.0 886.0 1608.0 936.0 1595.0 991.0 1606.0 993.0 1606.0 1081.0 1605.0 1214.0 1602.0 1215.0 1602.0 1247.0 1593.0 1269.0 1601.0 1271.0 1601.0 1272.0 1601.0 1413.0 1599.0 1414.0 1599.0 1480.0 1580.0 1552.0 1587.0 1553.0 1587.0 1555.0 1587.0 1596.0 1574.0 1626.0 1586.0 1628.0 1586.0 1629.0 1586.0 1631.0 1586.0 1664.0 1571.0 1914.0 1573.0 1917.0 1555.0 1913.0 1504.0 1849.0 1506.0 1847.0 1506.0 1808.0 1520.0 1773.0 1507.0 1771.0 1507.0 1770.0 1507.0 1661.0 1509.0 1660.0 1509.0 1574.0 1533.0 1531.0 1528.0 1530.0 1528.0 1344.0 1536.0 1242.0 1523.0 1240.0 1523.0 1136.0 1538.0 983.0 1533.0 981.0 1533.0 927.0 1544.0 855.0 1525.0 854.0 1525.0 852.0 1525.0 851.0 1525.0 823.0 1536.0 675.0 1526.0 674.0 1526.0 618.0 1528.0 617.0 1528.0 560.0 1545.0 532.0 1539.0 531.0 1539.0 430.0 1549.0 393.0 1538.0 392.0 1538.0 390.0 1538.0 310.0 1552.0 275.0 1545.0 273.0 1545.0 272.0 1545.0 241.0 1558.0 163.0 1558.0 165.0 1595.0"/>
                        </Shape>
                        <String ID="segment_226" CONTENT="je" HPOS="181" VPOS="1558" WIDTH="44" HEIGHT="56" WC="0.9996">
                            <Shape>
                                <Polygon POINTS="181 1558 184 1610 225 1614 222 1558"/>
                            </Shape>
                            <Glyph ID="char_665" CONTENT="j" HPOS="181" VPOS="1558" WIDTH="3" HEIGHT="52" GC="1.0">
                                <Shape>
                                    <Polygon POINTS="181 1558 184 1610 184 1610 181 1558"/>
                                </Shape>
                            </Glyph>
                            <Glyph ID="char_666" CONTENT="e" HPOS="222" VPOS="1558" WIDTH="3" HEIGHT="56" GC="0.9992">
                                <Shape>
                                    <Polygon POINTS="222 1558 225 1614 225 1614 222 1558"/>
                                </Shape>
                            </Glyph>
                        </String>
                        <SP ID="segment_227" HPOS="264"  VPOS="1546" WIDTH="9"  HEIGHT="57"/>
                        <String ID="segment_228" CONTENT="ne" HPOS="288" VPOS="1548" WIDTH="43" HEIGHT="53" WC="0.9999">
                            <Shape>
                                <Polygon POINTS="288 1548 290 1601 331 1598 329 1549"/>
                            </Shape>
                            <Glyph ID="char_668" CONTENT="n" HPOS="288" VPOS="1548" WIDTH="2" HEIGHT="53" GC="0.9997">
                                <Shape>
                                    <Polygon POINTS="288 1548 290 1601 290 1601 288 1548"/>
                                </Shape>
                            </Glyph>
                            <Glyph ID="char_669" CONTENT="e" HPOS="329" VPOS="1549" WIDTH="2" HEIGHT="49" GC="1.0">
                                <Shape>
                                    <Polygon POINTS="329 1549 331 1598 331 1598 329 1549"/>
                                </Shape>
                            </Glyph>
                        </String>
                        <SP ID="segment_229" HPOS="382"  VPOS="1538" WIDTH="10"  HEIGHT="62"/>
                        <String ID="segment_230" CONTENT="le" HPOS="401" VPOS="1540" WIDTH="43" HEIGHT="61" WC="0.9995">
                            <Shape>
                                <Polygon POINTS="401 1540 404 1601 444 1594 442 1548"/>
                            </Shape>
                            <Glyph ID="char_671" CONTENT="l" HPOS="401" VPOS="1540" WIDTH="3" HEIGHT="61" GC="0.9999">
                                <Shape>
                                    <Polygon POINTS="401 1540 404 1601 404 1601 401 1540"/>
                                </Shape>
                            </Glyph>
                            <Glyph ID="char_672" CONTENT="e" HPOS="442" VPOS="1548" WIDTH="2" HEIGHT="46" GC="0.9991">
                                <Shape>
                                    <Polygon POINTS="442 1548 444 1594 444 1594 442 1548"/>
                                </Shape>
                            </Glyph>
                        </String>
                        <SP ID="segment_231" HPOS="496"  VPOS="1542" WIDTH="8"  HEIGHT="56"/>
                        <String ID="segment_232" CONTENT="ferois" HPOS="526" VPOS="1526" WIDTH="179" HEIGHT="65" WC="0.9937">
                            <Shape>
                                <Polygon POINTS="526 1540 528 1590 705 1591 705 1528"/>
                            </Shape>
                            <Glyph ID="char_674" CONTENT="f" HPOS="526" VPOS="1540" WIDTH="2" HEIGHT="50" GC="1.0">
                                <Shape>
                                    <Polygon POINTS="526 1540 528 1590 528 1590 526 1540"/>
                                </Shape>
                            </Glyph>
                            <Glyph ID="char_675" CONTENT="e" HPOS="573" VPOS="1541" WIDTH="2" HEIGHT="49" GC="0.9693">
                                <Shape>
                                    <Polygon POINTS="573 1541 575 1590 575 1590 573 1541"/>
                                </Shape>
                            </Glyph>
                            <Glyph ID="char_676" CONTENT="r" HPOS="602" VPOS="1532" WIDTH="3" HEIGHT="57" GC="0.9938">
                                <Shape>
                                    <Polygon POINTS="602 1532 605 1589 605 1589 602 1532"/>
                                </Shape>
                            </Glyph>
                            <Glyph ID="char_677" CONTENT="o" HPOS="640" VPOS="1527" WIDTH="0" HEIGHT="62" GC="0.999">
                                <Shape>
                                    <Polygon POINTS="640 1527 640 1589 640 1589 640 1527"/>
                                </Shape>
                            </Glyph>
                            <Glyph ID="char_678" CONTENT="i" HPOS="675" VPOS="1526" WIDTH="0" HEIGHT="63" GC="1.0">
                                <Shape>
                                    <Polygon POINTS="675 1526 675 1589 675 1589 675 1526"/>
                                </Shape>
                            </Glyph>
                            <Glyph ID="char_679" CONTENT="s" HPOS="705" VPOS="1528" WIDTH="0" HEIGHT="63" GC="0.9999">
                                <Shape>
                                    <Polygon POINTS="705 1528 705 1591 705 1591 705 1528"/>
                                </Shape>
                            </Glyph>
                        </String>
                        <SP ID="segment_233" HPOS="759"  VPOS="1532" WIDTH="11"  HEIGHT="61"/>
                        <String ID="segment_234" CONTENT="pas," HPOS="782" VPOS="1530" WIDTH="125" HEIGHT="76" WC="0.8487">
                            <Shape>
                                <Polygon POINTS="782 1533 782 1589 907 1602 907 1539"/>
                            </Shape>
                            <Glyph ID="char_681" CONTENT="p" HPOS="782" VPOS="1533" WIDTH="0" HEIGHT="56" GC="0.4578">
                                <Shape>
                                    <Polygon POINTS="782 1533 782 1589 782 1589 782 1533"/>
                                </Shape>
                            </Glyph>
                            <Glyph ID="char_682" CONTENT="a" HPOS="836" VPOS="1531" WIDTH="0" HEIGHT="62" GC="0.9923">
                                <Shape>
                                    <Polygon POINTS="836 1531 836 1593 836 1593 836 1531"/>
                                </Shape>
                            </Glyph>
                            <Glyph ID="char_683" CONTENT="s" HPOS="872" VPOS="1530" WIDTH="5" HEIGHT="76" GC="0.9606">
                                <Shape>
                                    <Polygon POINTS="872 1530 872 1605 877 1606 877 1531"/>
                                </Shape>
                            </Glyph>
                            <Glyph ID="char_684" CONTENT="," HPOS="907" VPOS="1539" WIDTH="0" HEIGHT="63" GC="0.9842">
                                <Shape>
                                    <Polygon POINTS="907 1539 907 1602 907 1602 907 1539"/>
                                </Shape>
                            </Glyph>
                        </String>
                        <SP ID="segment_235" HPOS="937"  VPOS="1542" WIDTH="0"  HEIGHT="53"/>
                        <String ID="segment_236" CONTENT="具뵴upuisqu&#39;elles" HPOS="955" VPOS="1526" WIDTH="595" HEIGHT="79" WC="0.9657">
                            <Shape>
                                <Polygon POINTS="955 1538 955 1599 1550 1587 1548 1530"/>
                            </Shape>
                            <Glyph ID="char_686" CONTENT="具" HPOS="955" VPOS="1538" WIDTH="0" HEIGHT="61" GC="0.9952">
                                <Shape>
                                    <Polygon POINTS="955 1538 955 1599 955 1599 955 1538"/>
                                </Shape>
                            </Glyph>
                            <Glyph ID="char_687" CONTENT="q" HPOS="1080" VPOS="1536" WIDTH="0" HEIGHT="69" GC="0.9994">
                                <Shape>
                                    <Polygon POINTS="1080 1536 1080 1605 1080 1605 1080 1536"/>
                                </Shape>
                            </Glyph>
                            <Glyph ID="char_688" CONTENT="u" HPOS="1121" VPOS="1538" WIDTH="0" HEIGHT="66" GC="1.0">
                                <Shape>
                                    <Polygon POINTS="1121 1538 1121 1604 1121 1604 1121 1538"/>
                                </Shape>
                            </Glyph>
                            <Glyph ID="char_689" CONTENT="p" HPOS="1169" VPOS="1533" WIDTH="0" HEIGHT="70" GC="0.9996">
                                <Shape>
                                    <Polygon POINTS="1169 1533 1169 1603 1169 1603 1169 1533"/>
                                </Shape>
                            </Glyph>
                            <Glyph ID="char_690" CONTENT="u" HPOS="1222" VPOS="1526" WIDTH="0" HEIGHT="74" GC="0.9999">
                                <Shape>
                                    <Polygon POINTS="1222 1526 1222 1600 1222 1600 1222 1526"/>
                                </Shape>
                            </Glyph>
                            <Glyph ID="char_691" CONTENT="i" HPOS="1264" VPOS="1526" WIDTH="0" HEIGHT="73" GC="1.0">
                                <Shape>
                                    <Polygon POINTS="1264 1526 1264 1599 1264 1599 1264 1526"/>
                                </Shape>
                            </Glyph>
                            <Glyph ID="char_692" CONTENT="s" HPOS="1288" VPOS="1529" WIDTH="0" HEIGHT="72" GC="0.5526">
                                <Shape>
                                    <Polygon POINTS="1288 1529 1288 1601 1288 1601 1288 1529"/>
                                </Shape>
                            </Glyph>
                            <Glyph ID="char_693" CONTENT="q" HPOS="1323" VPOS="1533" WIDTH="0" HEIGHT="67" GC="0.9401">
                                <Shape>
                                    <Polygon POINTS="1323 1533 1323 1600 1323 1600 1323 1533"/>
                                </Shape>
                            </Glyph>
                            <Glyph ID="char_694" CONTENT="u" HPOS="1383" VPOS="1534" WIDTH="0" HEIGHT="65" GC="0.9999">
                                <Shape>
                                    <Polygon POINTS="1383 1534 1383 1599 1383 1599 1383 1534"/>
                                </Shape>
                            </Glyph>
                            <Glyph ID="char_695" CONTENT="&#39;" HPOS="1413" VPOS="1533" WIDTH="7" HEIGHT="66" GC="0.9995">
                                <Shape>
                                    <Polygon POINTS="1413 1533 1413 1599 1420 1597 1418 1533"/>
                                </Shape>
                            </Glyph>
                            <Glyph ID="char_696" CONTENT="e" HPOS="1429" VPOS="1532" WIDTH="2" HEIGHT="62" GC="1.0">
                                <Shape>
                                    <Polygon POINTS="1429 1532 1431 1594 1431 1594 1429 1532"/>
                                </Shape>
                            </Glyph>
                            <Glyph ID="char_697" CONTENT="l" HPOS="1465" VPOS="1531" WIDTH="2" HEIGHT="53" GC="0.9997">
                                <Shape>
                                    <Polygon POINTS="1465 1531 1467 1584 1467 1584 1465 1531"/>
                                </Shape>
                            </Glyph>
                            <Glyph ID="char_698" CONTENT="l" HPOS="1489" VPOS="1530" WIDTH="2" HEIGHT="51" GC="0.9999">
                                <Shape>
                                    <Polygon POINTS="1489 1530 1491 1581 1491 1581 1489 1530"/>
                                </Shape>
                            </Glyph>
                            <Glyph ID="char_699" CONTENT="e" HPOS="1519" VPOS="1528" WIDTH="2" HEIGHT="56" GC="1.0">
                                <Shape>
                                    <Polygon POINTS="1519 1528 1521 1584 1521 1584 1519 1528"/>
                                </Shape>
                            </Glyph>
                            <Glyph ID="char_700" CONTENT="s" HPOS="1542" VPOS="1529" WIDTH="8" HEIGHT="58" GC="0.9996">
                                <Shape>
                                    <Polygon POINTS="1542 1529 1544 1586 1550 1587 1548 1530"/>
                                </Shape>
                            </Glyph>
                        </String>
                        <SP ID="segment_237" HPOS="1584"  VPOS="1529" WIDTH="8"  HEIGHT="48"/>
                        <String ID="segment_238" CONTENT="perdent." HPOS="1608" VPOS="1504" WIDTH="299" HEIGHT="76" WC="0.9394">
                            <Shape>
                                <Polygon POINTS="1608 1524 1610 1580 1907 1573 1905 1504"/>
                            </Shape>
                            <Glyph ID="char_702" CONTENT="p" HPOS="1608" VPOS="1524" WIDTH="2" HEIGHT="56" GC="0.9987">
                                <Shape>
                                    <Polygon POINTS="1608 1524 1610 1580 1610 1580 1608 1524"/>
                                </Shape>
                            </Glyph>
                            <Glyph ID="char_703" CONTENT="e" HPOS="1655" VPOS="1511" WIDTH="2" HEIGHT="63" GC="0.8296">
                                <Shape>
                                    <Polygon POINTS="1655 1511 1657 1574 1657 1574 1655 1511"/>
                                </Shape>
                            </Glyph>
                            <Glyph ID="char_704" CONTENT="r" HPOS="1685" VPOS="1509" WIDTH="2" HEIGHT="62" GC="0.9884">
                                <Shape>
                                    <Polygon POINTS="1685 1509 1687 1571 1687 1571 1685 1509"/>
                                </Shape>
                            </Glyph>
                            <Glyph ID="char_705" CONTENT="d" HPOS="1721" VPOS="1508" WIDTH="2" HEIGHT="63" GC="0.9989">
                                <Shape>
                                    <Polygon POINTS="1721 1508 1723 1571 1723 1571 1721 1508"/>
                                </Shape>
                            </Glyph>
                            <Glyph ID="char_706" CONTENT="e" HPOS="1756" VPOS="1507" WIDTH="2" HEIGHT="65" GC="0.9983">
                                <Shape>
                                    <Polygon POINTS="1756 1507 1758 1572 1758 1572 1756 1507"/>
                                </Shape>
                            </Glyph>
                            <Glyph ID="char_707" CONTENT="n" HPOS="1804" VPOS="1518" WIDTH="2" HEIGHT="54" GC="0.9996">
                                <Shape>
                                    <Polygon POINTS="1804 1518 1806 1572 1806 1572 1804 1518"/>
                                </Shape>
                            </Glyph>
                            <Glyph ID="char_708" CONTENT="t" HPOS="1846" VPOS="1507" WIDTH="2" HEIGHT="65" GC="0.9971">
                                <Shape>
                                    <Polygon POINTS="1846 1507 1848 1572 1848 1572 1846 1507"/>
                                </Shape>
                            </Glyph>
                            <Glyph ID="char_709" CONTENT="." HPOS="1905" VPOS="1504" WIDTH="2" HEIGHT="69" GC="0.7049">
                                <Shape>
                                    <Polygon POINTS="1905 1504 1907 1573 1907 1573 1905 1504"/>
                                </Shape>
                            </Glyph>
                        </String>
                    </TextLine>

                    <TextLine ID="9d667fe6-2e5f-4cf8-98bb-af05b216b28e" HPOS="144.0" VPOS="1627.0" WIDTH="1813.0" HEIGHT="118.0" BASELINE="147.0 1734.0 500.0 1707.0 759.0 1702.0 1326.0 1703.0 1957.0 1685.0" TAGREFS="LINE_TYPE_1">
                        <Shape>
                            <Polygon POINTS="147.0 1734.0 147.0 1745.0 276.0 1735.0 296.0 1741.0 298.0 1741.0 299.0 1741.0 351.0 1728.0 472.0 1726.0 548.0 1737.0 550.0 1737.0 696.0 1722.0 773.0 1728.0 775.0 1728.0 776.0 1728.0 800.0 1719.0 1054.0 1721.0 1056.0 1721.0 1098.0 1712.0 1164.0 1723.0 1165.0 1723.0 1476.0 1718.0 1477.0 1718.0 1521.0 1704.0 1727.0 1712.0 1729.0 1712.0 1799.0 1696.0 1862.0 1707.0 1863.0 1707.0 1957.0 1706.0 1957.0 1685.0 1953.0 1643.0 1878.0 1643.0 1840.0 1627.0 1838.0 1627.0 1786.0 1627.0 1784.0 1627.0 1736.0 1628.0 1735.0 1628.0 1704.0 1645.0 1660.0 1630.0 1658.0 1630.0 1657.0 1630.0 1558.0 1643.0 1432.0 1636.0 1430.0 1636.0 1429.0 1636.0 1385.0 1656.0 1340.0 1658.0 1271.0 1658.0 1218.0 1640.0 1217.0 1640.0 1215.0 1640.0 1214.0 1640.0 1164.0 1658.0 1089.0 1662.0 1044.0 1656.0 1043.0 1656.0 986.0 1664.0 934.0 1655.0 933.0 1655.0 931.0 1655.0 890.0 1668.0 768.0 1669.0 664.0 1653.0 662.0 1653.0 561.0 1674.0 523.0 1665.0 522.0 1665.0 520.0 1665.0 419.0 1675.0 324.0 1662.0 323.0 1662.0 321.0 1662.0 291.0 1671.0 203.0 1664.0 201.0 1664.0 144.0 1671.0 147.0 1734.0"/>
                        </Shape>
                        <String ID="segment_239" CONTENT="vos" HPOS="167" VPOS="1665" WIDTH="88" HEIGHT="78" WC="0.9999">
                            <Shape>
                                <Polygon POINTS="167 1668 173 1743 255 1737 249 1668"/>
                            </Shape>
                            <Glyph ID="char_710" CONTENT="v" HPOS="167" VPOS="1668" WIDTH="6" HEIGHT="75" GC="1.0">
                                <Shape>
                                    <Polygon POINTS="167 1668 173 1743 173 1743 167 1668"/>
                                </Shape>
                            </Glyph>
                            <Glyph ID="char_711" CONTENT="o" HPOS="217" VPOS="1665" WIDTH="6" HEIGHT="74" GC="1.0">
                                <Shape>
                                    <Polygon POINTS="217 1665 223 1739 223 1739 217 1665"/>
                                </Shape>
                            </Glyph>
                            <Glyph ID="char_712" CONTENT="s" HPOS="249" VPOS="1668" WIDTH="6" HEIGHT="69" GC="0.9998">
                                <Shape>
                                    <Polygon POINTS="249 1668 255 1737 255 1737 249 1668"/>
                                </Shape>
                            </Glyph>
                        </String>
                        <SP ID="segment_240" HPOS="294"  VPOS="1668" WIDTH="11"  HEIGHT="73"/>
                        <String ID="segment_241" CONTENT="bonte패s" HPOS="311" VPOS="1665" WIDTH="211" HEIGHT="72" WC="0.9992">
                            <Shape>
                                <Polygon POINTS="311 1665 317 1737 522 1733 521 1665"/>
                            </Shape>
                            <Glyph ID="char_714" CONTENT="b" HPOS="311" VPOS="1665" WIDTH="6" HEIGHT="72" GC="1.0">
                                <Shape>
                                    <Polygon POINTS="311 1665 317 1737 317 1737 311 1665"/>
                                </Shape>
                            </Glyph>
                            <Glyph ID="char_715" CONTENT="o" HPOS="369" VPOS="1668" WIDTH="4" HEIGHT="60" GC="0.9998">
                                <Shape>
                                    <Polygon POINTS="369 1668 373 1728 373 1728 369 1668"/>
                                </Shape>
                            </Glyph>
                            <Glyph ID="char_716" CONTENT="n" HPOS="413" VPOS="1674" WIDTH="4" HEIGHT="53" GC="1.0">
                                <Shape>
                                    <Polygon POINTS="413 1674 417 1727 417 1727 413 1674"/>
                                </Shape>
                            </Glyph>
                            <Glyph ID="char_717" CONTENT="t" HPOS="450" VPOS="1672" WIDTH="4" HEIGHT="54" GC="1.0">
                                <Shape>
                                    <Polygon POINTS="450 1672 454 1726 454 1726 450 1672"/>
                                </Shape>
                            </Glyph>
                            <Glyph ID="char_718" CONTENT="e" HPOS="482" VPOS="1669" WIDTH="5" HEIGHT="59" GC="0.9979">
                                <Shape>
                                    <Polygon POINTS="482 1669 487 1728 487 1728 482 1669"/>
                                </Shape>
                            </Glyph>
                            <Glyph ID="char_719" CONTENT="패" HPOS="494" VPOS="1668" WIDTH="5" HEIGHT="62" GC="0.9969">
                                <Shape>
                                    <Polygon POINTS="494 1668 499 1730 499 1730 494 1668"/>
                                </Shape>
                            </Glyph>
                            <Glyph ID="char_720" CONTENT="s" HPOS="521" VPOS="1665" WIDTH="1" HEIGHT="68" GC="1.0">
                                <Shape>
                                    <Polygon POINTS="521 1665 522 1733 522 1733 521 1665"/>
                                </Shape>
                            </Glyph>
                        </String>
                        <SP ID="segment_242" HPOS="572"  VPOS="1670" WIDTH="8"  HEIGHT="65"/>
                        <String ID="segment_243" CONTENT="que" HPOS="597" VPOS="1654" WIDTH="107" HEIGHT="78" WC="0.999">
                            <Shape>
                                <Polygon POINTS="597 1666 598 1732 704 1723 703 1659"/>
                            </Shape>
                            <Glyph ID="char_722" CONTENT="q" HPOS="597" VPOS="1666" WIDTH="1" HEIGHT="66" GC="0.9971">
                                <Shape>
                                    <Polygon POINTS="597 1666 598 1732 598 1732 597 1666"/>
                                </Shape>
                            </Glyph>
                            <Glyph ID="char_723" CONTENT="u" HPOS="659" VPOS="1654" WIDTH="1" HEIGHT="72" GC="1.0">
                                <Shape>
                                    <Polygon POINTS="659 1654 660 1726 660 1726 659 1654"/>
                                </Shape>
                            </Glyph>
                            <Glyph ID="char_724" CONTENT="e" HPOS="703" VPOS="1659" WIDTH="1" HEIGHT="64" GC="0.9999">
                                <Shape>
                                    <Polygon POINTS="703 1659 704 1723 704 1723 703 1659"/>
                                </Shape>
                            </Glyph>
                        </String>
                        <SP ID="segment_244" HPOS="761"  VPOS="1668" WIDTH="6"  HEIGHT="60"/>
                        <String ID="segment_245" CONTENT="je" HPOS="780" VPOS="1669" WIDTH="37" HEIGHT="58" WC="0.9996">
                            <Shape>
                                <Polygon POINTS="780 1669 780 1727 817 1719 817 1669"/>
                            </Shape>
                            <Glyph ID="char_726" CONTENT="j" HPOS="780" VPOS="1669" WIDTH="0" HEIGHT="58" GC="1.0">
                                <Shape>
                                    <Polygon POINTS="780 1669 780 1727 780 1727 780 1669"/>
                                </Shape>
                            </Glyph>
                            <Glyph ID="char_727" CONTENT="e" HPOS="817" VPOS="1669" WIDTH="0" HEIGHT="50" GC="0.9992">
                                <Shape>
                                    <Polygon POINTS="817 1669 817 1719 817 1719 817 1669"/>
                                </Shape>
                            </Glyph>
                        </String>
                        <SP ID="segment_246" HPOS="874"  VPOS="1668" WIDTH="6"  HEIGHT="52"/>
                        <String ID="segment_247" CONTENT="prise" HPOS="899" VPOS="1657" WIDTH="138" HEIGHT="64" WC="0.9999">
                            <Shape>
                                <Polygon POINTS="899 1665 899 1720 1037 1721 1037 1657"/>
                            </Shape>
                            <Glyph ID="char_729" CONTENT="p" HPOS="899" VPOS="1665" WIDTH="0" HEIGHT="55" GC="0.9998">
                                <Shape>
                                    <Polygon POINTS="899 1665 899 1720 899 1720 899 1665"/>
                                </Shape>
                            </Glyph>
                            <Glyph ID="char_730" CONTENT="r" HPOS="943" VPOS="1657" WIDTH="0" HEIGHT="63" GC="1.0">
                                <Shape>
                                    <Polygon POINTS="943 1657 943 1720 943 1720 943 1657"/>
                                </Shape>
                            </Glyph>
                            <Glyph ID="char_731" CONTENT="i" HPOS="968" VPOS="1661" WIDTH="0" HEIGHT="59" GC="1.0">
                                <Shape>
                                    <Polygon POINTS="968 1661 968 1720 968 1720 968 1661"/>
                                </Shape>
                            </Glyph>
                            <Glyph ID="char_732" CONTENT="s" HPOS="999" VPOS="1662" WIDTH="0" HEIGHT="59" GC="1.0">
                                <Shape>
                                    <Polygon POINTS="999 1662 999 1721 999 1721 999 1662"/>
                                </Shape>
                            </Glyph>
                            <Glyph ID="char_733" CONTENT="e" HPOS="1037" VPOS="1657" WIDTH="0" HEIGHT="64" GC="1.0">
                                <Shape>
                                    <Polygon POINTS="1037 1657 1037 1721 1037 1721 1037 1657"/>
                                </Shape>
                            </Glyph>
                        </String>
                        <SP ID="segment_248" HPOS="1100"  VPOS="1661" WIDTH="6"  HEIGHT="52"/>
                        <String ID="segment_249" CONTENT="plusque" HPOS="1118" VPOS="1641" WIDTH="245" HEIGHT="82" WC="0.9969">
                            <Shape>
                                <Polygon POINTS="1118 1660 1118 1715 1363 1720 1362 1657"/>
                            </Shape>
                            <Glyph ID="char_735" CONTENT="p" HPOS="1118" VPOS="1660" WIDTH="0" HEIGHT="55" GC="1.0">
                                <Shape>
                                    <Polygon POINTS="1118 1660 1118 1715 1118 1715 1118 1660"/>
                                </Shape>
                            </Glyph>
                            <Glyph ID="char_736" CONTENT="l" HPOS="1175" VPOS="1654" WIDTH="0" HEIGHT="69" GC="0.9805">
                                <Shape>
                                    <Polygon POINTS="1175 1654 1175 1723 1175 1723 1175 1654"/>
                                </Shape>
                            </Glyph>
                            <Glyph ID="char_737" CONTENT="u" HPOS="1212" VPOS="1641" WIDTH="0" HEIGHT="81" GC="1.0">
                                <Shape>
                                    <Polygon POINTS="1212 1641 1212 1722 1212 1722 1212 1641"/>
                                </Shape>
                            </Glyph>
                            <Glyph ID="char_738" CONTENT="s" HPOS="1244" VPOS="1649" WIDTH="0" HEIGHT="73" GC="1.0">
                                <Shape>
                                    <Polygon POINTS="1244 1649 1244 1722 1244 1722 1244 1649"/>
                                </Shape>
                            </Glyph>
                            <Glyph ID="char_739" CONTENT="q" HPOS="1281" VPOS="1658" WIDTH="0" HEIGHT="63" GC="1.0">
                                <Shape>
                                    <Polygon POINTS="1281 1658 1281 1721 1281 1721 1281 1658"/>
                                </Shape>
                            </Glyph>
                            <Glyph ID="char_740" CONTENT="u" HPOS="1331" VPOS="1658" WIDTH="1" HEIGHT="62" GC="1.0">
                                <Shape>
                                    <Polygon POINTS="1331 1658 1332 1720 1332 1720 1331 1658"/>
                                </Shape>
                            </Glyph>
                            <Glyph ID="char_741" CONTENT="e" HPOS="1362" VPOS="1657" WIDTH="1" HEIGHT="63" GC="0.9982">
                                <Shape>
                                    <Polygon POINTS="1362 1657 1363 1720 1363 1720 1362 1657"/>
                                </Shape>
                            </Glyph>
                        </String>
                        <SP ID="segment_250" HPOS="1405"  VPOS="1644" WIDTH="8"  HEIGHT="75"/>
                        <String ID="segment_251" CONTENT="tous" HPOS="1430" VPOS="1636" WIDTH="115" HEIGHT="83" WC="0.861">
                            <Shape>
                                <Polygon POINTS="1430 1636 1432 1719 1545 1705 1543 1642"/>
                            </Shape>
                            <Glyph ID="char_743" CONTENT="t" HPOS="1430" VPOS="1636" WIDTH="2" HEIGHT="83" GC="0.9997">
                                <Shape>
                                    <Polygon POINTS="1430 1636 1432 1719 1432 1719 1430 1636"/>
                                </Shape>
                            </Glyph>
                            <Glyph ID="char_744" CONTENT="o" HPOS="1455" VPOS="1637" WIDTH="2" HEIGHT="81" GC="0.999">
                                <Shape>
                                    <Polygon POINTS="1455 1637 1457 1718 1457 1718 1455 1637"/>
                                </Shape>
                            </Glyph>
                            <Glyph ID="char_745" CONTENT="u" HPOS="1505" VPOS="1640" WIDTH="2" HEIGHT="68" GC="0.9786">
                                <Shape>
                                    <Polygon POINTS="1505 1640 1507 1708 1507 1708 1505 1640"/>
                                </Shape>
                            </Glyph>
                            <Glyph ID="char_746" CONTENT="s" HPOS="1543" VPOS="1642" WIDTH="2" HEIGHT="63" GC="0.4668">
                                <Shape>
                                    <Polygon POINTS="1543 1642 1545 1705 1545 1705 1543 1642"/>
                                </Shape>
                            </Glyph>
                        </String>
                        <SP ID="segment_252" HPOS="1574"  VPOS="1640" WIDTH="9"  HEIGHT="66"/>
                        <String ID="segment_253" CONTENT="les" HPOS="1593" VPOS="1631" WIDTH="71" HEIGHT="79" WC="0.8471">
                            <Shape>
                                <Polygon POINTS="1593 1638 1595 1707 1664 1710 1662 1631"/>
                            </Shape>
                            <Glyph ID="char_748" CONTENT="l" HPOS="1593" VPOS="1638" WIDTH="2" HEIGHT="69" GC="0.5421">
                                <Shape>
                                    <Polygon POINTS="1593 1638 1595 1707 1595 1707 1593 1638"/>
                                </Shape>
                            </Glyph>
                            <Glyph ID="char_749" CONTENT="e" HPOS="1625" VPOS="1634" WIDTH="2" HEIGHT="74" GC="0.9994">
                                <Shape>
                                    <Polygon POINTS="1625 1634 1627 1708 1627 1708 1625 1634"/>
                                </Shape>
                            </Glyph>
                            <Glyph ID="char_750" CONTENT="s" HPOS="1662" VPOS="1631" WIDTH="2" HEIGHT="79" GC="0.9999">
                                <Shape>
                                    <Polygon POINTS="1662 1631 1664 1710 1664 1710 1662 1631"/>
                                </Shape>
                            </Glyph>
                        </String>
                        <SP ID="segment_254" HPOS="1687"  VPOS="1639" WIDTH="9"  HEIGHT="72"/>
                        <String ID="segment_255" CONTENT="e패tablessemet" HPOS="1706" VPOS="1627" WIDTH="251" HEIGHT="85" WC="0.9198">
                            <Shape>
                                <Polygon POINTS="1706 1644 1708 1711 1957 1685 1957 1685"/>
                            </Shape>
                            <Glyph ID="char_752" CONTENT="e" HPOS="1706" VPOS="1644" WIDTH="2" HEIGHT="67" GC="0.9999">
                                <Shape>
                                    <Polygon POINTS="1706 1644 1708 1711 1708 1711 1706 1644"/>
                                </Shape>
                            </Glyph>
                            <Glyph ID="char_753" CONTENT="패" HPOS="1712" VPOS="1637" WIDTH="9" HEIGHT="75" GC="0.9988">
                                <Shape>
                                    <Polygon POINTS="1712 1640 1714 1712 1721 1712 1719 1637"/>
                                </Shape>
                            </Glyph>
                            <Glyph ID="char_754" CONTENT="t" HPOS="1731" VPOS="1630" WIDTH="2" HEIGHT="81" GC="0.4216">
                                <Shape>
                                    <Polygon POINTS="1731 1630 1733 1711 1733 1711 1731 1630"/>
                                </Shape>
                            </Glyph>
                            <Glyph ID="char_755" CONTENT="a" HPOS="1756" VPOS="1628" WIDTH="2" HEIGHT="77" GC="0.9995">
                                <Shape>
                                    <Polygon POINTS="1756 1628 1758 1705 1758 1705 1756 1628"/>
                                </Shape>
                            </Glyph>
                            <Glyph ID="char_756" CONTENT="b" HPOS="1781" VPOS="1627" WIDTH="2" HEIGHT="73" GC="0.9972">
                                <Shape>
                                    <Polygon POINTS="1781 1627 1783 1700 1783 1700 1781 1627"/>
                                </Shape>
                            </Glyph>
                            <Glyph ID="char_757" CONTENT="l" HPOS="1813" VPOS="1627" WIDTH="2" HEIGHT="72" GC="0.9996">
                                <Shape>
                                    <Polygon POINTS="1813 1627 1815 1699 1815 1699 1813 1627"/>
                                </Shape>
                            </Glyph>
                            <Glyph ID="char_758" CONTENT="e" HPOS="1832" VPOS="1627" WIDTH="2" HEIGHT="75" GC="0.9993">
                                <Shape>
                                    <Polygon POINTS="1832 1627 1834 1702 1834 1702 1832 1627"/>
                                </Shape>
                            </Glyph>
                            <Glyph ID="char_759" CONTENT="s" HPOS="1857" VPOS="1634" WIDTH="2" HEIGHT="73" GC="0.9973">
                                <Shape>
                                    <Polygon POINTS="1857 1634 1859 1707 1859 1707 1857 1634"/>
                                </Shape>
                            </Glyph>
                            <Glyph ID="char_760" CONTENT="s" HPOS="1869" VPOS="1639" WIDTH="8" HEIGHT="68" GC="0.9986">
                                <Shape>
                                    <Polygon POINTS="1869 1639 1871 1707 1877 1707 1875 1642"/>
                                </Shape>
                            </Glyph>
                            <Glyph ID="char_761" CONTENT="e" HPOS="1888" VPOS="1643" WIDTH="2" HEIGHT="64" GC="0.8788">
                                <Shape>
                                    <Polygon POINTS="1888 1643 1890 1707 1890 1707 1888 1643"/>
                                </Shape>
                            </Glyph>
                            <Glyph ID="char_762" CONTENT="m" HPOS="1913" VPOS="1643" WIDTH="2" HEIGHT="63" GC="0.7876">
                                <Shape>
                                    <Polygon POINTS="1913 1643 1915 1706 1915 1706 1913 1643"/>
                                </Shape>
                            </Glyph>
                            <Glyph ID="char_763" CONTENT="e" HPOS="1944" VPOS="1643" WIDTH="2" HEIGHT="63" GC="0.9919">
                                <Shape>
                                    <Polygon POINTS="1944 1643 1946 1706 1946 1706 1944 1643"/>
                                </Shape>
                            </Glyph>
                            <Glyph ID="char_764" CONTENT="t" HPOS="1951" VPOS="1643" WIDTH="6" HEIGHT="63" GC="0.8872">
                                <Shape>
                                    <Polygon POINTS="1951 1643 1953 1706 1957 1685 1957 1685"/>
                                </Shape>
                            </Glyph>
                        </String>
                    </TextLine>

                    <TextLine ID="60b0b3ac-3fc2-44c2-a82d-f690c9fd609a" HPOS="157.0" VPOS="1776.0" WIDTH="1147.0" HEIGHT="98.0" BASELINE="159.0 1859.0 473.0 1840.0 1304.0 1829.0" TAGREFS="LINE_TYPE_1">
                        <Shape>
                            <Polygon POINTS="159.0 1859.0 159.0 1874.0 288.0 1874.0 288.0 1873.0 289.0 1873.0 313.0 1861.0 359.0 1865.0 361.0 1865.0 362.0 1865.0 383.0 1855.0 434.0 1855.0 457.0 1867.0 459.0 1867.0 460.0 1867.0 548.0 1851.0 713.0 1849.0 730.0 1858.0 731.0 1858.0 732.0 1858.0 734.0 1858.0 735.0 1858.0 737.0 1858.0 737.0 1857.0 749.0 1848.0 820.0 1848.0 847.0 1861.0 848.0 1861.0 849.0 1861.0 851.0 1861.0 901.0 1848.0 947.0 1859.0 949.0 1859.0 950.0 1859.0 1000.0 1848.0 1037.0 1857.0 1038.0 1857.0 1040.0 1857.0 1187.0 1855.0 1189.0 1855.0 1227.0 1838.0 1304.0 1836.0 1304.0 1829.0 1300.0 1792.0 1243.0 1797.0 1174.0 1778.0 1173.0 1778.0 1171.0 1778.0 1170.0 1778.0 1108.0 1798.0 1094.0 1791.0 1092.0 1791.0 1091.0 1791.0 1089.0 1791.0 1070.0 1795.0 1041.0 1779.0 1040.0 1779.0 981.0 1776.0 980.0 1776.0 978.0 1776.0 977.0 1776.0 962.0 1785.0 909.0 1780.0 908.0 1780.0 907.0 1780.0 905.0 1780.0 874.0 1804.0 832.0 1795.0 830.0 1795.0 829.0 1795.0 788.0 1805.0 750.0 1789.0 749.0 1789.0 712.0 1789.0 710.0 1789.0 709.0 1789.0 671.0 1808.0 636.0 1808.0 612.0 1797.0 611.0 1797.0 610.0 1797.0 608.0 1797.0 607.0 1797.0 607.0 1798.0 592.0 1811.0 536.0 1811.0 503.0 1786.0 501.0 1786.0 500.0 1786.0 498.0 1786.0 377.0 1788.0 375.0 1788.0 326.0 1810.0 292.0 1801.0 291.0 1801.0 289.0 1801.0 288.0 1801.0 228.0 1817.0 157.0 1817.0 159.0 1859.0"/>
                        </Shape>
                        <String ID="segment_256" CONTENT="possibles." HPOS="190" VPOS="1786" WIDTH="342" HEIGHT="88" WC="0.9856">
                            <Shape>
                                <Polygon POINTS="190 1817 193 1874 532 1854 531 1807"/>
                            </Shape>
                            <Glyph ID="char_765" CONTENT="p" HPOS="190" VPOS="1817" WIDTH="3" HEIGHT="57" GC="0.9999">
                                <Shape>
                                    <Polygon POINTS="190 1817 193 1874 193 1874 190 1817"/>
                                </Shape>
                            </Glyph>
                            <Glyph ID="char_766" CONTENT="o" HPOS="244" VPOS="1813" WIDTH="4" HEIGHT="61" GC="1.0">
                                <Shape>
                                    <Polygon POINTS="244 1813 248 1874 248 1874 244 1813"/>
                                </Shape>
                            </Glyph>
                            <Glyph ID="char_767" CONTENT="s" HPOS="282" VPOS="1803" WIDTH="4" HEIGHT="71" GC="0.9992">
                                <Shape>
                                    <Polygon POINTS="282 1803 286 1874 286 1874 282 1803"/>
                                </Shape>
                            </Glyph>
                            <Glyph ID="char_768" CONTENT="s" HPOS="310" VPOS="1806" WIDTH="3" HEIGHT="55" GC="0.8604">
                                <Shape>
                                    <Polygon POINTS="310 1806 313 1861 313 1861 310 1806"/>
                                </Shape>
                            </Glyph>
                            <Glyph ID="char_769" CONTENT="i" HPOS="337" VPOS="1805" WIDTH="4" HEIGHT="58" GC="0.9995">
                                <Shape>
                                    <Polygon POINTS="337 1805 341 1863 341 1863 337 1805"/>
                                </Shape>
                            </Glyph>
                            <Glyph ID="char_770" CONTENT="b" HPOS="375" VPOS="1788" WIDTH="4" HEIGHT="69" GC="0.9999">
                                <Shape>
                                    <Polygon POINTS="375 1788 379 1857 379 1857 375 1788"/>
                                </Shape>
                            </Glyph>
                            <Glyph ID="char_771" CONTENT="l" HPOS="429" VPOS="1787" WIDTH="4" HEIGHT="68" GC="0.9977">
                                <Shape>
                                    <Polygon POINTS="429 1787 433 1855 433 1855 429 1787"/>
                                </Shape>
                            </Glyph>
                            <Glyph ID="char_772" CONTENT="e" HPOS="457" VPOS="1787" WIDTH="5" HEIGHT="80" GC="1.0">
                                <Shape>
                                    <Polygon POINTS="457 1787 462 1867 462 1867 457 1787"/>
                                </Shape>
                            </Glyph>
                            <Glyph ID="char_773" CONTENT="s" HPOS="498" VPOS="1786" WIDTH="1" HEIGHT="74" GC="1.0">
                                <Shape>
                                    <Polygon POINTS="498 1786 499 1860 499 1860 498 1786"/>
                                </Shape>
                            </Glyph>
                            <Glyph ID="char_774" CONTENT="." HPOS="531" VPOS="1807" WIDTH="1" HEIGHT="47" GC="0.9999">
                                <Shape>
                                    <Polygon POINTS="531 1807 532 1854 532 1854 531 1807"/>
                                </Shape>
                            </Glyph>
                        </String>
                        <SP ID="segment_257" HPOS="592"  VPOS="1807" WIDTH="6"  HEIGHT="43"/>
                        <String ID="segment_258" CONTENT="j&#39;ai" HPOS="614" VPOS="1789" WIDTH="127" HEIGHT="65" WC="0.9997">
                            <Shape>
                                <Polygon POINTS="614 1798 615 1850 741 1854 740 1789"/>
                            </Shape>
                            <Glyph ID="char_776" CONTENT="j" HPOS="614" VPOS="1798" WIDTH="1" HEIGHT="52" GC="1.0">
                                <Shape>
                                    <Polygon POINTS="614 1798 615 1850 615 1850 614 1798"/>
                                </Shape>
                            </Glyph>
                            <Glyph ID="char_777" CONTENT="&#39;" HPOS="663" VPOS="1808" WIDTH="1" HEIGHT="42" GC="0.9988">
                                <Shape>
                                    <Polygon POINTS="663 1808 664 1850 664 1850 663 1808"/>
                                </Shape>
                            </Glyph>
                            <Glyph ID="char_778" CONTENT="a" HPOS="685" VPOS="1801" WIDTH="1" HEIGHT="48" GC="0.9999">
                                <Shape>
                                    <Polygon POINTS="685 1801 686 1849 686 1849 685 1801"/>
                                </Shape>
                            </Glyph>
                            <Glyph ID="char_779" CONTENT="i" HPOS="740" VPOS="1789" WIDTH="1" HEIGHT="65" GC="1.0">
                                <Shape>
                                    <Polygon POINTS="740 1789 741 1854 741 1854 740 1789"/>
                                </Shape>
                            </Glyph>
                        </String>
                        <SP ID="segment_259" HPOS="795"  VPOS="1802" WIDTH="6"  HEIGHT="46"/>
                        <String ID="segment_260" CONTENT="Lhonne패ier" HPOS="811" VPOS="1776" WIDTH="407" HEIGHT="81" WC="0.9899">
                            <Shape>
                                <Polygon POINTS="811 1799 812 1848 1218 1842 1217 1790"/>
                            </Shape>
                            <Glyph ID="char_781" CONTENT="L" HPOS="811" VPOS="1799" WIDTH="1" HEIGHT="49" GC="0.9766">
                                <Shape>
                                    <Polygon POINTS="811 1799 812 1848 812 1848 811 1799"/>
                                </Shape>
                            </Glyph>
                            <Glyph ID="char_782" CONTENT="h" HPOS="926" VPOS="1782" WIDTH="1" HEIGHT="72" GC="0.9999">
                                <Shape>
                                    <Polygon POINTS="926 1782 927 1854 927 1854 926 1782"/>
                                </Shape>
                            </Glyph>
                            <Glyph ID="char_783" CONTENT="o" HPOS="981" VPOS="1776" WIDTH="1" HEIGHT="76" GC="0.9998">
                                <Shape>
                                    <Polygon POINTS="981 1776 982 1852 982 1852 981 1776"/>
                                </Shape>
                            </Glyph>
                            <Glyph ID="char_784" CONTENT="n" HPOS="1036" VPOS="1779" WIDTH="1" HEIGHT="78" GC="0.9991">
                                <Shape>
                                    <Polygon POINTS="1036 1779 1037 1857 1037 1857 1036 1779"/>
                                </Shape>
                            </Glyph>
                            <Glyph ID="char_785" CONTENT="n" HPOS="1080" VPOS="1793" WIDTH="1" HEIGHT="63" GC="1.0">
                                <Shape>
                                    <Polygon POINTS="1080 1793 1081 1856 1081 1856 1080 1793"/>
                                </Shape>
                            </Glyph>
                            <Glyph ID="char_786" CONTENT="e" HPOS="1140" VPOS="1788" WIDTH="1" HEIGHT="68" GC="0.9931">
                                <Shape>
                                    <Polygon POINTS="1140 1788 1141 1856 1141 1856 1140 1788"/>
                                </Shape>
                            </Glyph>
                            <Glyph ID="char_787" CONTENT="패" HPOS="1146" VPOS="1786" WIDTH="1" HEIGHT="70" GC="0.9961">
                                <Shape>
                                    <Polygon POINTS="1146 1786 1147 1856 1147 1856 1146 1786"/>
                                </Shape>
                            </Glyph>
                            <Glyph ID="char_788" CONTENT="i" HPOS="1162" VPOS="1781" WIDTH="1" HEIGHT="74" GC="0.9978">
                                <Shape>
                                    <Polygon POINTS="1162 1781 1163 1855 1163 1855 1162 1781"/>
                                </Shape>
                            </Glyph>
                            <Glyph ID="char_789" CONTENT="e" HPOS="1179" VPOS="1779" WIDTH="6" HEIGHT="76" GC="0.9444">
                                <Shape>
                                    <Polygon POINTS="1179 1779 1180 1855 1185 1855 1184 1781"/>
                                </Shape>
                            </Glyph>
                            <Glyph ID="char_790" CONTENT="r" HPOS="1217" VPOS="1790" WIDTH="1" HEIGHT="52" GC="0.9925">
                                <Shape>
                                    <Polygon POINTS="1217 1790 1218 1842 1218 1842 1217 1790"/>
                                </Shape>
                            </Glyph>
                        </String>
                    </TextLine>

                    <TextLine ID="0618cb86-ba3e-4549-b733-83b4c918992a" HPOS="168.0" VPOS="1922.0" WIDTH="1783.0" HEIGHT="116.0" BASELINE="169.0 2032.0 503.0 2006.0 1388.0 1995.0 1653.0 1982.0 1951.0 1978.0" TAGREFS="LINE_TYPE_1">
                        <Shape>
                            <Polygon POINTS="169.0 2032.0 169.0 2038.0 397.0 2033.0 399.0 2033.0 452.0 2017.0 580.0 2014.0 934.0 2010.0 983.0 2019.0 984.0 2019.0 1122.0 2006.0 1157.0 2017.0 1158.0 2017.0 1160.0 2017.0 1212.0 2010.0 1255.0 2016.0 1256.0 2016.0 1432.0 2012.0 1433.0 2012.0 1470.0 2001.0 1591.0 2003.0 1593.0 2003.0 1594.0 2003.0 1613.0 1994.0 1699.0 2003.0 1701.0 2003.0 1780.0 1994.0 1822.0 2003.0 1824.0 2003.0 1951.0 1985.0 1951.0 1978.0 1947.0 1933.0 1773.0 1952.0 1617.0 1922.0 1616.0 1922.0 1256.0 1930.0 1107.0 1959.0 918.0 1937.0 917.0 1937.0 915.0 1937.0 816.0 1965.0 709.0 1975.0 452.0 1965.0 450.0 1965.0 378.0 1982.0 168.0 1987.0 169.0 2032.0"/>
                        </Shape>
                        <String ID="segment_261" CONTENT="Receves" HPOS="191" VPOS="1965" WIDTH="298" HEIGHT="72" WC="0.989">
                            <Shape>
                                <Polygon POINTS="191 1986 194 2037 489 2016 485 1966"/>
                            </Shape>
                            <Glyph ID="char_791" CONTENT="R" HPOS="191" VPOS="1986" WIDTH="3" HEIGHT="51" GC="0.9995">
                                <Shape>
                                    <Polygon POINTS="191 1986 194 2037 194 2037 191 1986"/>
                                </Shape>
                            </Glyph>
                            <Glyph ID="char_792" CONTENT="e" HPOS="301" VPOS="1984" WIDTH="4" HEIGHT="51" GC="0.9244">
                                <Shape>
                                    <Polygon POINTS="301 1984 305 2035 305 2035 301 1984"/>
                                </Shape>
                            </Glyph>
                            <Glyph ID="char_793" CONTENT="c" HPOS="338" VPOS="1983" WIDTH="4" HEIGHT="51" GC="0.9992">
                                <Shape>
                                    <Polygon POINTS="338 1983 342 2034 342 2034 338 1983"/>
                                </Shape>
                            </Glyph>
                            <Glyph ID="char_794" CONTENT="e" HPOS="375" VPOS="1982" WIDTH="4" HEIGHT="51" GC="0.9997">
                                <Shape>
                                    <Polygon POINTS="375 1982 379 2033 379 2033 375 1982"/>
                                </Shape>
                            </Glyph>
                            <Glyph ID="char_795" CONTENT="v" HPOS="411" VPOS="1974" WIDTH="4" HEIGHT="54" GC="1.0">
                                <Shape>
                                    <Polygon POINTS="411 1974 415 2028 415 2028 411 1974"/>
                                </Shape>
                            </Glyph>
                            <Glyph ID="char_796" CONTENT="e" HPOS="460" VPOS="1965" WIDTH="4" HEIGHT="52" GC="0.9999">
                                <Shape>
                                    <Polygon POINTS="460 1965 464 2017 464 2017 460 1965"/>
                                </Shape>
                            </Glyph>
                            <Glyph ID="char_797" CONTENT="s" HPOS="485" VPOS="1966" WIDTH="4" HEIGHT="50" GC="1.0">
                                <Shape>
                                    <Polygon POINTS="485 1966 489 2016 489 2016 485 1966"/>
                                </Shape>
                            </Glyph>
                        </String>
                        <SP ID="segment_262" HPOS="525"  VPOS="1968" WIDTH="6"  HEIGHT="47"/>
                        <String ID="segment_263" CONTENT="Mr" HPOS="543" VPOS="1969" WIDTH="142" HEIGHT="46" WC="1.0">
                            <Shape>
                                <Polygon POINTS="543 1969 543 2015 685 2013 685 1974"/>
                            </Shape>
                            <Glyph ID="char_799" CONTENT="M" HPOS="543" VPOS="1969" WIDTH="0" HEIGHT="46" GC="1.0">
                                <Shape>
                                    <Polygon POINTS="543 1969 543 2015 543 2015 543 1969"/>
                                </Shape>
                            </Glyph>
                            <Glyph ID="char_800" CONTENT="r" HPOS="685" VPOS="1974" WIDTH="0" HEIGHT="39" GC="1.0">
                                <Shape>
                                    <Polygon POINTS="685 1974 685 2013 685 2013 685 1974"/>
                                </Shape>
                            </Glyph>
                        </String>
                        <SP ID="segment_264" HPOS="722"  VPOS="1973" WIDTH="6"  HEIGHT="39"/>
                        <String ID="segment_265" CONTENT="Les" HPOS="740" VPOS="1961" WIDTH="92" HEIGHT="51" WC="0.9998">
                            <Shape>
                                <Polygon POINTS="740 1972 740 2012 832 2011 831 1961"/>
                            </Shape>
                            <Glyph ID="char_802" CONTENT="L" HPOS="740" VPOS="1972" WIDTH="0" HEIGHT="40" GC="0.9996">
                                <Shape>
                                    <Polygon POINTS="740 1972 740 2012 740 2012 740 1972"/>
                                </Shape>
                            </Glyph>
                            <Glyph ID="char_803" CONTENT="e" HPOS="802" VPOS="1966" WIDTH="0" HEIGHT="45" GC="1.0">
                                <Shape>
                                    <Polygon POINTS="802 1966 802 2011 802 2011 802 1966"/>
                                </Shape>
                            </Glyph>
                            <Glyph ID="char_804" CONTENT="s" HPOS="831" VPOS="1961" WIDTH="1" HEIGHT="50" GC="0.9999">
                                <Shape>
                                    <Polygon POINTS="831 1961 832 2011 832 2011 831 1961"/>
                                </Shape>
                            </Glyph>
                        </String>
                        <SP ID="segment_266" HPOS="874"  VPOS="1947" WIDTH="8"  HEIGHT="64"/>
                        <String ID="segment_267" CONTENT="homages" HPOS="899" VPOS="1941" WIDTH="290" HEIGHT="76" WC="0.932">
                            <Shape>
                                <Polygon POINTS="899 1941 900 2010 1189 2013 1188 1943"/>
                            </Shape>
                            <Glyph ID="char_806" CONTENT="h" HPOS="899" VPOS="1941" WIDTH="1" HEIGHT="69" GC="1.0">
                                <Shape>
                                    <Polygon POINTS="899 1941 900 2010 900 2010 899 1941"/>
                                </Shape>
                            </Glyph>
                            <Glyph ID="char_807" CONTENT="o" HPOS="954" VPOS="1941" WIDTH="1" HEIGHT="73" GC="1.0">
                                <Shape>
                                    <Polygon POINTS="954 1941 955 2014 955 2014 954 1941"/>
                                </Shape>
                            </Glyph>
                            <Glyph ID="char_808" CONTENT="m" HPOS="1016" VPOS="1948" WIDTH="1" HEIGHT="68" GC="0.9938">
                                <Shape>
                                    <Polygon POINTS="1016 1948 1017 2016 1017 2016 1016 1948"/>
                                </Shape>
                            </Glyph>
                            <Glyph ID="char_809" CONTENT="a" HPOS="1071" VPOS="1955" WIDTH="1" HEIGHT="56" GC="0.9356">
                                <Shape>
                                    <Polygon POINTS="1071 1955 1072 2011 1072 2011 1071 1955"/>
                                </Shape>
                            </Glyph>
                            <Glyph ID="char_810" CONTENT="g" HPOS="1114" VPOS="1958" WIDTH="1" HEIGHT="49" GC="0.764">
                                <Shape>
                                    <Polygon POINTS="1114 1958 1115 2007 1115 2007 1114 1958"/>
                                </Shape>
                            </Glyph>
                            <Glyph ID="char_811" CONTENT="e" HPOS="1157" VPOS="1949" WIDTH="1" HEIGHT="68" GC="0.8321">
                                <Shape>
                                    <Polygon POINTS="1157 1949 1158 2017 1158 2017 1157 1949"/>
                                </Shape>
                            </Glyph>
                            <Glyph ID="char_812" CONTENT="s" HPOS="1188" VPOS="1943" WIDTH="1" HEIGHT="70" GC="0.9987">
                                <Shape>
                                    <Polygon POINTS="1188 1943 1189 2013 1189 2013 1188 1943"/>
                                </Shape>
                            </Glyph>
                        </String>
                        <SP ID="segment_268" HPOS="1231"  VPOS="1934" WIDTH="7"  HEIGHT="80"/>
                        <String ID="segment_269" CONTENT="et" HPOS="1250" VPOS="1929" WIDTH="44" HEIGHT="86" WC="1.0">
                            <Shape>
                                <Polygon POINTS="1250 1931 1251 2015 1294 2015 1293 1929"/>
                            </Shape>
                            <Glyph ID="char_814" CONTENT="e" HPOS="1250" VPOS="1931" WIDTH="1" HEIGHT="84" GC="1.0">
                                <Shape>
                                    <Polygon POINTS="1250 1931 1251 2015 1251 2015 1250 1931"/>
                                </Shape>
                            </Glyph>
                            <Glyph ID="char_815" CONTENT="t" HPOS="1293" VPOS="1929" WIDTH="1" HEIGHT="86" GC="1.0">
                                <Shape>
                                    <Polygon POINTS="1293 1929 1294 2015 1294 2015 1293 1929"/>
                                </Shape>
                            </Glyph>
                        </String>
                        <SP ID="segment_270" HPOS="1342"  VPOS="1928" WIDTH="7"  HEIGHT="86"/>
                        <String ID="segment_271" CONTENT="Complemens" HPOS="1354" VPOS="1922" WIDTH="395" HEIGHT="92" WC="0.9921">
                            <Shape>
                                <Polygon POINTS="1354 1928 1355 2014 1749 1998 1748 1947"/>
                            </Shape>
                            <Glyph ID="char_817" CONTENT="C" HPOS="1354" VPOS="1928" WIDTH="1" HEIGHT="86" GC="0.9972">
                                <Shape>
                                    <Polygon POINTS="1354 1928 1355 2014 1355 2014 1354 1928"/>
                                </Shape>
                            </Glyph>
                            <Glyph ID="char_818" CONTENT="o" HPOS="1389" VPOS="1927" WIDTH="4" HEIGHT="86" GC="0.9853">
                                <Shape>
                                    <Polygon POINTS="1389 1927 1393 2013 1393 2013 1389 1927"/>
                                </Shape>
                            </Glyph>
                            <Glyph ID="char_819" CONTENT="m" HPOS="1438" VPOS="1926" WIDTH="4" HEIGHT="83" GC="0.9999">
                                <Shape>
                                    <Polygon POINTS="1438 1926 1442 2009 1442 2009 1438 1926"/>
                                </Shape>
                            </Glyph>
                            <Glyph ID="char_820" CONTENT="p" HPOS="1488" VPOS="1925" WIDTH="3" HEIGHT="76" GC="0.9995">
                                <Shape>
                                    <Polygon POINTS="1488 1925 1491 2001 1491 2001 1488 1925"/>
                                </Shape>
                            </Glyph>
                            <Glyph ID="char_821" CONTENT="l" HPOS="1531" VPOS="1924" WIDTH="3" HEIGHT="78" GC="1.0">
                                <Shape>
                                    <Polygon POINTS="1531 1924 1534 2002 1534 2002 1531 1924"/>
                                </Shape>
                            </Glyph>
                            <Glyph ID="char_822" CONTENT="e" HPOS="1561" VPOS="1923" WIDTH="4" HEIGHT="80" GC="1.0">
                                <Shape>
                                    <Polygon POINTS="1561 1923 1565 2003 1565 2003 1561 1923"/>
                                </Shape>
                            </Glyph>
                            <Glyph ID="char_823" CONTENT="m" HPOS="1598" VPOS="1922" WIDTH="3" HEIGHT="77" GC="0.9998">
                                <Shape>
                                    <Polygon POINTS="1598 1922 1601 1999 1601 1999 1598 1922"/>
                                </Shape>
                            </Glyph>
                            <Glyph ID="char_824" CONTENT="e" HPOS="1656" VPOS="1929" WIDTH="1" HEIGHT="70" GC="0.9931">
                                <Shape>
                                    <Polygon POINTS="1656 1929 1657 1999 1657 1999 1656 1929"/>
                                </Shape>
                            </Glyph>
                            <Glyph ID="char_825" CONTENT="n" HPOS="1699" VPOS="1938" WIDTH="1" HEIGHT="65" GC="0.9989">
                                <Shape>
                                    <Polygon POINTS="1699 1938 1700 2003 1700 2003 1699 1938"/>
                                </Shape>
                            </Glyph>
                            <Glyph ID="char_826" CONTENT="s" HPOS="1748" VPOS="1947" WIDTH="1" HEIGHT="51" GC="0.9473">
                                <Shape>
                                    <Polygon POINTS="1748 1947 1749 1998 1749 1998 1748 1947"/>
                                </Shape>
                            </Glyph>
                        </String>
                        <SP ID="segment_272" HPOS="1779"  VPOS="1951" WIDTH="7"  HEIGHT="44"/>
                        <String ID="segment_273" CONTENT="de" HPOS="1797" VPOS="1943" WIDTH="57" HEIGHT="56" WC="0.9988">
                            <Shape>
                                <Polygon POINTS="1797 1949 1798 1998 1854 1999 1853 1943"/>
                            </Shape>
                            <Glyph ID="char_828" CONTENT="d" HPOS="1797" VPOS="1949" WIDTH="1" HEIGHT="49" GC="0.9979">
                                <Shape>
                                    <Polygon POINTS="1797 1949 1798 1998 1798 1998 1797 1949"/>
                                </Shape>
                            </Glyph>
                            <Glyph ID="char_829" CONTENT="e" HPOS="1853" VPOS="1943" WIDTH="1" HEIGHT="56" GC="0.9997">
                                <Shape>
                                    <Polygon POINTS="1853 1943 1854 1999 1854 1999 1853 1943"/>
                                </Shape>
                            </Glyph>
                        </String>
                    </TextLine>
</TextBlock>
                <TextBlock ID="textblock_2"  TAGREFS="REGION_TYPE_2">

                    <TextLine ID="9e91a870-2336-451f-9ea1-273074d4b9ca" HPOS="146.0" VPOS="2048.0" WIDTH="1764.0" HEIGHT="140.0" BASELINE="149.0 2172.0 643.0 2133.0 1408.0 2131.0 1910.0 2111.0" TAGREFS="LINE_TYPE_1">
                        <Shape>
                            <Polygon POINTS="149.0 2172.0 149.0 2188.0 272.0 2186.0 339.0 2171.0 397.0 2181.0 399.0 2181.0 478.0 2169.0 607.0 2177.0 608.0 2177.0 762.0 2172.0 866.0 2153.0 997.0 2152.0 1086.0 2162.0 1088.0 2162.0 1089.0 2162.0 1126.0 2150.0 1165.0 2158.0 1167.0 2158.0 1168.0 2158.0 1223.0 2145.0 1284.0 2153.0 1285.0 2153.0 1338.0 2145.0 1414.0 2149.0 1416.0 2149.0 1417.0 2149.0 1419.0 2149.0 1433.0 2140.0 1493.0 2149.0 1495.0 2149.0 1581.0 2134.0 1907.0 2134.0 1910.0 2111.0 1906.0 2067.0 1854.0 2057.0 1853.0 2057.0 1852.0 2057.0 1824.0 2066.0 1789.0 2058.0 1787.0 2058.0 1786.0 2058.0 1752.0 2070.0 1631.0 2061.0 1629.0 2061.0 1628.0 2061.0 1597.0 2076.0 1215.0 2085.0 1154.0 2058.0 1152.0 2058.0 1151.0 2058.0 1095.0 2060.0 1057.0 2048.0 1056.0 2048.0 1054.0 2048.0 930.0 2060.0 874.0 2055.0 873.0 2055.0 871.0 2055.0 787.0 2086.0 656.0 2060.0 655.0 2060.0 592.0 2070.0 291.0 2070.0 289.0 2070.0 288.0 2070.0 254.0 2083.0 204.0 2082.0 203.0 2082.0 201.0 2082.0 146.0 2102.0 149.0 2172.0"/>
                        </Shape>
                        <String ID="segment_274" CONTENT="tous" HPOS="169" VPOS="2070" WIDTH="140" HEIGHT="118" WC="0.9762">
                            <Shape>
                                <Polygon POINTS="169 2094 176 2188 309 2178 300 2070"/>
                            </Shape>
                            <Glyph ID="char_830" CONTENT="t" HPOS="169" VPOS="2094" WIDTH="7" HEIGHT="94" GC="1.0">
                                <Shape>
                                    <Polygon POINTS="169 2094 176 2188 176 2188 169 2094"/>
                                </Shape>
                            </Glyph>
                            <Glyph ID="char_831" CONTENT="o" HPOS="204" VPOS="2082" WIDTH="8" HEIGHT="105" GC="1.0">
                                <Shape>
                                    <Polygon POINTS="204 2082 212 2187 212 2187 204 2082"/>
                                </Shape>
                            </Glyph>
                            <Glyph ID="char_832" CONTENT="u" HPOS="257" VPOS="2082" WIDTH="8" HEIGHT="104" GC="1.0">
                                <Shape>
                                    <Polygon POINTS="257 2082 265 2186 265 2186 257 2082"/>
                                </Shape>
                            </Glyph>
                            <Glyph ID="char_833" CONTENT="s" HPOS="300" VPOS="2070" WIDTH="9" HEIGHT="108" GC="0.905">
                                <Shape>
                                    <Polygon POINTS="300 2070 309 2178 309 2178 300 2070"/>
                                </Shape>
                            </Glyph>
                        </String>
                        <SP ID="segment_275" HPOS="336"  VPOS="2070" WIDTH="17"  HEIGHT="103"/>
                        <String ID="segment_276" CONTENT="les" HPOS="363" VPOS="2070" WIDTH="105" HEIGHT="107" WC="0.9711">
                            <Shape>
                                <Polygon POINTS="363 2070 371 2177 468 2171 460 2070"/>
                            </Shape>
                            <Glyph ID="char_835" CONTENT="l" HPOS="363" VPOS="2070" WIDTH="8" HEIGHT="107" GC="0.9132">
                                <Shape>
                                    <Polygon POINTS="363 2070 371 2177 371 2177 363 2070"/>
                                </Shape>
                            </Glyph>
                            <Glyph ID="char_836" CONTENT="e" HPOS="424" VPOS="2070" WIDTH="8" HEIGHT="106" GC="1.0">
                                <Shape>
                                    <Polygon POINTS="424 2070 432 2176 432 2176 424 2070"/>
                                </Shape>
                            </Glyph>
                            <Glyph ID="char_837" CONTENT="s" HPOS="460" VPOS="2070" WIDTH="8" HEIGHT="101" GC="1.0">
                                <Shape>
                                    <Polygon POINTS="460 2070 468 2171 468 2171 460 2070"/>
                                </Shape>
                            </Glyph>
                        </String>
                        <SP ID="segment_277" HPOS="495"  VPOS="2070" WIDTH="17"  HEIGHT="101"/>
                        <String ID="segment_278" CONTENT="Miens," HPOS="521" VPOS="2061" WIDTH="253" HEIGHT="115" WC="0.9851">
                            <Shape>
                                <Polygon POINTS="521 2070 529 2172 774 2170 773 2083"/>
                            </Shape>
                            <Glyph ID="char_839" CONTENT="M" HPOS="521" VPOS="2070" WIDTH="8" HEIGHT="102" GC="0.9999">
                                <Shape>
                                    <Polygon POINTS="521 2070 529 2172 529 2172 521 2070"/>
                                </Shape>
                            </Glyph>
                            <Glyph ID="char_840" CONTENT="i" HPOS="618" VPOS="2066" WIDTH="9" HEIGHT="110" GC="0.9104">
                                <Shape>
                                    <Polygon POINTS="618 2066 627 2176 627 2176 618 2066"/>
                                </Shape>
                            </Glyph>
                            <Glyph ID="char_841" CONTENT="e" HPOS="650" VPOS="2061" WIDTH="1" HEIGHT="115" GC="1.0">
                                <Shape>
                                    <Polygon POINTS="650 2061 651 2176 651 2176 650 2061"/>
                                </Shape>
                            </Glyph>
                            <Glyph ID="char_842" CONTENT="n" HPOS="694" VPOS="2068" WIDTH="1" HEIGHT="106" GC="1.0">
                                <Shape>
                                    <Polygon POINTS="694 2068 695 2174 695 2174 694 2068"/>
                                </Shape>
                            </Glyph>
                            <Glyph ID="char_843" CONTENT="s" HPOS="738" VPOS="2076" WIDTH="1" HEIGHT="97" GC="1.0">
                                <Shape>
                                    <Polygon POINTS="738 2076 739 2173 739 2173 738 2076"/>
                                </Shape>
                            </Glyph>
                            <Glyph ID="char_844" CONTENT="," HPOS="764" VPOS="2082" WIDTH="10" HEIGHT="90" GC="1.0">
                                <Shape>
                                    <Polygon POINTS="764 2082 765 2172 774 2170 773 2083"/>
                                </Shape>
                            </Glyph>
                        </String>
                        <SP ID="segment_279" HPOS="782"  VPOS="2084" WIDTH="10"  HEIGHT="84"/>
                        <String ID="segment_280" CONTENT="et" HPOS="800" VPOS="2062" WIDTH="54" HEIGHT="103" WC="0.9999">
                            <Shape>
                                <Polygon POINTS="800 2081 801 2165 854 2155 853 2062"/>
                            </Shape>
                            <Glyph ID="char_846" CONTENT="e" HPOS="800" VPOS="2081" WIDTH="1" HEIGHT="84" GC="1.0">
                                <Shape>
                                    <Polygon POINTS="800 2081 801 2165 801 2165 800 2081"/>
                                </Shape>
                            </Glyph>
                            <Glyph ID="char_847" CONTENT="t" HPOS="853" VPOS="2062" WIDTH="1" HEIGHT="93" GC="0.9998">
                                <Shape>
                                    <Polygon POINTS="853 2062 854 2155 854 2155 853 2062"/>
                                </Shape>
                            </Glyph>
                        </String>
                        <SP ID="segment_281" HPOS="906"  VPOS="2058" WIDTH="9"  HEIGHT="95"/>
                        <String ID="segment_282" CONTENT="faites" HPOS="941" VPOS="2048" WIDTH="168" HEIGHT="114" WC="0.9999">
                            <Shape>
                                <Polygon POINTS="941 2059 942 2152 1109 2156 1108 2060"/>
                            </Shape>
                            <Glyph ID="char_849" CONTENT="f" HPOS="941" VPOS="2059" WIDTH="1" HEIGHT="93" GC="0.9998">
                                <Shape>
                                    <Polygon POINTS="941 2059 942 2152 942 2152 941 2059"/>
                                </Shape>
                            </Glyph>
                            <Glyph ID="char_850" CONTENT="a" HPOS="976" VPOS="2056" WIDTH="1" HEIGHT="96" GC="1.0">
                                <Shape>
                                    <Polygon POINTS="976 2056 977 2152 977 2152 976 2056"/>
                                </Shape>
                            </Glyph>
                            <Glyph ID="char_851" CONTENT="i" HPOS="1020" VPOS="2050" WIDTH="10" HEIGHT="106" GC="1.0">
                                <Shape>
                                    <Polygon POINTS="1020 2051 1021 2155 1030 2156 1029 2050"/>
                                </Shape>
                            </Glyph>
                            <Glyph ID="char_852" CONTENT="t" HPOS="1055" VPOS="2048" WIDTH="1" HEIGHT="111" GC="1.0">
                                <Shape>
                                    <Polygon POINTS="1055 2048 1056 2159 1056 2159 1055 2048"/>
                                </Shape>
                            </Glyph>
                            <Glyph ID="char_853" CONTENT="e" HPOS="1082" VPOS="2056" WIDTH="1" HEIGHT="106" GC="0.9999">
                                <Shape>
                                    <Polygon POINTS="1082 2056 1083 2162 1083 2162 1082 2056"/>
                                </Shape>
                            </Glyph>
                            <Glyph ID="char_854" CONTENT="s" HPOS="1108" VPOS="2060" WIDTH="1" HEIGHT="96" GC="0.9999">
                                <Shape>
                                    <Polygon POINTS="1108 2060 1109 2156 1109 2156 1108 2060"/>
                                </Shape>
                            </Glyph>
                        </String>
                        <SP ID="segment_283" HPOS="1144"  VPOS="2058" WIDTH="9"  HEIGHT="97"/>
                        <String ID="segment_284" CONTENT="je" HPOS="1170" VPOS="2065" WIDTH="45" HEIGHT="92" WC="0.9786">
                            <Shape>
                                <Polygon POINTS="1170 2065 1171 2157 1215 2147 1214 2085"/>
                            </Shape>
                            <Glyph ID="char_856" CONTENT="j" HPOS="1170" VPOS="2065" WIDTH="1" HEIGHT="92" GC="0.997">
                                <Shape>
                                    <Polygon POINTS="1170 2065 1171 2157 1171 2157 1170 2065"/>
                                </Shape>
                            </Glyph>
                            <Glyph ID="char_857" CONTENT="e" HPOS="1214" VPOS="2085" WIDTH="1" HEIGHT="62" GC="0.9602">
                                <Shape>
                                    <Polygon POINTS="1214 2085 1215 2147 1215 2147 1214 2085"/>
                                </Shape>
                            </Glyph>
                        </String>
                        <SP ID="segment_285" HPOS="1258"  VPOS="2084" WIDTH="10"  HEIGHT="67"/>
                        <String ID="segment_286" CONTENT="vous" HPOS="1285" VPOS="2080" WIDTH="142" HEIGHT="73" WC="0.997">
                            <Shape>
                                <Polygon POINTS="1285 2083 1286 2153 1427 2144 1424 2080"/>
                            </Shape>
                            <Glyph ID="char_859" CONTENT="v" HPOS="1285" VPOS="2083" WIDTH="1" HEIGHT="70" GC="0.9999">
                                <Shape>
                                    <Polygon POINTS="1285 2083 1286 2153 1286 2153 1285 2083"/>
                                </Shape>
                            </Glyph>
                            <Glyph ID="char_860" CONTENT="o" HPOS="1329" VPOS="2082" WIDTH="0" HEIGHT="64" GC="0.9975">
                                <Shape>
                                    <Polygon POINTS="1329 2082 1329 2146 1329 2146 1329 2082"/>
                                </Shape>
                            </Glyph>
                            <Glyph ID="char_861" CONTENT="u" HPOS="1391" VPOS="2081" WIDTH="1" HEIGHT="67" GC="0.9912">
                                <Shape>
                                    <Polygon POINTS="1391 2081 1392 2148 1392 2148 1391 2081"/>
                                </Shape>
                            </Glyph>
                            <Glyph ID="char_862" CONTENT="s" HPOS="1424" VPOS="2080" WIDTH="3" HEIGHT="64" GC="0.9994">
                                <Shape>
                                    <Polygon POINTS="1424 2080 1427 2144 1427 2144 1424 2080"/>
                                </Shape>
                            </Glyph>
                        </String>
                        <SP ID="segment_287" HPOS="1459"  VPOS="2079" WIDTH="12"  HEIGHT="67"/>
                        <String ID="segment_288" CONTENT="prie" HPOS="1486" VPOS="2074" WIDTH="117" HEIGHT="74" WC="0.9668">
                            <Shape>
                                <Polygon POINTS="1486 2079 1489 2148 1603 2134 1600 2074"/>
                            </Shape>
                            <Glyph ID="char_864" CONTENT="p" HPOS="1486" VPOS="2079" WIDTH="3" HEIGHT="69" GC="0.9627">
                                <Shape>
                                    <Polygon POINTS="1486 2079 1489 2148 1489 2148 1486 2079"/>
                                </Shape>
                            </Glyph>
                            <Glyph ID="char_865" CONTENT="r" HPOS="1539" VPOS="2077" WIDTH="3" HEIGHT="64" GC="0.9258">
                                <Shape>
                                    <Polygon POINTS="1539 2077 1542 2141 1542 2141 1539 2077"/>
                                </Shape>
                            </Glyph>
                            <Glyph ID="char_866" CONTENT="i" HPOS="1556" VPOS="2077" WIDTH="3" HEIGHT="61" GC="0.9786">
                                <Shape>
                                    <Polygon POINTS="1556 2077 1559 2138 1559 2138 1556 2077"/>
                                </Shape>
                            </Glyph>
                            <Glyph ID="char_867" CONTENT="e" HPOS="1600" VPOS="2074" WIDTH="3" HEIGHT="60" GC="0.9999">
                                <Shape>
                                    <Polygon POINTS="1600 2074 1603 2134 1603 2134 1600 2074"/>
                                </Shape>
                            </Glyph>
                        </String>
                        <SP ID="segment_289" HPOS="1636"  VPOS="2061" WIDTH="11"  HEIGHT="73"/>
                        <String ID="segment_290" CONTENT="aegre패er" HPOS="1662" VPOS="2059" WIDTH="206" HEIGHT="75" WC="0.9455">
                            <Shape>
                                <Polygon POINTS="1662 2063 1665 2134 1868 2134 1865 2059"/>
                            </Shape>
                            <Glyph ID="char_869" CONTENT="a" HPOS="1662" VPOS="2063" WIDTH="3" HEIGHT="71" GC="0.9881">
                                <Shape>
                                    <Polygon POINTS="1662 2063 1665 2134 1665 2134 1662 2063"/>
                                </Shape>
                            </Glyph>
                            <Glyph ID="char_870" CONTENT="e" HPOS="1680" VPOS="2065" WIDTH="3" HEIGHT="69" GC="0.9989">
                                <Shape>
                                    <Polygon POINTS="1680 2065 1683 2134 1683 2134 1680 2065"/>
                                </Shape>
                            </Glyph>
                            <Glyph ID="char_871" CONTENT="g" HPOS="1715" VPOS="2067" WIDTH="3" HEIGHT="67" GC="0.5935">
                                <Shape>
                                    <Polygon POINTS="1715 2067 1718 2134 1718 2134 1715 2067"/>
                                </Shape>
                            </Glyph>
                            <Glyph ID="char_872" CONTENT="r" HPOS="1750" VPOS="2070" WIDTH="3" HEIGHT="64" GC="0.9994">
                                <Shape>
                                    <Polygon POINTS="1750 2070 1753 2134 1753 2134 1750 2070"/>
                                </Shape>
                            </Glyph>
                            <Glyph ID="char_873" CONTENT="e" HPOS="1794" VPOS="2059" WIDTH="3" HEIGHT="75" GC="0.9942">
                                <Shape>
                                    <Polygon POINTS="1794 2059 1797 2134 1797 2134 1794 2059"/>
                                </Shape>
                            </Glyph>
                            <Glyph ID="char_874" CONTENT="패" HPOS="1803" VPOS="2061" WIDTH="12" HEIGHT="73" GC="0.9977">
                                <Shape>
                                    <Polygon POINTS="1803 2061 1806 2134 1815 2134 1812 2063"/>
                                </Shape>
                            </Glyph>
                            <Glyph ID="char_875" CONTENT="e" HPOS="1830" VPOS="2064" WIDTH="3" HEIGHT="70" GC="0.9926">
                                <Shape>
                                    <Polygon POINTS="1830 2064 1833 2134 1833 2134 1830 2064"/>
                                </Shape>
                            </Glyph>
                            <Glyph ID="char_876" CONTENT="r" HPOS="1865" VPOS="2059" WIDTH="3" HEIGHT="75" GC="0.9996">
                                <Shape>
                                    <Polygon POINTS="1865 2059 1868 2134 1868 2134 1865 2059"/>
                                </Shape>
                            </Glyph>
                        </String>
                    </TextLine>

                    <TextLine ID="d1688636-7fb3-496b-bd2a-bda9fa40909d" HPOS="141.0" VPOS="2238.0" WIDTH="154.0" HEIGHT="89.0" BASELINE="144.0 2313.0 295.0 2304.0" TAGREFS="LINE_TYPE_1">
                        <Shape>
                            <Polygon POINTS="144.0 2313.0 144.0 2327.0 217.0 2316.0 226.0 2323.0 228.0 2323.0 229.0 2323.0 231.0 2323.0 295.0 2319.0 295.0 2304.0 286.0 2238.0 275.0 2245.0 225.0 2241.0 223.0 2241.0 222.0 2241.0 220.0 2241.0 198.0 2256.0 185.0 2251.0 184.0 2251.0 182.0 2251.0 181.0 2251.0 179.0 2251.0 179.0 2253.0 169.0 2263.0 141.0 2263.0 144.0 2313.0"/>
                        </Shape>
                        <String ID="segment_291" CONTENT="a" HPOS="158" VPOS="2263" WIDTH="4" HEIGHT="61" WC="0.9989">
                            <Shape>
                                <Polygon POINTS="158 2263 162 2324 162 2324 158 2263"/>
                            </Shape>
                            <Glyph ID="char_877" CONTENT="a" HPOS="158" VPOS="2263" WIDTH="4" HEIGHT="61" GC="0.9989">
                                <Shape>
                                    <Polygon POINTS="158 2263 162 2324 162 2324 158 2263"/>
                                </Shape>
                            </Glyph>
                        </String>
                        <SP ID="segment_292" HPOS="226"  VPOS="2241" WIDTH="5"  HEIGHT="82"/>
                        <String ID="segment_293" CONTENT="d" HPOS="243" VPOS="2242" WIDTH="5" HEIGHT="80" WC="0.9989">
                            <Shape>
                                <Polygon POINTS="243 2242 248 2322 248 2322 243 2242"/>
                            </Shape>
                            <Glyph ID="char_879" CONTENT="d" HPOS="243" VPOS="2242" WIDTH="5" HEIGHT="80" GC="0.9989">
                                <Shape>
                                    <Polygon POINTS="243 2242 248 2322 248 2322 243 2242"/>
                                </Shape>
                            </Glyph>
                        </String>
                    </TextLine>

                    <TextLine ID="19e91055-76f5-44e9-8479-69c035f7acf3" HPOS="390.0" VPOS="2209.0" WIDTH="672.0" HEIGHT="96.0" BASELINE="392.0 2281.0 646.0 2275.0 896.0 2260.0 1062.0 2262.0" TAGREFS="LINE_TYPE_1">
                        <Shape>
                            <Polygon POINTS="392.0 2281.0 394.0 2305.0 408.0 2297.0 421.0 2305.0 422.0 2305.0 424.0 2305.0 425.0 2305.0 529.0 2303.0 531.0 2303.0 532.0 2303.0 554.0 2288.0 596.0 2283.0 627.0 2294.0 629.0 2294.0 630.0 2294.0 671.0 2286.0 706.0 2297.0 708.0 2297.0 709.0 2297.0 710.0 2297.0 738.0 2282.0 779.0 2279.0 794.0 2286.0 795.0 2286.0 797.0 2286.0 798.0 2286.0 800.0 2286.0 800.0 2285.0 801.0 2285.0 807.0 2276.0 836.0 2291.0 838.0 2291.0 839.0 2291.0 841.0 2291.0 871.0 2275.0 1062.0 2275.0 1062.0 2262.0 1059.0 2231.0 1029.0 2231.0 1003.0 2215.0 1002.0 2215.0 1000.0 2215.0 999.0 2215.0 997.0 2215.0 966.0 2232.0 949.0 2216.0 947.0 2216.0 946.0 2216.0 945.0 2216.0 766.0 2225.0 725.0 2210.0 724.0 2210.0 722.0 2210.0 721.0 2210.0 691.0 2221.0 667.0 2209.0 665.0 2209.0 664.0 2209.0 598.0 2212.0 596.0 2212.0 595.0 2212.0 554.0 2244.0 536.0 2232.0 535.0 2232.0 533.0 2232.0 532.0 2232.0 531.0 2232.0 529.0 2232.0 520.0 2240.0 485.0 2234.0 484.0 2234.0 482.0 2234.0 481.0 2234.0 459.0 2250.0 390.0 2250.0 392.0 2281.0"/>
                        </Shape>
                        <String ID="segment_294" CONTENT="de" HPOS="460" VPOS="2239" WIDTH="59" HEIGHT="65" WC="1.0">
                            <Shape>
                                <Polygon POINTS="460 2249 462 2304 519 2303 517 2239"/>
                            </Shape>
                            <Glyph ID="char_880" CONTENT="d" HPOS="460" VPOS="2249" WIDTH="2" HEIGHT="55" GC="1.0">
                                <Shape>
                                    <Polygon POINTS="460 2249 462 2304 462 2304 460 2249"/>
                                </Shape>
                            </Glyph>
                            <Glyph ID="char_881" CONTENT="e" HPOS="517" VPOS="2239" WIDTH="2" HEIGHT="64" GC="0.9999">
                                <Shape>
                                    <Polygon POINTS="517 2239 519 2303 519 2303 517 2239"/>
                                </Shape>
                            </Glyph>
                        </String>
                        <SP ID="segment_295" HPOS="554"  VPOS="2239" WIDTH="8"  HEIGHT="49"/>
                        <String ID="segment_296" CONTENT="Bonquise" HPOS="573" VPOS="2216" WIDTH="409" HEIGHT="80" WC="0.9905">
                            <Shape>
                                <Polygon POINTS="573 2229 574 2286 981 2275 982 2223"/>
                            </Shape>
                            <Glyph ID="char_883" CONTENT="B" HPOS="573" VPOS="2229" WIDTH="1" HEIGHT="57" GC="0.9999">
                                <Shape>
                                    <Polygon POINTS="573 2229 574 2286 574 2286 573 2229"/>
                                </Shape>
                            </Glyph>
                            <Glyph ID="char_884" CONTENT="o" HPOS="697" VPOS="2219" WIDTH="4" HEIGHT="77" GC="1.0">
                                <Shape>
                                    <Polygon POINTS="697 2219 701 2296 701 2296 697 2219"/>
                                </Shape>
                            </Glyph>
                            <Glyph ID="char_885" CONTENT="n" HPOS="760" VPOS="2223" WIDTH="3" HEIGHT="57" GC="0.9999">
                                <Shape>
                                    <Polygon POINTS="760 2223 763 2280 763 2280 760 2223"/>
                                </Shape>
                            </Glyph>
                            <Glyph ID="char_886" CONTENT="q" HPOS="816" VPOS="2222" WIDTH="4" HEIGHT="61" GC="0.9999">
                                <Shape>
                                    <Polygon POINTS="816 2222 820 2283 820 2283 816 2222"/>
                                </Shape>
                            </Glyph>
                            <Glyph ID="char_887" CONTENT="u" HPOS="873" VPOS="2220" WIDTH="3" HEIGHT="55" GC="0.9337">
                                <Shape>
                                    <Polygon POINTS="873 2220 876 2275 876 2275 873 2220"/>
                                </Shape>
                            </Glyph>
                            <Glyph ID="char_888" CONTENT="i" HPOS="906" VPOS="2218" WIDTH="1" HEIGHT="57" GC="0.9955">
                                <Shape>
                                    <Polygon POINTS="907 2218 906 2275 906 2275 907 2218"/>
                                </Shape>
                            </Glyph>
                            <Glyph ID="char_889" CONTENT="s" HPOS="937" VPOS="2216" WIDTH="1" HEIGHT="59" GC="0.9999">
                                <Shape>
                                    <Polygon POINTS="938 2216 937 2275 937 2275 938 2216"/>
                                </Shape>
                            </Glyph>
                            <Glyph ID="char_890" CONTENT="e" HPOS="981" VPOS="2223" WIDTH="1" HEIGHT="52" GC="0.995">
                                <Shape>
                                    <Polygon POINTS="982 2223 981 2275 981 2275 982 2223"/>
                                </Shape>
                            </Glyph>
                        </String>
                    </TextLine>
</TextBlock>
            </PrintSpace>
        </Page>
    </Layout>
</alto>