<?xml version="1.0" encoding="UTF-8"?>
<alto xmlns:xsi="http://www.w3.org/2001/XMLSchema-instance"
    xmlns="http://www.loc.gov/standards/alto/ns-v4#"
    xsi:schemaLocation="http://www.loc.gov/standards/alto/ns-v4# http://www.loc.gov/standards/alto/v4/alto-4-3.xsd">
    <Description>
        <MeasurementUnit>pixel</MeasurementUnit>
        <sourceImageInformation>
            <fileName>images2/an_corresp_fougeu_conflans_2/0025full_fonduegdmegvv2.jpg</fileName>
        </sourceImageInformation>
        <Processing ID="OCR_f84b4bb4-8fc1-4a32-8a1e-737fe80b64d4">
            <processingCategory>contentGeneration</processingCategory>
            <processingStepDescription>Text line recognition</processingStepDescription>
            <processingStepSettings>text_direction: horizontal-tb; models: fondue_gd_megv_v2.mlmodel; pad: 16; bidi_reordering: True</processingStepSettings>
            <processingSoftware>
                <softwareName>kraken</softwareName>
                <softwareVersion>5.3.0</softwareVersion>
            </processingSoftware>
        </Processing>
    </Description>
    <Tags>
        <OtherTag DESCRIPTION="line type" ID="LINE_TYPE_1" TYPE="type" LABEL="default"/>
        <OtherTag DESCRIPTION="region type" ID="REGION_TYPE_1" TYPE="region" LABEL="MainZone"/>
        <OtherTag DESCRIPTION="region type" ID="REGION_TYPE_2" TYPE="region" LABEL="text"/>
        <OtherTag DESCRIPTION="region type" ID="REGION_TYPE_3" TYPE="region" LABEL="StampZone"/>
    </Tags>
    <Layout>
        <Page WIDTH="2101" HEIGHT="2748" PHYSICAL_IMG_NR="0" ID="page_0">
            <PrintSpace HPOS="0" VPOS="0" WIDTH="2101" HEIGHT="2748">
                <TextBlock ID="21d429c1-2878-4ffb-9699-8dd325695b97" HPOS="42.0" VPOS="132.0" WIDTH="2028.0" HEIGHT="2027.0" TAGREFS="REGION_TYPE_1">
<Shape>
                        <Polygon POINTS="42.0 132.0 2070.0 132.0 2070.0 2159.0 42.0 2159.0 42.0 132.0"/>
                    </Shape>
                    <TextLine ID="34d99012-3180-4d52-83bf-bfee9e30df71" HPOS="129.0" VPOS="132.0" WIDTH="1833.0" HEIGHT="109.0" BASELINE="131.0 233.0 456.0 212.0 1216.0 192.0 1736.0 190.0 1962.0 196.0" TAGREFS="LINE_TYPE_1">
                        <Shape>
                            <Polygon POINTS="1838.0 132.0 1823.0 132.0 1807.0 132.0 1792.0 132.0 1780.0 132.0 1649.0 149.0 1565.0 132.0 1563.0 132.0 1548.0 132.0 1409.0 157.0 1331.0 157.0 1273.0 137.0 1271.0 137.0 1270.0 137.0 1023.0 143.0 1021.0 143.0 964.0 166.0 835.0 166.0 797.0 152.0 795.0 152.0 793.0 152.0 743.0 160.0 705.0 149.0 703.0 149.0 702.0 149.0 552.0 175.0 523.0 175.0 479.0 155.0 477.0 155.0 476.0 155.0 351.0 157.0 349.0 157.0 308.0 178.0 129.0 174.0 131.0 233.0 131.0 241.0 247.0 241.0 248.0 241.0 287.0 229.0 413.0 238.0 415.0 238.0 488.0 224.0 627.0 233.0 629.0 233.0 774.0 218.0 841.0 227.0 842.0 227.0 844.0 227.0 845.0 227.0 861.0 218.0 882.0 224.0 884.0 224.0 885.0 224.0 931.0 215.0 1045.0 224.0 1047.0 224.0 1048.0 224.0 1073.0 212.0 1132.0 209.0 1329.0 207.0 1390.0 215.0 1392.0 215.0 1394.0 215.0 1421.0 207.0 1438.0 215.0 1439.0 215.0 1441.0 215.0 1499.0 203.0 1552.0 213.0 1554.0 213.0 1636.0 199.0 1769.0 209.0 1771.0 209.0 1960.0 201.0 1962.0 196.0 1958.0 145.0 1884.0 145.0 1852.0 132.0 1838.0 132.0"/>
                        </Shape>
                        <String ID="segment_0" CONTENT="dapres" HPOS="144" VPOS="174" WIDTH="159" HEIGHT="67" WC="0.9998">
                            <Shape>
                                <Polygon POINTS="144 174 149 241 303 230 300 178"/>
                            </Shape>
                            <Glyph ID="char_0" CONTENT="d" HPOS="144" VPOS="174" WIDTH="5" HEIGHT="67" GC="1.0">
                                <Shape>
                                    <Polygon POINTS="144 174 149 241 149 241 144 174"/>
                                </Shape>
                            </Glyph>
                            <Glyph ID="char_1" CONTENT="a" HPOS="184" VPOS="175" WIDTH="5" HEIGHT="66" GC="1.0">
                                <Shape>
                                    <Polygon POINTS="184 175 189 241 189 241 184 175"/>
                                </Shape>
                            </Glyph>
                            <Glyph ID="char_2" CONTENT="p" HPOS="220" VPOS="176" WIDTH="4" HEIGHT="65" GC="0.9998">
                                <Shape>
                                    <Polygon POINTS="220 176 224 241 224 241 220 176"/>
                                </Shape>
                            </Glyph>
                            <Glyph ID="char_3" CONTENT="r" HPOS="254" VPOS="177" WIDTH="4" HEIGHT="61" GC="0.9998">
                                <Shape>
                                    <Polygon POINTS="254 177 258 238 258 238 254 177"/>
                                </Shape>
                            </Glyph>
                            <Glyph ID="char_4" CONTENT="e" HPOS="283" VPOS="177" WIDTH="3" HEIGHT="52" GC="0.9999">
                                <Shape>
                                    <Polygon POINTS="283 177 286 229 286 229 283 177"/>
                                </Shape>
                            </Glyph>
                            <Glyph ID="char_5" CONTENT="s" HPOS="300" VPOS="178" WIDTH="3" HEIGHT="52" GC="0.9992">
                                <Shape>
                                    <Polygon POINTS="300 178 303 230 303 230 300 178"/>
                                </Shape>
                            </Glyph>
                        </String>
                        <SP ID="segment_1" HPOS="345"  VPOS="157" WIDTH="11"  HEIGHT="77"/>
                        <String ID="segment_2" CONTENT="tous" HPOS="368" VPOS="155" WIDTH="108" HEIGHT="82" WC="0.9925">
                            <Shape>
                                <Polygon POINTS="368 157 373 235 476 226 474 155"/>
                            </Shape>
                            <Glyph ID="char_7" CONTENT="t" HPOS="368" VPOS="157" WIDTH="5" HEIGHT="78" GC="0.9999">
                                <Shape>
                                    <Polygon POINTS="368 157 373 235 373 235 368 157"/>
                                </Shape>
                            </Glyph>
                            <Glyph ID="char_8" CONTENT="o" HPOS="397" VPOS="156" WIDTH="5" HEIGHT="81" GC="1.0">
                                <Shape>
                                    <Polygon POINTS="397 156 402 237 402 237 397 156"/>
                                </Shape>
                            </Glyph>
                            <Glyph ID="char_9" CONTENT="u" HPOS="443" VPOS="156" WIDTH="5" HEIGHT="76" GC="0.9998">
                                <Shape>
                                    <Polygon POINTS="443 156 448 232 448 232 443 156"/>
                                </Shape>
                            </Glyph>
                            <Glyph ID="char_10" CONTENT="s" HPOS="474" VPOS="155" WIDTH="2" HEIGHT="71" GC="0.9701">
                                <Shape>
                                    <Polygon POINTS="474 155 476 226 476 226 474 155"/>
                                </Shape>
                            </Glyph>
                        </String>
                        <SP ID="segment_3" HPOS="520"  VPOS="174" WIDTH="7"  HEIGHT="53"/>
                        <String ID="segment_4" CONTENT="ces" HPOS="537" VPOS="170" WIDTH="48" HEIGHT="60" WC="0.996">
                            <Shape>
                                <Polygon POINTS="537 175 539 227 585 230 583 170"/>
                            </Shape>
                            <Glyph ID="char_12" CONTENT="c" HPOS="537" VPOS="175" WIDTH="2" HEIGHT="52" GC="1.0">
                                <Shape>
                                    <Polygon POINTS="537 175 539 227 539 227 537 175"/>
                                </Shape>
                            </Glyph>
                            <Glyph ID="char_13" CONTENT="e" HPOS="560" VPOS="174" WIDTH="2" HEIGHT="55" GC="0.9879">
                                <Shape>
                                    <Polygon POINTS="560 174 562 229 562 229 560 174"/>
                                </Shape>
                            </Glyph>
                            <Glyph ID="char_14" CONTENT="s" HPOS="583" VPOS="170" WIDTH="2" HEIGHT="60" GC="1.0">
                                <Shape>
                                    <Polygon POINTS="583 170 585 230 585 230 583 170"/>
                                </Shape>
                            </Glyph>
                        </String>
                        <SP ID="segment_5" HPOS="623"  VPOS="162" WIDTH="8"  HEIGHT="71"/>
                        <String ID="segment_6" CONTENT="arrongements" HPOS="640" VPOS="143" WIDTH="404" HEIGHT="89" WC="0.9973">
                            <Shape>
                                <Polygon POINTS="640 160 642 232 1044 224 1042 143"/>
                            </Shape>
                            <Glyph ID="char_16" CONTENT="a" HPOS="640" VPOS="160" WIDTH="2" HEIGHT="72" GC="0.9999">
                                <Shape>
                                    <Polygon POINTS="640 160 642 232 642 232 640 160"/>
                                </Shape>
                            </Glyph>
                            <Glyph ID="char_17" CONTENT="r" HPOS="675" VPOS="154" WIDTH="2" HEIGHT="74" GC="0.9997">
                                <Shape>
                                    <Polygon POINTS="675 154 677 228 677 228 675 154"/>
                                </Shape>
                            </Glyph>
                            <Glyph ID="char_18" CONTENT="r" HPOS="698" VPOS="150" WIDTH="2" HEIGHT="76" GC="0.9997">
                                <Shape>
                                    <Polygon POINTS="698 150 700 226 700 226 698 150"/>
                                </Shape>
                            </Glyph>
                            <Glyph ID="char_19" CONTENT="o" HPOS="738" VPOS="159" WIDTH="2" HEIGHT="63" GC="0.9977">
                                <Shape>
                                    <Polygon POINTS="738 159 740 222 740 222 738 159"/>
                                </Shape>
                            </Glyph>
                            <Glyph ID="char_20" CONTENT="n" HPOS="772" VPOS="155" WIDTH="2" HEIGHT="63" GC="0.9851">
                                <Shape>
                                    <Polygon POINTS="772 155 774 218 774 218 772 155"/>
                                </Shape>
                            </Glyph>
                            <Glyph ID="char_21" CONTENT="g" HPOS="807" VPOS="156" WIDTH="2" HEIGHT="67" GC="1.0">
                                <Shape>
                                    <Polygon POINTS="807 156 809 223 809 223 807 156"/>
                                </Shape>
                            </Glyph>
                            <Glyph ID="char_22" CONTENT="e" HPOS="847" VPOS="166" WIDTH="2" HEIGHT="59" GC="0.9999">
                                <Shape>
                                    <Polygon POINTS="847 166 849 225 849 225 847 166"/>
                                </Shape>
                            </Glyph>
                            <Glyph ID="char_23" CONTENT="m" HPOS="893" VPOS="166" WIDTH="2" HEIGHT="56" GC="0.9871">
                                <Shape>
                                    <Polygon POINTS="893 166 895 222 895 222 893 166"/>
                                </Shape>
                            </Glyph>
                            <Glyph ID="char_24" CONTENT="e" HPOS="933" VPOS="166" WIDTH="2" HEIGHT="49" GC="0.9986">
                                <Shape>
                                    <Polygon POINTS="933 166 935 215 935 215 933 166"/>
                                </Shape>
                            </Glyph>
                            <Glyph ID="char_25" CONTENT="n" HPOS="973" VPOS="162" WIDTH="2" HEIGHT="56" GC="1.0">
                                <Shape>
                                    <Polygon POINTS="973 162 975 218 975 218 973 162"/>
                                </Shape>
                            </Glyph>
                            <Glyph ID="char_26" CONTENT="t" HPOS="1013" VPOS="146" WIDTH="2" HEIGHT="76" GC="0.9998">
                                <Shape>
                                    <Polygon POINTS="1013 146 1015 222 1015 222 1013 146"/>
                                </Shape>
                            </Glyph>
                            <Glyph ID="char_27" CONTENT="s" HPOS="1036" VPOS="143" WIDTH="8" HEIGHT="81" GC="0.9999">
                                <Shape>
                                    <Polygon POINTS="1036 143 1038 223 1044 224 1042 143"/>
                                </Shape>
                            </Glyph>
                        </String>
                        <SP ID="segment_7" HPOS="1077"  VPOS="142" WIDTH="7"  HEIGHT="70"/>
                        <String ID="segment_8" CONTENT="ou" HPOS="1094" VPOS="140" WIDTH="41" HEIGHT="71" WC="0.9997">
                            <Shape>
                                <Polygon POINTS="1094 141 1096 211 1135 209 1134 140"/>
                            </Shape>
                            <Glyph ID="char_29" CONTENT="o" HPOS="1094" VPOS="141" WIDTH="2" HEIGHT="70" GC="1.0">
                                <Shape>
                                    <Polygon POINTS="1094 141 1096 211 1096 211 1094 141"/>
                                </Shape>
                            </Glyph>
                            <Glyph ID="char_30" CONTENT="u" HPOS="1134" VPOS="140" WIDTH="1" HEIGHT="69" GC="0.9995">
                                <Shape>
                                    <Polygon POINTS="1134 140 1135 209 1135 209 1134 140"/>
                                </Shape>
                            </Glyph>
                        </String>
                        <SP ID="segment_9" HPOS="1180"  VPOS="139" WIDTH="7"  HEIGHT="69"/>
                        <String ID="segment_10" CONTENT="n&#39;a" HPOS="1197" VPOS="137" WIDTH="82" HEIGHT="71" WC="0.9999">
                            <Shape>
                                <Polygon POINTS="1197 139 1198 208 1279 208 1279 139"/>
                            </Shape>
                            <Glyph ID="char_32" CONTENT="n" HPOS="1197" VPOS="139" WIDTH="1" HEIGHT="69" GC="1.0">
                                <Shape>
                                    <Polygon POINTS="1197 139 1198 208 1198 208 1197 139"/>
                                </Shape>
                            </Glyph>
                            <Glyph ID="char_33" CONTENT="&#39;" HPOS="1256" VPOS="137" WIDTH="5" HEIGHT="71" GC="1.0">
                                <Shape>
                                    <Polygon POINTS="1256 137 1256 208 1261 208 1261 137"/>
                                </Shape>
                            </Glyph>
                            <Glyph ID="char_34" CONTENT="a" HPOS="1279" VPOS="139" WIDTH="0" HEIGHT="69" GC="0.9997">
                                <Shape>
                                    <Polygon POINTS="1279 139 1279 208 1279 208 1279 139"/>
                                </Shape>
                            </Glyph>
                        </String>
                        <SP ID="segment_11" HPOS="1330"  VPOS="157" WIDTH="6"  HEIGHT="51"/>
                        <String ID="segment_12" CONTENT="pas" HPOS="1347" VPOS="154" WIDTH="81" HEIGHT="61" WC="0.999">
                            <Shape>
                                <Polygon POINTS="1347 157 1347 209 1428 210 1428 154"/>
                            </Shape>
                            <Glyph ID="char_36" CONTENT="p" HPOS="1347" VPOS="157" WIDTH="0" HEIGHT="52" GC="1.0">
                                <Shape>
                                    <Polygon POINTS="1347 157 1347 209 1347 209 1347 157"/>
                                </Shape>
                            </Glyph>
                            <Glyph ID="char_37" CONTENT="a" HPOS="1393" VPOS="157" WIDTH="0" HEIGHT="58" GC="0.9998">
                                <Shape>
                                    <Polygon POINTS="1393 157 1393 215 1393 215 1393 157"/>
                                </Shape>
                            </Glyph>
                            <Glyph ID="char_38" CONTENT="s" HPOS="1428" VPOS="154" WIDTH="0" HEIGHT="56" GC="0.9973">
                                <Shape>
                                    <Polygon POINTS="1428 154 1428 210 1428 210 1428 154"/>
                                </Shape>
                            </Glyph>
                        </String>
                        <SP ID="segment_13" HPOS="1457"  VPOS="147" WIDTH="5"  HEIGHT="65"/>
                        <String ID="segment_14" CONTENT="Besoin" HPOS="1474" VPOS="132" WIDTH="184" HEIGHT="81" WC="0.979">
                            <Shape>
                                <Polygon POINTS="1474 145 1474 208 1658 201 1658 148"/>
                            </Shape>
                            <Glyph ID="char_40" CONTENT="B" HPOS="1474" VPOS="145" WIDTH="0" HEIGHT="63" GC="0.9991">
                                <Shape>
                                    <Polygon POINTS="1474 145 1474 208 1474 208 1474 145"/>
                                </Shape>
                            </Glyph>
                            <Glyph ID="char_41" CONTENT="e" HPOS="1554" VPOS="132" WIDTH="0" HEIGHT="81" GC="0.9724">
                                <Shape>
                                    <Polygon POINTS="1554 132 1554 213 1554 213 1554 132"/>
                                </Shape>
                            </Glyph>
                            <Glyph ID="char_42" CONTENT="s" HPOS="1577" VPOS="134" WIDTH="0" HEIGHT="75" GC="0.9917">
                                <Shape>
                                    <Polygon POINTS="1577 134 1577 209 1577 209 1577 134"/>
                                </Shape>
                            </Glyph>
                            <Glyph ID="char_43" CONTENT="o" HPOS="1606" VPOS="140" WIDTH="0" HEIGHT="64" GC="0.9984">
                                <Shape>
                                    <Polygon POINTS="1606 140 1606 204 1606 204 1606 140"/>
                                </Shape>
                            </Glyph>
                            <Glyph ID="char_44" CONTENT="i" HPOS="1629" VPOS="145" WIDTH="6" HEIGHT="55" GC="0.9959">
                                <Shape>
                                    <Polygon POINTS="1629 145 1629 200 1635 199 1635 146"/>
                                </Shape>
                            </Glyph>
                            <Glyph ID="char_45" CONTENT="n" HPOS="1658" VPOS="148" WIDTH="0" HEIGHT="53" GC="0.9165">
                                <Shape>
                                    <Polygon POINTS="1658 148 1658 201 1658 201 1658 148"/>
                                </Shape>
                            </Glyph>
                        </String>
                        <SP ID="segment_15" HPOS="1715"  VPOS="140" WIDTH="6"  HEIGHT="65"/>
                        <String ID="segment_16" CONTENT="de" HPOS="1732" VPOS="133" WIDTH="37" HEIGHT="76" WC="0.9883">
                            <Shape>
                                <Polygon POINTS="1732 138 1732 206 1767 209 1769 133"/>
                            </Shape>
                            <Glyph ID="char_47" CONTENT="d" HPOS="1732" VPOS="138" WIDTH="0" HEIGHT="68" GC="0.9787">
                                <Shape>
                                    <Polygon POINTS="1732 138 1732 206 1732 206 1732 138"/>
                                </Shape>
                            </Glyph>
                            <Glyph ID="char_48" CONTENT="e" HPOS="1767" VPOS="133" WIDTH="2" HEIGHT="76" GC="0.9978">
                                <Shape>
                                    <Polygon POINTS="1769 133 1767 209 1767 209 1769 133"/>
                                </Shape>
                            </Glyph>
                        </String>
                        <SP ID="segment_17" HPOS="1784"  VPOS="132" WIDTH="8"  HEIGHT="76"/>
                        <String ID="segment_18" CONTENT="lever" HPOS="1801" VPOS="132" WIDTH="105" HEIGHT="76" WC="0.903">
                            <Shape>
                                <Polygon POINTS="1803 132 1801 208 1905 203 1906 145"/>
                            </Shape>
                            <Glyph ID="char_50" CONTENT="l" HPOS="1801" VPOS="132" WIDTH="2" HEIGHT="76" GC="0.5192">
                                <Shape>
                                    <Polygon POINTS="1803 132 1801 208 1801 208 1803 132"/>
                                </Shape>
                            </Glyph>
                            <Glyph ID="char_51" CONTENT="e" HPOS="1818" VPOS="132" WIDTH="2" HEIGHT="75" GC="0.9996">
                                <Shape>
                                    <Polygon POINTS="1820 132 1818 207 1818 207 1820 132"/>
                                </Shape>
                            </Glyph>
                            <Glyph ID="char_52" CONTENT="v" HPOS="1847" VPOS="132" WIDTH="2" HEIGHT="74" GC="0.9997">
                                <Shape>
                                    <Polygon POINTS="1849 132 1847 206 1847 206 1849 132"/>
                                </Shape>
                            </Glyph>
                            <Glyph ID="char_53" CONTENT="e" HPOS="1882" VPOS="145" WIDTH="1" HEIGHT="59" GC="0.9999">
                                <Shape>
                                    <Polygon POINTS="1883 145 1882 204 1882 204 1883 145"/>
                                </Shape>
                            </Glyph>
                            <Glyph ID="char_54" CONTENT="r" HPOS="1905" VPOS="145" WIDTH="1" HEIGHT="58" GC="0.9965">
                                <Shape>
                                    <Polygon POINTS="1906 145 1905 203 1905 203 1906 145"/>
                                </Shape>
                            </Glyph>
                        </String>
                    </TextLine>

                    <TextLine ID="dbc95abc-17f2-4a0e-93b4-69abc46c9346" HPOS="128.0" VPOS="251.0" WIDTH="1873.0" HEIGHT="112.0" BASELINE="129.0 348.0 422.0 331.0 1044.0 311.0 2001.0 312.0" TAGREFS="LINE_TYPE_1">
                        <Shape>
                            <Polygon POINTS="129.0 348.0 129.0 363.0 247.0 361.0 248.0 361.0 284.0 349.0 360.0 361.0 361.0 361.0 499.0 360.0 609.0 337.0 650.0 345.0 651.0 346.0 798.0 346.0 798.0 345.0 800.0 345.0 819.0 337.0 852.0 346.0 853.0 346.0 855.0 346.0 948.0 328.0 1340.0 328.0 1423.0 349.0 1424.0 349.0 1426.0 351.0 1470.0 351.0 1470.0 349.0 1560.0 348.0 1562.0 348.0 1615.0 326.0 1795.0 334.0 1797.0 334.0 2000.0 325.0 2001.0 312.0 1998.0 271.0 1878.0 276.0 1792.0 251.0 1791.0 251.0 1789.0 251.0 1638.0 265.0 1604.0 253.0 1603.0 253.0 1601.0 253.0 1467.0 254.0 1296.0 268.0 1294.0 268.0 1262.0 282.0 1233.0 270.0 1232.0 270.0 1230.0 270.0 1143.0 271.0 1094.0 259.0 1093.0 259.0 1091.0 259.0 948.0 261.0 739.0 291.0 613.0 291.0 574.0 277.0 572.0 277.0 571.0 277.0 569.0 277.0 525.0 291.0 496.0 282.0 494.0 282.0 493.0 282.0 392.0 294.0 282.0 288.0 280.0 288.0 128.0 297.0 129.0 348.0"/>
                        </Shape>
                        <String ID="segment_19" CONTENT="un" HPOS="159" VPOS="293" WIDTH="44" HEIGHT="69" WC="0.9994">
                            <Shape>
                                <Polygon POINTS="159 295 163 362 203 362 199 293"/>
                            </Shape>
                            <Glyph ID="char_55" CONTENT="u" HPOS="159" VPOS="295" WIDTH="4" HEIGHT="67" GC="0.9991">
                                <Shape>
                                    <Polygon POINTS="159 295 163 362 163 362 159 295"/>
                                </Shape>
                            </Glyph>
                            <Glyph ID="char_56" CONTENT="n" HPOS="199" VPOS="293" WIDTH="4" HEIGHT="69" GC="0.9998">
                                <Shape>
                                    <Polygon POINTS="199 293 203 362 203 362 199 293"/>
                                </Shape>
                            </Glyph>
                        </String>
                        <SP ID="segment_20" HPOS="232"  VPOS="290" WIDTH="11"  HEIGHT="71"/>
                        <String ID="segment_21" CONTENT="menage" HPOS="252" VPOS="282" WIDTH="241" HEIGHT="79" WC="0.9995">
                            <Shape>
                                <Polygon POINTS="252 290 256 358 493 360 491 282"/>
                            </Shape>
                            <Glyph ID="char_58" CONTENT="m" HPOS="252" VPOS="290" WIDTH="4" HEIGHT="68" GC="0.9998">
                                <Shape>
                                    <Polygon POINTS="252 290 256 358 256 358 252 290"/>
                                </Shape>
                            </Glyph>
                            <Glyph ID="char_59" CONTENT="e" HPOS="331" VPOS="291" WIDTH="4" HEIGHT="66" GC="0.9999">
                                <Shape>
                                    <Polygon POINTS="331 291 335 357 335 357 331 291"/>
                                </Shape>
                            </Glyph>
                            <Glyph ID="char_60" CONTENT="n" HPOS="364" VPOS="292" WIDTH="4" HEIGHT="69" GC="0.9999">
                                <Shape>
                                    <Polygon POINTS="364 292 368 361 368 361 364 292"/>
                                </Shape>
                            </Glyph>
                            <Glyph ID="char_61" CONTENT="a" HPOS="404" VPOS="293" WIDTH="4" HEIGHT="68" GC="0.9996">
                                <Shape>
                                    <Polygon POINTS="404 293 408 361 408 361 404 293"/>
                                </Shape>
                            </Glyph>
                            <Glyph ID="char_62" CONTENT="g" HPOS="445" VPOS="288" WIDTH="2" HEIGHT="72" GC="0.9979">
                                <Shape>
                                    <Polygon POINTS="445 288 447 360 447 360 445 288"/>
                                </Shape>
                            </Glyph>
                            <Glyph ID="char_63" CONTENT="e" HPOS="491" VPOS="282" WIDTH="2" HEIGHT="78" GC="1.0">
                                <Shape>
                                    <Polygon POINTS="491 282 493 360 493 360 491 282"/>
                                </Shape>
                            </Glyph>
                        </String>
                        <SP ID="segment_22" HPOS="551"  VPOS="281" WIDTH="8"  HEIGHT="68"/>
                        <String ID="segment_23" CONTENT="a" HPOS="577" VPOS="278" WIDTH="2" HEIGHT="65" WC="1.0">
                            <Shape>
                                <Polygon POINTS="577 278 579 343 579 343 577 278"/>
                            </Shape>
                            <Glyph ID="char_65" CONTENT="a" HPOS="577" VPOS="278" WIDTH="2" HEIGHT="65" GC="1.0">
                                <Shape>
                                    <Polygon POINTS="577 278 579 343 579 343 577 278"/>
                                </Shape>
                            </Glyph>
                        </String>
                        <SP ID="segment_24" HPOS="604"  VPOS="288" WIDTH="8"  HEIGHT="50"/>
                        <String ID="segment_25" CONTENT="paris" HPOS="624" VPOS="289" WIDTH="134" HEIGHT="57" WC="0.9801">
                            <Shape>
                                <Polygon POINTS="624 291 626 340 758 346 756 289"/>
                            </Shape>
                            <Glyph ID="char_67" CONTENT="p" HPOS="624" VPOS="291" WIDTH="2" HEIGHT="49" GC="0.9997">
                                <Shape>
                                    <Polygon POINTS="624 291 626 340 626 340 624 291"/>
                                </Shape>
                            </Glyph>
                            <Glyph ID="char_68" CONTENT="a" HPOS="677" VPOS="291" WIDTH="2" HEIGHT="55" GC="0.9894">
                                <Shape>
                                    <Polygon POINTS="677 291 679 346 679 346 677 291"/>
                                </Shape>
                            </Glyph>
                            <Glyph ID="char_69" CONTENT="r" HPOS="710" VPOS="291" WIDTH="8" HEIGHT="55" GC="1.0">
                                <Shape>
                                    <Polygon POINTS="710 291 712 346 718 346 716 291"/>
                                </Shape>
                            </Glyph>
                            <Glyph ID="char_70" CONTENT="i" HPOS="730" VPOS="291" WIDTH="2" HEIGHT="55" GC="0.9117">
                                <Shape>
                                    <Polygon POINTS="730 291 732 346 732 346 730 291"/>
                                </Shape>
                            </Glyph>
                            <Glyph ID="char_71" CONTENT="s" HPOS="756" VPOS="289" WIDTH="2" HEIGHT="57" GC="0.9997">
                                <Shape>
                                    <Polygon POINTS="756 289 758 346 758 346 756 289"/>
                                </Shape>
                            </Glyph>
                        </String>
                        <SP ID="segment_26" HPOS="822"  VPOS="278" WIDTH="9"  HEIGHT="62"/>
                        <String ID="segment_27" CONTENT="ils" HPOS="842" VPOS="269" WIDTH="55" HEIGHT="75" WC="0.9738">
                            <Shape>
                                <Polygon POINTS="842 276 844 344 897 338 895 269"/>
                            </Shape>
                            <Glyph ID="char_73" CONTENT="i" HPOS="842" VPOS="276" WIDTH="2" HEIGHT="68" GC="1.0">
                                <Shape>
                                    <Polygon POINTS="842 276 844 344 844 344 842 276"/>
                                </Shape>
                            </Glyph>
                            <Glyph ID="char_74" CONTENT="l" HPOS="875" VPOS="272" WIDTH="2" HEIGHT="70" GC="0.9733">
                                <Shape>
                                    <Polygon POINTS="875 272 877 342 877 342 875 272"/>
                                </Shape>
                            </Glyph>
                            <Glyph ID="char_75" CONTENT="s" HPOS="895" VPOS="269" WIDTH="2" HEIGHT="69" GC="0.9481">
                                <Shape>
                                    <Polygon POINTS="895 269 897 338 897 338 895 269"/>
                                </Shape>
                            </Glyph>
                        </String>
                        <SP ID="segment_28" HPOS="922"  VPOS="263" WIDTH="15"  HEIGHT="70"/>
                        <String ID="segment_29" CONTENT="trouverons" HPOS="948" VPOS="259" WIDTH="279" HEIGHT="69" WC="0.9931">
                            <Shape>
                                <Polygon POINTS="948 261 950 328 1227 328 1227 270"/>
                            </Shape>
                            <Glyph ID="char_77" CONTENT="t" HPOS="948" VPOS="261" WIDTH="2" HEIGHT="67" GC="0.9957">
                                <Shape>
                                    <Polygon POINTS="948 261 950 328 950 328 948 261"/>
                                </Shape>
                            </Glyph>
                            <Glyph ID="char_78" CONTENT="r" HPOS="975" VPOS="261" WIDTH="8" HEIGHT="67" GC="0.9996">
                                <Shape>
                                    <Polygon POINTS="975 261 977 328 983 328 981 261"/>
                                </Shape>
                            </Glyph>
                            <Glyph ID="char_79" CONTENT="o" HPOS="1008" VPOS="260" WIDTH="2" HEIGHT="68" GC="0.9999">
                                <Shape>
                                    <Polygon POINTS="1008 260 1010 328 1010 328 1008 260"/>
                                </Shape>
                            </Glyph>
                            <Glyph ID="char_80" CONTENT="u" HPOS="1048" VPOS="260" WIDTH="0" HEIGHT="68" GC="0.9559">
                                <Shape>
                                    <Polygon POINTS="1048 260 1048 328 1048 328 1048 260"/>
                                </Shape>
                            </Glyph>
                            <Glyph ID="char_81" CONTENT="v" HPOS="1075" VPOS="259" WIDTH="0" HEIGHT="69" GC="1.0">
                                <Shape>
                                    <Polygon POINTS="1075 259 1075 328 1075 328 1075 259"/>
                                </Shape>
                            </Glyph>
                            <Glyph ID="char_82" CONTENT="e" HPOS="1108" VPOS="262" WIDTH="0" HEIGHT="66" GC="1.0">
                                <Shape>
                                    <Polygon POINTS="1108 262 1108 328 1108 328 1108 262"/>
                                </Shape>
                            </Glyph>
                            <Glyph ID="char_83" CONTENT="r" HPOS="1128" VPOS="267" WIDTH="7" HEIGHT="61" GC="0.9994">
                                <Shape>
                                    <Polygon POINTS="1128 267 1128 328 1135 328 1135 269"/>
                                </Shape>
                            </Glyph>
                            <Glyph ID="char_84" CONTENT="o" HPOS="1148" VPOS="271" WIDTH="0" HEIGHT="57" GC="0.9973">
                                <Shape>
                                    <Polygon POINTS="1148 271 1148 328 1148 328 1148 271"/>
                                </Shape>
                            </Glyph>
                            <Glyph ID="char_85" CONTENT="n" HPOS="1194" VPOS="270" WIDTH="0" HEIGHT="58" GC="0.9999">
                                <Shape>
                                    <Polygon POINTS="1194 270 1194 328 1194 328 1194 270"/>
                                </Shape>
                            </Glyph>
                            <Glyph ID="char_86" CONTENT="s" HPOS="1227" VPOS="270" WIDTH="0" HEIGHT="58" GC="0.9829">
                                <Shape>
                                    <Polygon POINTS="1227 270 1227 328 1227 328 1227 270"/>
                                </Shape>
                            </Glyph>
                        </String>
                        <SP ID="segment_30" HPOS="1267"  VPOS="277" WIDTH="7"  HEIGHT="51"/>
                        <String ID="segment_31" CONTENT="a" HPOS="1293" VPOS="268" WIDTH="0" HEIGHT="60" WC="0.9999">
                            <Shape>
                                <Polygon POINTS="1293 268 1293 328 1293 328 1293 268"/>
                            </Shape>
                            <Glyph ID="char_88" CONTENT="a" HPOS="1293" VPOS="268" WIDTH="0" HEIGHT="60" GC="0.9999">
                                <Shape>
                                    <Polygon POINTS="1293 268 1293 328 1293 328 1293 268"/>
                                </Shape>
                            </Glyph>
                        </String>
                        <SP ID="segment_32" HPOS="1346"  VPOS="263" WIDTH="7"  HEIGHT="68"/>
                        <String ID="segment_33" CONTENT="se" HPOS="1366" VPOS="259" WIDTH="40" HEIGHT="86" WC="0.9992">
                            <Shape>
                                <Polygon POINTS="1366 262 1366 335 1406 345 1406 259"/>
                            </Shape>
                            <Glyph ID="char_90" CONTENT="s" HPOS="1366" VPOS="262" WIDTH="0" HEIGHT="73" GC="1.0">
                                <Shape>
                                    <Polygon POINTS="1366 262 1366 335 1366 335 1366 262"/>
                                </Shape>
                            </Glyph>
                            <Glyph ID="char_91" CONTENT="e" HPOS="1399" VPOS="259" WIDTH="7" HEIGHT="86" GC="0.9985">
                                <Shape>
                                    <Polygon POINTS="1399 260 1399 343 1406 345 1406 259"/>
                                </Shape>
                            </Glyph>
                        </String>
                        <SP ID="segment_34" HPOS="1426"  VPOS="257" WIDTH="7"  HEIGHT="94"/>
                        <String ID="segment_35" CONTENT="leger" HPOS="1446" VPOS="253" WIDTH="165" HEIGHT="98" WC="0.9956">
                            <Shape>
                                <Polygon POINTS="1446 256 1446 351 1611 328 1611 256"/>
                            </Shape>
                            <Glyph ID="char_93" CONTENT="l" HPOS="1446" VPOS="256" WIDTH="0" HEIGHT="95" GC="0.9998">
                                <Shape>
                                    <Polygon POINTS="1446 256 1446 351 1446 351 1446 256"/>
                                </Shape>
                            </Glyph>
                            <Glyph ID="char_94" CONTENT="e" HPOS="1512" VPOS="254" WIDTH="0" HEIGHT="95" GC="0.9989">
                                <Shape>
                                    <Polygon POINTS="1512 254 1512 349 1512 349 1512 254"/>
                                </Shape>
                            </Glyph>
                            <Glyph ID="char_95" CONTENT="g" HPOS="1545" VPOS="253" WIDTH="0" HEIGHT="95" GC="0.9838">
                                <Shape>
                                    <Polygon POINTS="1545 253 1545 348 1545 348 1545 253"/>
                                </Shape>
                            </Glyph>
                            <Glyph ID="char_96" CONTENT="e" HPOS="1585" VPOS="253" WIDTH="0" HEIGHT="85" GC="0.9984">
                                <Shape>
                                    <Polygon POINTS="1585 253 1585 338 1585 338 1585 253"/>
                                </Shape>
                            </Glyph>
                            <Glyph ID="char_97" CONTENT="r" HPOS="1611" VPOS="256" WIDTH="0" HEIGHT="72" GC="0.9972">
                                <Shape>
                                    <Polygon POINTS="1611 256 1611 328 1611 328 1611 256"/>
                                </Shape>
                            </Glyph>
                        </String>
                        <SP ID="segment_36" HPOS="1664"  VPOS="262" WIDTH="7"  HEIGHT="66"/>
                        <String ID="segment_37" CONTENT="et" HPOS="1684" VPOS="258" WIDTH="33" HEIGHT="73" WC="0.967">
                            <Shape>
                                <Polygon POINTS="1684 261 1684 329 1717 331 1717 258"/>
                            </Shape>
                            <Glyph ID="char_99" CONTENT="e" HPOS="1684" VPOS="261" WIDTH="0" HEIGHT="68" GC="0.9345">
                                <Shape>
                                    <Polygon POINTS="1684 261 1684 329 1684 329 1684 261"/>
                                </Shape>
                            </Glyph>
                            <Glyph ID="char_100" CONTENT="t" HPOS="1717" VPOS="258" WIDTH="0" HEIGHT="73" GC="0.9996">
                                <Shape>
                                    <Polygon POINTS="1717 258 1717 331 1717 331 1717 258"/>
                                </Shape>
                            </Glyph>
                        </String>
                        <SP ID="segment_38" HPOS="1750"  VPOS="254" WIDTH="7"  HEIGHT="78"/>
                        <String ID="segment_39" CONTENT="nourir" HPOS="1770" VPOS="253" WIDTH="186" HEIGHT="80" WC="0.8843">
                            <Shape>
                                <Polygon POINTS="1770 253 1770 333 1956 327 1956 273"/>
                            </Shape>
                            <Glyph ID="char_102" CONTENT="n" HPOS="1770" VPOS="253" WIDTH="0" HEIGHT="80" GC="0.9965">
                                <Shape>
                                    <Polygon POINTS="1770 253 1770 333 1770 333 1770 253"/>
                                </Shape>
                            </Glyph>
                            <Glyph ID="char_103" CONTENT="o" HPOS="1823" VPOS="260" WIDTH="0" HEIGHT="73" GC="0.5207">
                                <Shape>
                                    <Polygon POINTS="1823 260 1823 333 1823 333 1823 260"/>
                                </Shape>
                            </Glyph>
                            <Glyph ID="char_104" CONTENT="u" HPOS="1863" VPOS="272" WIDTH="0" HEIGHT="59" GC="0.9992">
                                <Shape>
                                    <Polygon POINTS="1863 272 1863 331 1863 331 1863 272"/>
                                </Shape>
                            </Glyph>
                            <Glyph ID="char_105" CONTENT="r" HPOS="1896" VPOS="275" WIDTH="0" HEIGHT="55" GC="0.9992">
                                <Shape>
                                    <Polygon POINTS="1896 275 1896 330 1896 330 1896 275"/>
                                </Shape>
                            </Glyph>
                            <Glyph ID="char_106" CONTENT="i" HPOS="1923" VPOS="274" WIDTH="0" HEIGHT="54" GC="0.8184">
                                <Shape>
                                    <Polygon POINTS="1923 274 1923 328 1923 328 1923 274"/>
                                </Shape>
                            </Glyph>
                            <Glyph ID="char_107" CONTENT="r" HPOS="1956" VPOS="273" WIDTH="0" HEIGHT="54" GC="0.9717">
                                <Shape>
                                    <Polygon POINTS="1956 273 1956 327 1956 327 1956 273"/>
                                </Shape>
                            </Glyph>
                        </String>
                    </TextLine>

                    <TextLine ID="4c5c6faa-6a6d-4cc1-94ed-222abab8d392" HPOS="138.0" VPOS="369.0" WIDTH="1871.0" HEIGHT="131.0" BASELINE="142.0 480.0 509.0 453.0 1000.0 435.0 1507.0 438.0 2009.0 430.0" TAGREFS="LINE_TYPE_1">
                        <Shape>
                            <Polygon POINTS="142.0 480.0 142.0 500.0 253.0 480.0 392.0 483.0 393.0 483.0 584.0 464.0 792.0 461.0 845.0 483.0 847.0 483.0 848.0 485.0 896.0 485.0 896.0 483.0 1056.0 479.0 1058.0 479.0 1151.0 450.0 1256.0 450.0 1400.0 471.0 1401.0 471.0 1497.0 468.0 1499.0 468.0 1539.0 454.0 1650.0 458.0 1652.0 458.0 1728.0 444.0 1835.0 459.0 1836.0 459.0 1838.0 459.0 1868.0 450.0 2009.0 450.0 2009.0 430.0 2004.0 383.0 1940.0 390.0 1891.0 370.0 1890.0 370.0 1888.0 370.0 1887.0 370.0 1841.0 395.0 1772.0 395.0 1673.0 369.0 1671.0 369.0 1670.0 369.0 1668.0 369.0 1607.0 398.0 1534.0 392.0 1532.0 392.0 1455.0 404.0 1223.0 407.0 1158.0 389.0 1157.0 389.0 1155.0 389.0 1154.0 389.0 1119.0 404.0 1090.0 392.0 1088.0 392.0 960.0 386.0 958.0 386.0 800.0 390.0 798.0 390.0 746.0 413.0 677.0 418.0 456.0 398.0 455.0 398.0 374.0 401.0 372.0 401.0 250.0 432.0 138.0 424.0 142.0 480.0"/>
                        </Shape>
                        <String ID="segment_40" CONTENT="ches" HPOS="142" VPOS="428" WIDTH="123" HEIGHT="61" WC="0.9998">
                            <Shape>
                                <Polygon POINTS="142 480 142 480 265 480 262 429"/>
                            </Shape>
                            <Glyph ID="char_108" CONTENT="c" HPOS="142" VPOS="480" WIDTH="0" HEIGHT="0" GC="0.9997">
                                <Shape>
                                    <Polygon POINTS="142 480 142 480 142 480 142 480"/>
                                </Shape>
                            </Glyph>
                            <Glyph ID="char_109" CONTENT="h" HPOS="196" VPOS="428" WIDTH="5" HEIGHT="61" GC="1.0">
                                <Shape>
                                    <Polygon POINTS="196 428 201 489 201 489 196 428"/>
                                </Shape>
                            </Glyph>
                            <Glyph ID="char_110" CONTENT="e" HPOS="233" VPOS="431" WIDTH="3" HEIGHT="52" GC="0.9998">
                                <Shape>
                                    <Polygon POINTS="233 431 236 483 236 483 233 431"/>
                                </Shape>
                            </Glyph>
                            <Glyph ID="char_111" CONTENT="s" HPOS="262" VPOS="429" WIDTH="3" HEIGHT="51" GC="0.9999">
                                <Shape>
                                    <Polygon POINTS="262 429 265 480 265 480 262 429"/>
                                </Shape>
                            </Glyph>
                        </String>
                        <SP ID="segment_41" HPOS="304"  VPOS="417" WIDTH="12"  HEIGHT="64"/>
                        <String ID="segment_42" CONTENT="eeurs" HPOS="326" VPOS="399" WIDTH="213" HEIGHT="83" WC="0.992">
                            <Shape>
                                <Polygon POINTS="326 413 331 482 539 469 536 405"/>
                            </Shape>
                            <Glyph ID="char_113" CONTENT="e" HPOS="326" VPOS="413" WIDTH="5" HEIGHT="69" GC="0.9741">
                                <Shape>
                                    <Polygon POINTS="326 413 331 482 331 482 326 413"/>
                                </Shape>
                            </Glyph>
                            <Glyph ID="char_114" CONTENT="e" HPOS="433" VPOS="399" WIDTH="6" HEIGHT="79" GC="0.9868">
                                <Shape>
                                    <Polygon POINTS="433 399 439 478 439 478 433 399"/>
                                </Shape>
                            </Glyph>
                            <Glyph ID="char_115" CONTENT="u" HPOS="476" VPOS="400" WIDTH="5" HEIGHT="74" GC="0.9999">
                                <Shape>
                                    <Polygon POINTS="476 400 481 474 481 474 476 400"/>
                                </Shape>
                            </Glyph>
                            <Glyph ID="char_116" CONTENT="r" HPOS="507" VPOS="403" WIDTH="3" HEIGHT="68" GC="1.0">
                                <Shape>
                                    <Polygon POINTS="507 403 510 471 510 471 507 403"/>
                                </Shape>
                            </Glyph>
                            <Glyph ID="char_117" CONTENT="s" HPOS="536" VPOS="405" WIDTH="3" HEIGHT="64" GC="0.9995">
                                <Shape>
                                    <Polygon POINTS="536 405 539 469 539 469 536 405"/>
                                </Shape>
                            </Glyph>
                        </String>
                        <SP ID="segment_43" HPOS="579"  VPOS="409" WIDTH="10"  HEIGHT="55"/>
                        <String ID="segment_44" CONTENT="parents" HPOS="602" VPOS="390" WIDTH="219" HEIGHT="83" WC="0.9699">
                            <Shape>
                                <Polygon POINTS="602 411 603 464 821 473 818 390"/>
                            </Shape>
                            <Glyph ID="char_119" CONTENT="p" HPOS="602" VPOS="411" WIDTH="1" HEIGHT="53" GC="0.9952">
                                <Shape>
                                    <Polygon POINTS="602 411 603 464 603 464 602 411"/>
                                </Shape>
                            </Glyph>
                            <Glyph ID="char_120" CONTENT="a" HPOS="653" VPOS="416" WIDTH="1" HEIGHT="47" GC="0.9999">
                                <Shape>
                                    <Polygon POINTS="653 416 654 463 654 463 653 416"/>
                                </Shape>
                            </Glyph>
                            <Glyph ID="char_121" CONTENT="r" HPOS="682" VPOS="418" WIDTH="1" HEIGHT="45" GC="0.8274">
                                <Shape>
                                    <Polygon POINTS="682 418 683 463 683 463 682 418"/>
                                </Shape>
                            </Glyph>
                            <Glyph ID="char_122" CONTENT="e" HPOS="725" VPOS="415" WIDTH="1" HEIGHT="47" GC="0.9979">
                                <Shape>
                                    <Polygon POINTS="725 415 726 462 726 462 725 415"/>
                                </Shape>
                            </Glyph>
                            <Glyph ID="char_123" CONTENT="n" HPOS="760" VPOS="407" WIDTH="2" HEIGHT="54" GC="1.0">
                                <Shape>
                                    <Polygon POINTS="760 407 762 461 762 461 760 407"/>
                                </Shape>
                            </Glyph>
                            <Glyph ID="char_124" CONTENT="t" HPOS="796" VPOS="391" WIDTH="3" HEIGHT="73" GC="0.9999">
                                <Shape>
                                    <Polygon POINTS="796 391 799 464 799 464 796 391"/>
                                </Shape>
                            </Glyph>
                            <Glyph ID="char_125" CONTENT="s" HPOS="818" VPOS="390" WIDTH="3" HEIGHT="83" GC="0.9693">
                                <Shape>
                                    <Polygon POINTS="818 390 821 473 821 473 818 390"/>
                                </Shape>
                            </Glyph>
                        </String>
                        <SP ID="segment_45" HPOS="868"  VPOS="388" WIDTH="18"  HEIGHT="97"/>
                        <String ID="segment_46" CONTENT="jusqu&#39;" HPOS="897" VPOS="386" WIDTH="219" HEIGHT="97" WC="0.9982">
                            <Shape>
                                <Polygon POINTS="897 388 900 483 1116 461 1116 403"/>
                            </Shape>
                            <Glyph ID="char_127" CONTENT="j" HPOS="897" VPOS="388" WIDTH="3" HEIGHT="95" GC="0.9951">
                                <Shape>
                                    <Polygon POINTS="897 388 900 483 900 483 897 388"/>
                                </Shape>
                            </Glyph>
                            <Glyph ID="char_128" CONTENT="u" HPOS="955" VPOS="386" WIDTH="3" HEIGHT="95" GC="0.9998">
                                <Shape>
                                    <Polygon POINTS="955 386 958 481 958 481 955 386"/>
                                </Shape>
                            </Glyph>
                            <Glyph ID="char_129" CONTENT="s" HPOS="984" VPOS="387" WIDTH="3" HEIGHT="94" GC="1.0">
                                <Shape>
                                    <Polygon POINTS="984 387 987 481 987 481 984 387"/>
                                </Shape>
                            </Glyph>
                            <Glyph ID="char_130" CONTENT="q" HPOS="1028" VPOS="389" WIDTH="1" HEIGHT="91" GC="0.9947">
                                <Shape>
                                    <Polygon POINTS="1029 389 1028 480 1028 480 1029 389"/>
                                </Shape>
                            </Glyph>
                            <Glyph ID="char_131" CONTENT="u" HPOS="1071" VPOS="391" WIDTH="1" HEIGHT="84" GC="0.9998">
                                <Shape>
                                    <Polygon POINTS="1072 391 1071 475 1071 475 1072 391"/>
                                </Shape>
                            </Glyph>
                            <Glyph ID="char_132" CONTENT="&#39;" HPOS="1116" VPOS="403" WIDTH="0" HEIGHT="58" GC="1.0">
                                <Shape>
                                    <Polygon POINTS="1116 403 1116 461 1116 461 1116 403"/>
                                </Shape>
                            </Glyph>
                        </String>
                        <SP ID="segment_47" HPOS="1123"  VPOS="402" WIDTH="0"  HEIGHT="57"/>
                        <String ID="segment_48" CONTENT="a" HPOS="1137" VPOS="396" WIDTH="0" HEIGHT="59" WC="0.9996">
                            <Shape>
                                <Polygon POINTS="1137 396 1137 455 1137 455 1137 396"/>
                            </Shape>
                            <Glyph ID="char_134" CONTENT="a" HPOS="1137" VPOS="396" WIDTH="0" HEIGHT="59" GC="0.9996">
                                <Shape>
                                    <Polygon POINTS="1137 396 1137 455 1137 455 1137 396"/>
                                </Shape>
                            </Glyph>
                        </String>
                        <SP ID="segment_49" HPOS="1210"  VPOS="403" WIDTH="7"  HEIGHT="47"/>
                        <String ID="segment_50" CONTENT="Leur" HPOS="1231" VPOS="405" WIDTH="130" HEIGHT="60" WC="0.8784">
                            <Shape>
                                <Polygon POINTS="1231 407 1231 450 1361 465 1361 405"/>
                            </Shape>
                            <Glyph ID="char_136" CONTENT="L" HPOS="1231" VPOS="407" WIDTH="0" HEIGHT="43" GC="1.0">
                                <Shape>
                                    <Polygon POINTS="1231 407 1231 450 1231 450 1231 407"/>
                                </Shape>
                            </Glyph>
                            <Glyph ID="char_137" CONTENT="e" HPOS="1282" VPOS="406" WIDTH="0" HEIGHT="48" GC="0.9993">
                                <Shape>
                                    <Polygon POINTS="1282 406 1282 454 1282 454 1282 406"/>
                                </Shape>
                            </Glyph>
                            <Glyph ID="char_138" CONTENT="u" HPOS="1318" VPOS="406" WIDTH="0" HEIGHT="53" GC="0.9999">
                                <Shape>
                                    <Polygon POINTS="1318 406 1318 459 1318 459 1318 406"/>
                                </Shape>
                            </Glyph>
                            <Glyph ID="char_139" CONTENT="r" HPOS="1361" VPOS="405" WIDTH="0" HEIGHT="60" GC="0.5146">
                                <Shape>
                                    <Polygon POINTS="1361 405 1361 465 1361 465 1361 405"/>
                                </Shape>
                            </Glyph>
                        </String>
                        <SP ID="segment_51" HPOS="1425"  VPOS="404" WIDTH="8"  HEIGHT="66"/>
                        <String ID="segment_52" CONTENT="depart" HPOS="1447" VPOS="381" WIDTH="196" HEIGHT="89" WC="0.9842">
                            <Shape>
                                <Polygon POINTS="1448 404 1447 470 1643 458 1642 381"/>
                            </Shape>
                            <Glyph ID="char_141" CONTENT="d" HPOS="1447" VPOS="404" WIDTH="1" HEIGHT="66" GC="0.9987">
                                <Shape>
                                    <Polygon POINTS="1448 404 1447 470 1447 470 1448 404"/>
                                </Shape>
                            </Glyph>
                            <Glyph ID="char_142" CONTENT="e" HPOS="1490" VPOS="398" WIDTH="1" HEIGHT="70" GC="0.9998">
                                <Shape>
                                    <Polygon POINTS="1491 398 1490 468 1490 468 1491 398"/>
                                </Shape>
                            </Glyph>
                            <Glyph ID="char_143" CONTENT="p" HPOS="1519" VPOS="394" WIDTH="1" HEIGHT="67" GC="0.9997">
                                <Shape>
                                    <Polygon POINTS="1519 394 1520 461 1520 461 1519 394"/>
                                </Shape>
                            </Glyph>
                            <Glyph ID="char_144" CONTENT="a" HPOS="1562" VPOS="394" WIDTH="1" HEIGHT="61" GC="1.0">
                                <Shape>
                                    <Polygon POINTS="1562 394 1563 455 1563 455 1562 394"/>
                                </Shape>
                            </Glyph>
                            <Glyph ID="char_145" CONTENT="r" HPOS="1606" VPOS="398" WIDTH="1" HEIGHT="58" GC="0.9086">
                                <Shape>
                                    <Polygon POINTS="1606 398 1607 456 1607 456 1606 398"/>
                                </Shape>
                            </Glyph>
                            <Glyph ID="char_146" CONTENT="t" HPOS="1642" VPOS="381" WIDTH="1" HEIGHT="77" GC="0.9984">
                                <Shape>
                                    <Polygon POINTS="1642 381 1643 458 1643 458 1642 381"/>
                                </Shape>
                            </Glyph>
                        </String>
                        <SP ID="segment_53" HPOS="1692"  VPOS="374" WIDTH="1"  HEIGHT="76"/>
                        <String ID="segment_54" CONTENT="qui" HPOS="1714" VPOS="380" WIDTH="88" HEIGHT="74" WC="0.6204">
                            <Shape>
                                <Polygon POINTS="1714 380 1715 446 1802 454 1801 395"/>
                            </Shape>
                            <Glyph ID="char_148" CONTENT="q" HPOS="1714" VPOS="380" WIDTH="1" HEIGHT="66" GC="0.448">
                                <Shape>
                                    <Polygon POINTS="1714 380 1715 446 1715 446 1714 380"/>
                                </Shape>
                            </Glyph>
                            <Glyph ID="char_149" CONTENT="u" HPOS="1772" VPOS="395" WIDTH="1" HEIGHT="55" GC="0.414">
                                <Shape>
                                    <Polygon POINTS="1772 395 1773 450 1773 450 1772 395"/>
                                </Shape>
                            </Glyph>
                            <Glyph ID="char_150" CONTENT="i" HPOS="1801" VPOS="395" WIDTH="1" HEIGHT="59" GC="0.9992">
                                <Shape>
                                    <Polygon POINTS="1801 395 1802 454 1802 454 1801 395"/>
                                </Shape>
                            </Glyph>
                        </String>
                        <SP ID="segment_55" HPOS="1829"  VPOS="395" WIDTH="9"  HEIGHT="64"/>
                        <String ID="segment_56" CONTENT="seroit" HPOS="1851" VPOS="370" WIDTH="131" HEIGHT="85" WC="0.9745">
                            <Shape>
                                <Polygon POINTS="1851 390 1852 455 1982 450 1981 386"/>
                            </Shape>
                            <Glyph ID="char_152" CONTENT="s" HPOS="1851" VPOS="390" WIDTH="1" HEIGHT="65" GC="0.9728">
                                <Shape>
                                    <Polygon POINTS="1851 390 1852 455 1852 455 1851 390"/>
                                </Shape>
                            </Glyph>
                            <Glyph ID="char_153" CONTENT="e" HPOS="1887" VPOS="370" WIDTH="1" HEIGHT="80" GC="0.9684">
                                <Shape>
                                    <Polygon POINTS="1887 370 1888 450 1888 450 1887 370"/>
                                </Shape>
                            </Glyph>
                            <Glyph ID="char_154" CONTENT="r" HPOS="1909" VPOS="377" WIDTH="8" HEIGHT="73" GC="0.9959">
                                <Shape>
                                    <Polygon POINTS="1909 377 1910 450 1917 450 1916 380"/>
                                </Shape>
                            </Glyph>
                            <Glyph ID="char_155" CONTENT="o" HPOS="1931" VPOS="386" WIDTH="1" HEIGHT="64" GC="0.984">
                                <Shape>
                                    <Polygon POINTS="1931 386 1932 450 1932 450 1931 386"/>
                                </Shape>
                            </Glyph>
                            <Glyph ID="char_156" CONTENT="i" HPOS="1959" VPOS="388" WIDTH="1" HEIGHT="62" GC="0.9801">
                                <Shape>
                                    <Polygon POINTS="1959 388 1960 450 1960 450 1959 388"/>
                                </Shape>
                            </Glyph>
                            <Glyph ID="char_157" CONTENT="t" HPOS="1981" VPOS="386" WIDTH="1" HEIGHT="64" GC="0.9456">
                                <Shape>
                                    <Polygon POINTS="1981 386 1982 450 1982 450 1981 386"/>
                                </Shape>
                            </Glyph>
                        </String>
                    </TextLine>

                    <TextLine ID="4f3d18ee-915e-4f74-b67e-a643bd015e6e" HPOS="149.0" VPOS="488.0" WIDTH="1742.0" HEIGHT="128.0" BASELINE="152.0 609.0 581.0 570.0 739.0 563.0 1274.0 551.0 1891.0 551.0" TAGREFS="LINE_TYPE_1">
                        <Shape>
                            <Polygon POINTS="152.0 609.0 152.0 616.0 296.0 613.0 297.0 613.0 351.0 595.0 387.0 603.0 389.0 603.0 442.0 592.0 470.0 603.0 471.0 603.0 473.0 603.0 542.0 587.0 1019.0 577.0 1090.0 592.0 1091.0 592.0 1481.0 581.0 1482.0 581.0 1529.0 566.0 1577.0 575.0 1578.0 575.0 1641.0 564.0 1688.0 574.0 1690.0 574.0 1891.0 563.0 1891.0 551.0 1888.0 506.0 1830.0 499.0 1829.0 499.0 1778.0 508.0 1725.0 488.0 1723.0 488.0 1722.0 488.0 1720.0 488.0 1673.0 508.0 1627.0 502.0 1626.0 502.0 1624.0 502.0 1577.0 516.0 1421.0 517.0 1314.0 488.0 1313.0 488.0 1311.0 488.0 1239.0 491.0 1238.0 491.0 1146.0 517.0 1070.0 496.0 1068.0 496.0 1067.0 496.0 1065.0 496.0 1035.0 503.0 819.0 502.0 818.0 502.0 816.0 502.0 815.0 502.0 798.0 512.0 703.0 505.0 702.0 505.0 636.0 520.0 609.0 514.0 607.0 514.0 606.0 514.0 604.0 514.0 577.0 528.0 412.0 523.0 410.0 523.0 409.0 523.0 361.0 549.0 149.0 552.0 152.0 609.0"/>
                        </Shape>
                        <String ID="segment_57" CONTENT="pour" HPOS="167" VPOS="550" WIDTH="152" HEIGHT="66" WC="0.9999">
                            <Shape>
                                <Polygon POINTS="167 552 173 616 319 606 314 550"/>
                            </Shape>
                            <Glyph ID="char_158" CONTENT="p" HPOS="167" VPOS="552" WIDTH="6" HEIGHT="64" GC="1.0">
                                <Shape>
                                    <Polygon POINTS="167 552 173 616 173 616 167 552"/>
                                </Shape>
                            </Glyph>
                            <Glyph ID="char_159" CONTENT="o" HPOS="227" VPOS="551" WIDTH="6" HEIGHT="63" GC="1.0">
                                <Shape>
                                    <Polygon POINTS="227 551 233 614 233 614 227 551"/>
                                </Shape>
                            </Glyph>
                            <Glyph ID="char_160" CONTENT="u" HPOS="281" VPOS="550" WIDTH="6" HEIGHT="63" GC="1.0">
                                <Shape>
                                    <Polygon POINTS="281 550 287 613 287 613 281 550"/>
                                </Shape>
                            </Glyph>
                            <Glyph ID="char_161" CONTENT="r" HPOS="314" VPOS="550" WIDTH="5" HEIGHT="56" GC="0.9998">
                                <Shape>
                                    <Polygon POINTS="314 550 319 606 319 606 314 550"/>
                                </Shape>
                            </Glyph>
                        </String>
                        <SP ID="segment_58" HPOS="361"  VPOS="546" WIDTH="11"  HEIGHT="54"/>
                        <String ID="segment_59" CONTENT="le" HPOS="381" VPOS="525" WIDTH="31" HEIGHT="78" WC="1.0">
                            <Shape>
                                <Polygon POINTS="381 538 386 603 412 598 405 525"/>
                            </Shape>
                            <Glyph ID="char_163" CONTENT="l" HPOS="381" VPOS="538" WIDTH="5" HEIGHT="65" GC="0.9999">
                                <Shape>
                                    <Polygon POINTS="381 538 386 603 386 603 381 538"/>
                                </Shape>
                            </Glyph>
                            <Glyph ID="char_164" CONTENT="e" HPOS="405" VPOS="525" WIDTH="7" HEIGHT="73" GC="1.0">
                                <Shape>
                                    <Polygon POINTS="405 525 412 598 412 598 405 525"/>
                                </Shape>
                            </Glyph>
                        </String>
                        <SP ID="segment_60" HPOS="447"  VPOS="524" WIDTH="12"  HEIGHT="75"/>
                        <String ID="segment_61" CONTENT="mois" HPOS="473" VPOS="515" WIDTH="145" HEIGHT="86" WC="0.9996">
                            <Shape>
                                <Polygon POINTS="473 525 480 601 618 585 615 515"/>
                            </Shape>
                            <Glyph ID="char_166" CONTENT="m" HPOS="473" VPOS="525" WIDTH="7" HEIGHT="76" GC="1.0">
                                <Shape>
                                    <Polygon POINTS="473 525 480 601 480 601 473 525"/>
                                </Shape>
                            </Glyph>
                            <Glyph ID="char_167" CONTENT="o" HPOS="567" VPOS="528" WIDTH="6" HEIGHT="58" GC="1.0">
                                <Shape>
                                    <Polygon POINTS="567 528 573 586 573 586 567 528"/>
                                </Shape>
                            </Glyph>
                            <Glyph ID="char_168" CONTENT="i" HPOS="595" VPOS="515" WIDTH="10" HEIGHT="71" GC="0.9983">
                                <Shape>
                                    <Polygon POINTS="595 519 598 586 605 586 602 515"/>
                                </Shape>
                            </Glyph>
                            <Glyph ID="char_169" CONTENT="s" HPOS="615" VPOS="515" WIDTH="3" HEIGHT="70" GC="1.0">
                                <Shape>
                                    <Polygon POINTS="615 515 618 585 618 585 615 515"/>
                                </Shape>
                            </Glyph>
                        </String>
                        <SP ID="segment_62" HPOS="669"  VPOS="511" WIDTH="10"  HEIGHT="73"/>
                        <String ID="segment_63" CONTENT="d&#39;octobre." HPOS="689" VPOS="498" WIDTH="370" HEIGHT="87" WC="0.9851">
                            <Shape>
                                <Polygon POINTS="689 508 692 584 1059 585 1057 498"/>
                            </Shape>
                            <Glyph ID="char_171" CONTENT="d" HPOS="689" VPOS="508" WIDTH="3" HEIGHT="76" GC="0.9998">
                                <Shape>
                                    <Polygon POINTS="689 508 692 584 692 584 689 508"/>
                                </Shape>
                            </Glyph>
                            <Glyph ID="char_172" CONTENT="&#39;" HPOS="716" VPOS="506" WIDTH="3" HEIGHT="77" GC="0.9999">
                                <Shape>
                                    <Polygon POINTS="716 506 719 583 719 583 716 506"/>
                                </Shape>
                            </Glyph>
                            <Glyph ID="char_173" CONTENT="o" HPOS="729" VPOS="507" WIDTH="3" HEIGHT="76" GC="0.9999">
                                <Shape>
                                    <Polygon POINTS="729 507 732 583 732 583 729 507"/>
                                </Shape>
                            </Glyph>
                            <Glyph ID="char_174" CONTENT="c" HPOS="770" VPOS="510" WIDTH="2" HEIGHT="72" GC="0.8991">
                                <Shape>
                                    <Polygon POINTS="770 510 772 582 772 582 770 510"/>
                                </Shape>
                            </Glyph>
                            <Glyph ID="char_175" CONTENT="t" HPOS="810" VPOS="505" WIDTH="2" HEIGHT="76" GC="0.9919">
                                <Shape>
                                    <Polygon POINTS="810 505 812 581 812 581 810 505"/>
                                </Shape>
                            </Glyph>
                            <Glyph ID="char_176" CONTENT="o" HPOS="844" VPOS="502" WIDTH="1" HEIGHT="79" GC="0.9918">
                                <Shape>
                                    <Polygon POINTS="844 502 845 581 845 581 844 502"/>
                                </Shape>
                            </Glyph>
                            <Glyph ID="char_177" CONTENT="b" HPOS="890" VPOS="502" WIDTH="1" HEIGHT="78" GC="0.9935">
                                <Shape>
                                    <Polygon POINTS="890 502 891 580 891 580 890 502"/>
                                </Shape>
                            </Glyph>
                            <Glyph ID="char_178" CONTENT="r" HPOS="930" VPOS="503" WIDTH="1" HEIGHT="76" GC="0.9755">
                                <Shape>
                                    <Polygon POINTS="930 503 931 579 931 579 930 503"/>
                                </Shape>
                            </Glyph>
                            <Glyph ID="char_179" CONTENT="e" HPOS="977" VPOS="503" WIDTH="1" HEIGHT="75" GC="0.9999">
                                <Shape>
                                    <Polygon POINTS="977 503 978 578 978 578 977 503"/>
                                </Shape>
                            </Glyph>
                            <Glyph ID="char_180" CONTENT="." HPOS="1057" VPOS="498" WIDTH="2" HEIGHT="87" GC="0.9997">
                                <Shape>
                                    <Polygon POINTS="1057 498 1059 585 1059 585 1057 498"/>
                                </Shape>
                            </Glyph>
                        </String>
                        <SP ID="segment_64" HPOS="1111"  VPOS="507" WIDTH="8"  HEIGHT="84"/>
                        <String ID="segment_65" CONTENT="joublires" HPOS="1137" VPOS="489" WIDTH="275" HEIGHT="102" WC="0.9984">
                            <Shape>
                                <Polygon POINTS="1137 515 1139 591 1412 583 1412 515"/>
                            </Shape>
                            <Glyph ID="char_182" CONTENT="j" HPOS="1137" VPOS="515" WIDTH="2" HEIGHT="76" GC="0.9998">
                                <Shape>
                                    <Polygon POINTS="1137 515 1139 591 1139 591 1137 515"/>
                                </Shape>
                            </Glyph>
                            <Glyph ID="char_183" CONTENT="o" HPOS="1177" VPOS="508" WIDTH="2" HEIGHT="82" GC="1.0">
                                <Shape>
                                    <Polygon POINTS="1177 508 1179 590 1179 590 1177 508"/>
                                </Shape>
                            </Glyph>
                            <Glyph ID="char_184" CONTENT="u" HPOS="1211" VPOS="499" WIDTH="2" HEIGHT="90" GC="1.0">
                                <Shape>
                                    <Polygon POINTS="1211 499 1213 589 1213 589 1211 499"/>
                                </Shape>
                            </Glyph>
                            <Glyph ID="char_185" CONTENT="b" HPOS="1244" VPOS="491" WIDTH="2" HEIGHT="97" GC="0.9924">
                                <Shape>
                                    <Polygon POINTS="1244 491 1246 588 1246 588 1244 491"/>
                                </Shape>
                            </Glyph>
                            <Glyph ID="char_186" CONTENT="l" HPOS="1299" VPOS="489" WIDTH="0" HEIGHT="97" GC="1.0">
                                <Shape>
                                    <Polygon POINTS="1299 489 1299 586 1299 586 1299 489"/>
                                </Shape>
                            </Glyph>
                            <Glyph ID="char_187" CONTENT="i" HPOS="1319" VPOS="489" WIDTH="0" HEIGHT="97" GC="0.9972">
                                <Shape>
                                    <Polygon POINTS="1319 489 1319 586 1319 586 1319 489"/>
                                </Shape>
                            </Glyph>
                            <Glyph ID="char_188" CONTENT="r" HPOS="1352" VPOS="498" WIDTH="0" HEIGHT="87" GC="0.9999">
                                <Shape>
                                    <Polygon POINTS="1352 498 1352 585 1352 585 1352 498"/>
                                </Shape>
                            </Glyph>
                            <Glyph ID="char_189" CONTENT="e" HPOS="1385" VPOS="507" WIDTH="0" HEIGHT="77" GC="1.0">
                                <Shape>
                                    <Polygon POINTS="1385 507 1385 584 1385 584 1385 507"/>
                                </Shape>
                            </Glyph>
                            <Glyph ID="char_190" CONTENT="s" HPOS="1412" VPOS="515" WIDTH="0" HEIGHT="68" GC="0.9968">
                                <Shape>
                                    <Polygon POINTS="1412 515 1412 583 1412 583 1412 515"/>
                                </Shape>
                            </Glyph>
                        </String>
                        <SP ID="segment_66" HPOS="1446"  VPOS="517" WIDTH="6"  HEIGHT="65"/>
                        <String ID="segment_67" CONTENT="de" HPOS="1472" VPOS="516" WIDTH="40" HEIGHT="65" WC="0.9907">
                            <Shape>
                                <Polygon POINTS="1472 517 1472 581 1512 571 1512 516"/>
                            </Shape>
                            <Glyph ID="char_192" CONTENT="d" HPOS="1472" VPOS="517" WIDTH="0" HEIGHT="64" GC="0.9826">
                                <Shape>
                                    <Polygon POINTS="1472 517 1472 581 1472 581 1472 517"/>
                                </Shape>
                            </Glyph>
                            <Glyph ID="char_193" CONTENT="e" HPOS="1512" VPOS="516" WIDTH="0" HEIGHT="55" GC="0.9988">
                                <Shape>
                                    <Polygon POINTS="1512 516 1512 571 1512 571 1512 516"/>
                                </Shape>
                            </Glyph>
                        </String>
                        <SP ID="segment_68" HPOS="1532"  VPOS="516" WIDTH="7"  HEIGHT="52"/>
                        <String ID="segment_69" CONTENT="vous" HPOS="1552" VPOS="502" WIDTH="101" HEIGHT="71" WC="0.8386">
                            <Shape>
                                <Polygon POINTS="1552 516 1552 570 1653 567 1653 505"/>
                            </Shape>
                            <Glyph ID="char_195" CONTENT="v" HPOS="1552" VPOS="516" WIDTH="0" HEIGHT="54" GC="0.5709">
                                <Shape>
                                    <Polygon POINTS="1552 516 1552 570 1552 570 1552 516"/>
                                </Shape>
                            </Glyph>
                            <Glyph ID="char_196" CONTENT="o" HPOS="1592" VPOS="512" WIDTH="0" HEIGHT="61" GC="0.8963">
                                <Shape>
                                    <Polygon POINTS="1592 512 1592 573 1592 573 1592 512"/>
                                </Shape>
                            </Glyph>
                            <Glyph ID="char_197" CONTENT="u" HPOS="1626" VPOS="502" WIDTH="0" HEIGHT="65" GC="0.8875">
                                <Shape>
                                    <Polygon POINTS="1626 502 1626 567 1626 567 1626 502"/>
                                </Shape>
                            </Glyph>
                            <Glyph ID="char_198" CONTENT="s" HPOS="1653" VPOS="505" WIDTH="0" HEIGHT="62" GC="0.9999">
                                <Shape>
                                    <Polygon POINTS="1653 505 1653 567 1653 567 1653 505"/>
                                </Shape>
                            </Glyph>
                        </String>
                        <SP ID="segment_70" HPOS="1686"  VPOS="500" WIDTH="7"  HEIGHT="74"/>
                        <String ID="segment_71" CONTENT="dire" HPOS="1706" VPOS="494" WIDTH="107" HEIGHT="79" WC="0.9258">
                            <Shape>
                                <Polygon POINTS="1706 494 1706 573 1813 567 1813 502"/>
                            </Shape>
                            <Glyph ID="char_200" CONTENT="d" HPOS="1706" VPOS="494" WIDTH="0" HEIGHT="79" GC="0.731">
                                <Shape>
                                    <Polygon POINTS="1706 494 1706 573 1706 573 1706 494"/>
                                </Shape>
                            </Glyph>
                            <Glyph ID="char_201" CONTENT="i" HPOS="1746" VPOS="496" WIDTH="0" HEIGHT="75" GC="0.9868">
                                <Shape>
                                    <Polygon POINTS="1746 496 1746 571 1746 571 1746 496"/>
                                </Shape>
                            </Glyph>
                            <Glyph ID="char_202" CONTENT="r" HPOS="1779" VPOS="508" WIDTH="0" HEIGHT="61" GC="0.9858">
                                <Shape>
                                    <Polygon POINTS="1779 508 1779 569 1779 569 1779 508"/>
                                </Shape>
                            </Glyph>
                            <Glyph ID="char_203" CONTENT="e" HPOS="1813" VPOS="502" WIDTH="0" HEIGHT="65" GC="0.9998">
                                <Shape>
                                    <Polygon POINTS="1813 502 1813 567 1813 567 1813 502"/>
                                </Shape>
                            </Glyph>
                        </String>
                    </TextLine>

                    <TextLine ID="85982888-9bec-476d-a02a-fb8c8ea26a7c" HPOS="151.0" VPOS="593.0" WIDTH="1855.0" HEIGHT="176.0" BASELINE="154.0 745.0 942.0 685.0 1514.0 667.0 2006.0 670.0" TAGREFS="LINE_TYPE_1">
                        <Shape>
                            <Polygon POINTS="154.0 745.0 154.0 761.0 204.0 769.0 206.0 769.0 207.0 769.0 253.0 751.0 323.0 745.0 392.0 755.0 393.0 755.0 430.0 749.0 474.0 760.0 476.0 760.0 477.0 760.0 479.0 760.0 514.0 749.0 540.0 757.0 542.0 757.0 543.0 757.0 545.0 757.0 645.0 722.0 671.0 728.0 673.0 728.0 674.0 728.0 676.0 728.0 713.0 716.0 1064.0 700.0 1158.0 712.0 1160.0 712.0 1161.0 712.0 1230.0 693.0 1334.0 700.0 1336.0 700.0 1395.0 694.0 1449.0 708.0 1450.0 708.0 1452.0 708.0 1522.0 697.0 1581.0 708.0 1583.0 708.0 1900.0 687.0 1940.0 691.0 1942.0 691.0 2006.0 677.0 2006.0 670.0 2000.0 604.0 1846.0 610.0 1774.0 593.0 1772.0 593.0 1771.0 593.0 1717.0 618.0 1519.0 619.0 1517.0 619.0 1516.0 619.0 1503.0 627.0 1407.0 616.0 1406.0 616.0 1404.0 616.0 1374.0 627.0 1328.0 610.0 1326.0 610.0 1325.0 610.0 1190.0 630.0 1125.0 609.0 1123.0 609.0 1122.0 609.0 1120.0 609.0 1094.0 618.0 1027.0 615.0 1026.0 615.0 1024.0 615.0 986.0 630.0 937.0 619.0 935.0 619.0 858.0 621.0 771.0 625.0 769.0 625.0 723.0 650.0 639.0 639.0 638.0 639.0 636.0 639.0 601.0 654.0 569.0 648.0 568.0 648.0 566.0 648.0 534.0 662.0 479.0 645.0 477.0 645.0 476.0 645.0 274.0 648.0 273.0 648.0 151.0 690.0 154.0 745.0"/>
                        </Shape>
                        <String ID="segment_72" CONTENT="Madame," HPOS="182" VPOS="645" WIDTH="308" HEIGHT="122" WC="0.996">
                            <Shape>
                                <Polygon POINTS="182 679 189 767 490 757 481 646"/>
                            </Shape>
                            <Glyph ID="char_204" CONTENT="M" HPOS="182" VPOS="679" WIDTH="7" HEIGHT="88" GC="1.0">
                                <Shape>
                                    <Polygon POINTS="182 679 189 767 189 767 182 679"/>
                                </Shape>
                            </Glyph>
                            <Glyph ID="char_205" CONTENT="a" HPOS="264" VPOS="651" WIDTH="8" HEIGHT="98" GC="0.9999">
                                <Shape>
                                    <Polygon POINTS="264 651 272 749 272 749 264 651"/>
                                </Shape>
                            </Glyph>
                            <Glyph ID="char_206" CONTENT="d" HPOS="306" VPOS="648" WIDTH="8" HEIGHT="98" GC="0.9999">
                                <Shape>
                                    <Polygon POINTS="306 648 314 746 314 746 306 648"/>
                                </Shape>
                            </Glyph>
                            <Glyph ID="char_207" CONTENT="a" HPOS="348" VPOS="647" WIDTH="8" HEIGHT="103" GC="0.9963">
                                <Shape>
                                    <Polygon POINTS="348 647 356 750 356 750 348 647"/>
                                </Shape>
                            </Glyph>
                            <Glyph ID="char_208" CONTENT="m" HPOS="406" VPOS="646" WIDTH="8" HEIGHT="106" GC="0.9781">
                                <Shape>
                                    <Polygon POINTS="406 646 414 752 414 752 406 646"/>
                                </Shape>
                            </Glyph>
                            <Glyph ID="char_209" CONTENT="e" HPOS="448" VPOS="645" WIDTH="9" HEIGHT="111" GC="0.9976">
                                <Shape>
                                    <Polygon POINTS="448 645 457 756 457 756 448 645"/>
                                </Shape>
                            </Glyph>
                            <Glyph ID="char_210" CONTENT="," HPOS="481" VPOS="646" WIDTH="9" HEIGHT="111" GC="0.9999">
                                <Shape>
                                    <Polygon POINTS="481 646 490 757 490 757 481 646"/>
                                </Shape>
                            </Glyph>
                        </String>
                        <SP ID="segment_73" HPOS="508"  VPOS="654" WIDTH="16"  HEIGHT="98"/>
                        <String ID="segment_74" CONTENT="que" HPOS="542" VPOS="641" WIDTH="97" HEIGHT="115" WC="1.0">
                            <Shape>
                                <Polygon POINTS="542 659 549 756 639 724 632 641"/>
                            </Shape>
                            <Glyph ID="char_212" CONTENT="q" HPOS="542" VPOS="659" WIDTH="7" HEIGHT="97" GC="0.9999">
                                <Shape>
                                    <Polygon POINTS="542 659 549 756 549 756 542 659"/>
                                </Shape>
                            </Glyph>
                            <Glyph ID="char_213" CONTENT="u" HPOS="591" VPOS="652" WIDTH="7" HEIGHT="87" GC="1.0">
                                <Shape>
                                    <Polygon POINTS="591 652 598 739 598 739 591 652"/>
                                </Shape>
                            </Glyph>
                            <Glyph ID="char_214" CONTENT="e" HPOS="632" VPOS="641" WIDTH="7" HEIGHT="83" GC="1.0">
                                <Shape>
                                    <Polygon POINTS="632 641 639 724 639 724 632 641"/>
                                </Shape>
                            </Glyph>
                        </String>
                        <SP ID="segment_75" HPOS="683"  VPOS="645" WIDTH="14"  HEIGHT="79"/>
                        <String ID="segment_76" CONTENT="M^re" HPOS="708" VPOS="621" WIDTH="156" HEIGHT="95" WC="0.9991">
                            <Shape>
                                <Polygon POINTS="708 648 713 716 864 709 858 621"/>
                            </Shape>
                            <Glyph ID="char_216" CONTENT="M" HPOS="708" VPOS="648" WIDTH="5" HEIGHT="68" GC="0.9995">
                                <Shape>
                                    <Polygon POINTS="708 648 713 716 713 716 708 648"/>
                                </Shape>
                            </Glyph>
                            <Glyph ID="char_217" CONTENT="^" HPOS="799" VPOS="623" WIDTH="23" HEIGHT="89" GC="0.9974">
                                <Shape>
                                    <Polygon POINTS="799 624 805 712 822 711 816 623"/>
                                </Shape>
                            </Glyph>
                            <Glyph ID="char_218" CONTENT="r" HPOS="824" VPOS="622" WIDTH="15" HEIGHT="89" GC="1.0">
                                <Shape>
                                    <Polygon POINTS="824 623 830 711 839 710 833 622"/>
                                </Shape>
                            </Glyph>
                            <Glyph ID="char_219" CONTENT="e" HPOS="849" VPOS="621" WIDTH="15" HEIGHT="89" GC="0.9997">
                                <Shape>
                                    <Polygon POINTS="849 621 855 710 864 709 858 621"/>
                                </Shape>
                            </Glyph>
                        </String>
                        <SP ID="segment_77" HPOS="891"  VPOS="620" WIDTH="14"  HEIGHT="88"/>
                        <String ID="segment_78" CONTENT="de" HPOS="916" VPOS="620" WIDTH="55" HEIGHT="86" WC="0.9971">
                            <Shape>
                                <Polygon POINTS="916 620 922 706 971 704 969 626"/>
                            </Shape>
                            <Glyph ID="char_221" CONTENT="d" HPOS="916" VPOS="620" WIDTH="6" HEIGHT="86" GC="0.9961">
                                <Shape>
                                    <Polygon POINTS="916 620 922 706 922 706 916 620"/>
                                </Shape>
                            </Glyph>
                            <Glyph ID="char_222" CONTENT="e" HPOS="969" VPOS="626" WIDTH="2" HEIGHT="78" GC="0.9981">
                                <Shape>
                                    <Polygon POINTS="969 626 971 704 971 704 969 626"/>
                                </Shape>
                            </Glyph>
                        </String>
                        <SP ID="segment_79" HPOS="994"  VPOS="627" WIDTH="2"  HEIGHT="76"/>
                        <String ID="segment_80" CONTENT="tarpere" HPOS="1019" VPOS="615" WIDTH="228" HEIGHT="96" WC="0.9888">
                            <Shape>
                                <Polygon POINTS="1019 617 1021 702 1247 694 1245 622"/>
                            </Shape>
                            <Glyph ID="char_224" CONTENT="t" HPOS="1019" VPOS="617" WIDTH="2" HEIGHT="85" GC="0.9689">
                                <Shape>
                                    <Polygon POINTS="1019 617 1021 702 1021 702 1019 617"/>
                                </Shape>
                            </Glyph>
                            <Glyph ID="char_225" CONTENT="a" HPOS="1061" VPOS="617" WIDTH="2" HEIGHT="83" GC="0.9873">
                                <Shape>
                                    <Polygon POINTS="1061 617 1063 700 1063 700 1061 617"/>
                                </Shape>
                            </Glyph>
                            <Glyph ID="char_226" CONTENT="r" HPOS="1103" VPOS="615" WIDTH="2" HEIGHT="90" GC="0.9942">
                                <Shape>
                                    <Polygon POINTS="1103 615 1105 705 1105 705 1103 615"/>
                                </Shape>
                            </Glyph>
                            <Glyph ID="char_227" CONTENT="p" HPOS="1145" VPOS="615" WIDTH="3" HEIGHT="96" GC="0.9982">
                                <Shape>
                                    <Polygon POINTS="1145 615 1148 711 1148 711 1145 615"/>
                                </Shape>
                            </Glyph>
                            <Glyph ID="char_228" CONTENT="e" HPOS="1187" VPOS="629" WIDTH="2" HEIGHT="75" GC="0.9998">
                                <Shape>
                                    <Polygon POINTS="1187 629 1189 704 1189 704 1187 629"/>
                                </Shape>
                            </Glyph>
                            <Glyph ID="char_229" CONTENT="r" HPOS="1220" VPOS="626" WIDTH="2" HEIGHT="69" GC="0.9735">
                                <Shape>
                                    <Polygon POINTS="1220 626 1222 695 1222 695 1220 626"/>
                                </Shape>
                            </Glyph>
                            <Glyph ID="char_230" CONTENT="e" HPOS="1245" VPOS="622" WIDTH="2" HEIGHT="72" GC="0.9997">
                                <Shape>
                                    <Polygon POINTS="1245 622 1247 694 1247 694 1245 622"/>
                                </Shape>
                            </Glyph>
                        </String>
                        <SP ID="segment_81" HPOS="1287"  VPOS="614" WIDTH="10"  HEIGHT="84"/>
                        <String ID="segment_82" CONTENT="desire" HPOS="1312" VPOS="612" WIDTH="162" HEIGHT="94" WC="0.9714">
                            <Shape>
                                <Polygon POINTS="1312 612 1314 699 1474 705 1471 623"/>
                            </Shape>
                            <Glyph ID="char_232" CONTENT="d" HPOS="1312" VPOS="612" WIDTH="2" HEIGHT="87" GC="0.9955">
                                <Shape>
                                    <Polygon POINTS="1312 612 1314 699 1314 699 1312 612"/>
                                </Shape>
                            </Glyph>
                            <Glyph ID="char_233" CONTENT="e" HPOS="1354" VPOS="620" WIDTH="2" HEIGHT="78" GC="0.868">
                                <Shape>
                                    <Polygon POINTS="1354 620 1356 698 1356 698 1354 620"/>
                                </Shape>
                            </Glyph>
                            <Glyph ID="char_234" CONTENT="s" HPOS="1387" VPOS="622" WIDTH="2" HEIGHT="73" GC="0.966">
                                <Shape>
                                    <Polygon POINTS="1387 622 1389 695 1389 695 1387 622"/>
                                </Shape>
                            </Glyph>
                            <Glyph ID="char_235" CONTENT="i" HPOS="1412" VPOS="617" WIDTH="2" HEIGHT="82" GC="0.9999">
                                <Shape>
                                    <Polygon POINTS="1412 617 1414 699 1414 699 1412 617"/>
                                </Shape>
                            </Glyph>
                            <Glyph ID="char_236" CONTENT="r" HPOS="1437" VPOS="619" WIDTH="3" HEIGHT="87" GC="1.0">
                                <Shape>
                                    <Polygon POINTS="1437 619 1440 706 1440 706 1437 619"/>
                                </Shape>
                            </Glyph>
                            <Glyph ID="char_237" CONTENT="e" HPOS="1471" VPOS="623" WIDTH="3" HEIGHT="82" GC="0.9993">
                                <Shape>
                                    <Polygon POINTS="1471 623 1474 705 1474 705 1471 623"/>
                                </Shape>
                            </Glyph>
                        </String>
                        <SP ID="segment_83" HPOS="1514"  VPOS="619" WIDTH="9"  HEIGHT="79"/>
                        <String ID="segment_84" CONTENT="que" HPOS="1547" VPOS="618" WIDTH="85" HEIGHT="89" WC="0.9366">
                            <Shape>
                                <Polygon POINTS="1548 619 1547 702 1631 705 1632 618"/>
                            </Shape>
                            <Glyph ID="char_239" CONTENT="q" HPOS="1547" VPOS="619" WIDTH="1" HEIGHT="83" GC="0.9967">
                                <Shape>
                                    <Polygon POINTS="1548 619 1547 702 1547 702 1548 619"/>
                                </Shape>
                            </Glyph>
                            <Glyph ID="char_240" CONTENT="u" HPOS="1597" VPOS="619" WIDTH="1" HEIGHT="88" GC="0.9956">
                                <Shape>
                                    <Polygon POINTS="1598 619 1597 707 1597 707 1598 619"/>
                                </Shape>
                            </Glyph>
                            <Glyph ID="char_241" CONTENT="e" HPOS="1631" VPOS="618" WIDTH="1" HEIGHT="87" GC="0.8174">
                                <Shape>
                                    <Polygon POINTS="1632 618 1631 705 1631 705 1632 618"/>
                                </Shape>
                            </Glyph>
                        </String>
                        <SP ID="segment_85" HPOS="1656"  VPOS="618" WIDTH="9"  HEIGHT="85"/>
                        <String ID="segment_86" CONTENT="Mr" HPOS="1681" VPOS="595" WIDTH="101" HEIGHT="106" WC="0.8066">
                            <Shape>
                                <Polygon POINTS="1682 618 1681 701 1781 695 1782 595"/>
                            </Shape>
                            <Glyph ID="char_243" CONTENT="M" HPOS="1681" VPOS="618" WIDTH="1" HEIGHT="83" GC="0.6288">
                                <Shape>
                                    <Polygon POINTS="1682 618 1681 701 1681 701 1682 618"/>
                                </Shape>
                            </Glyph>
                            <Glyph ID="char_244" CONTENT="r" HPOS="1781" VPOS="595" WIDTH="1" HEIGHT="100" GC="0.9844">
                                <Shape>
                                    <Polygon POINTS="1782 595 1781 695 1781 695 1782 595"/>
                                </Shape>
                            </Glyph>
                        </String>
                        <SP ID="segment_87" HPOS="1823"  VPOS="605" WIDTH="9"  HEIGHT="87"/>
                        <String ID="segment_88" CONTENT="son" HPOS="1840" VPOS="607" WIDTH="84" HEIGHT="84" WC="0.9833">
                            <Shape>
                                <Polygon POINTS="1841 609 1840 691 1923 689 1924 607"/>
                            </Shape>
                            <Glyph ID="char_246" CONTENT="s" HPOS="1840" VPOS="609" WIDTH="1" HEIGHT="82" GC="0.9533">
                                <Shape>
                                    <Polygon POINTS="1841 609 1840 691 1840 691 1841 609"/>
                                </Shape>
                            </Glyph>
                            <Glyph ID="char_247" CONTENT="o" HPOS="1882" VPOS="609" WIDTH="1" HEIGHT="79" GC="0.9994">
                                <Shape>
                                    <Polygon POINTS="1883 609 1882 688 1882 688 1883 609"/>
                                </Shape>
                            </Glyph>
                            <Glyph ID="char_248" CONTENT="n" HPOS="1923" VPOS="607" WIDTH="1" HEIGHT="82" GC="0.9972">
                                <Shape>
                                    <Polygon POINTS="1924 607 1923 689 1923 689 1924 607"/>
                                </Shape>
                            </Glyph>
                        </String>
                    </TextLine>

                    <TextLine ID="ecff33b7-160d-40d4-b27b-734fd0140bd7" HPOS="169.0" VPOS="732.0" WIDTH="1823.0" HEIGHT="147.0" BASELINE="172.0 867.0 564.0 841.0 790.0 818.0 1274.0 790.0 1623.0 781.0 1992.0 781.0" TAGREFS="LINE_TYPE_1">
                        <Shape>
                            <Polygon POINTS="172.0 867.0 172.0 879.0 306.0 877.0 308.0 877.0 375.0 857.0 461.0 873.0 462.0 873.0 595.0 842.0 670.0 856.0 671.0 856.0 673.0 856.0 720.0 833.0 809.0 828.0 1029.0 821.0 1071.0 836.0 1073.0 836.0 1074.0 836.0 1076.0 836.0 1093.0 830.0 1171.0 847.0 1172.0 847.0 1490.0 832.0 1491.0 832.0 1586.0 795.0 1731.0 799.0 1733.0 799.0 1812.0 790.0 1896.0 801.0 1897.0 801.0 1992.0 790.0 1992.0 781.0 1989.0 743.0 1882.0 746.0 1815.0 732.0 1813.0 732.0 1591.0 752.0 1485.0 745.0 1484.0 745.0 1482.0 745.0 1420.0 761.0 1387.0 752.0 1386.0 752.0 1384.0 752.0 1313.0 764.0 1207.0 735.0 1206.0 735.0 1204.0 735.0 1097.0 749.0 668.0 760.0 667.0 760.0 549.0 807.0 503.0 796.0 502.0 796.0 500.0 796.0 467.0 813.0 169.0 824.0 172.0 867.0"/>
                        </Shape>
                        <String ID="segment_89" CONTENT="frere" HPOS="192" VPOS="817" WIDTH="157" HEIGHT="62" WC="0.9992">
                            <Shape>
                                <Polygon POINTS="192 823 196 879 349 865 346 817"/>
                            </Shape>
                            <Glyph ID="char_249" CONTENT="f" HPOS="192" VPOS="823" WIDTH="4" HEIGHT="56" GC="1.0">
                                <Shape>
                                    <Polygon POINTS="192 823 196 879 196 879 192 823"/>
                                </Shape>
                            </Glyph>
                            <Glyph ID="char_250" CONTENT="r" HPOS="238" VPOS="821" WIDTH="4" HEIGHT="57" GC="1.0">
                                <Shape>
                                    <Polygon POINTS="238 821 242 878 242 878 238 821"/>
                                </Shape>
                            </Glyph>
                            <Glyph ID="char_251" CONTENT="e" HPOS="269" VPOS="820" WIDTH="4" HEIGHT="57" GC="0.9996">
                                <Shape>
                                    <Polygon POINTS="269 820 273 877 273 877 269 820"/>
                                </Shape>
                            </Glyph>
                            <Glyph ID="char_252" CONTENT="r" HPOS="300" VPOS="819" WIDTH="4" HEIGHT="58" GC="1.0">
                                <Shape>
                                    <Polygon POINTS="300 819 304 877 304 877 300 819"/>
                                </Shape>
                            </Glyph>
                            <Glyph ID="char_253" CONTENT="e" HPOS="346" VPOS="817" WIDTH="3" HEIGHT="48" GC="0.9962">
                                <Shape>
                                    <Polygon POINTS="346 817 349 865 349 865 346 817"/>
                                </Shape>
                            </Glyph>
                        </String>
                        <SP ID="segment_90" HPOS="400"  VPOS="815" WIDTH="11"  HEIGHT="49"/>
                        <String ID="segment_91" CONTENT="vous" HPOS="431" VPOS="799" WIDTH="134" HEIGHT="71" WC="0.9991">
                            <Shape>
                                <Polygon POINTS="431 814 435 868 565 849 560 803"/>
                            </Shape>
                            <Glyph ID="char_255" CONTENT="v" HPOS="431" VPOS="814" WIDTH="4" HEIGHT="54" GC="0.9998">
                                <Shape>
                                    <Polygon POINTS="431 814 435 868 435 868 431 814"/>
                                </Shape>
                            </Glyph>
                            <Glyph ID="char_256" CONTENT="o" HPOS="469" VPOS="812" WIDTH="4" HEIGHT="58" GC="1.0">
                                <Shape>
                                    <Polygon POINTS="469 812 473 870 473 870 469 812"/>
                                </Shape>
                            </Glyph>
                            <Glyph ID="char_257" CONTENT="u" HPOS="514" VPOS="799" WIDTH="4" HEIGHT="61" GC="0.9973">
                                <Shape>
                                    <Polygon POINTS="514 799 518 860 518 860 514 799"/>
                                </Shape>
                            </Glyph>
                            <Glyph ID="char_258" CONTENT="s" HPOS="560" VPOS="803" WIDTH="5" HEIGHT="46" GC="0.9991">
                                <Shape>
                                    <Polygon POINTS="560 803 565 849 565 849 560 803"/>
                                </Shape>
                            </Glyph>
                        </String>
                        <SP ID="segment_92" HPOS="605"  VPOS="782" WIDTH="13"  HEIGHT="64"/>
                        <String ID="segment_93" CONTENT="aille" HPOS="627" VPOS="758" WIDTH="144" HEIGHT="98" WC="0.9997">
                            <Shape>
                                <Polygon POINTS="627 776 634 849 771 830 764 758"/>
                            </Shape>
                            <Glyph ID="char_260" CONTENT="a" HPOS="627" VPOS="776" WIDTH="7" HEIGHT="73" GC="0.9997">
                                <Shape>
                                    <Polygon POINTS="627 776 634 849 634 849 627 776"/>
                                </Shape>
                            </Glyph>
                            <Glyph ID="char_261" CONTENT="i" HPOS="664" VPOS="761" WIDTH="9" HEIGHT="95" GC="0.9996">
                                <Shape>
                                    <Polygon POINTS="664 761 673 856 673 856 664 761"/>
                                </Shape>
                            </Glyph>
                            <Glyph ID="char_262" CONTENT="l" HPOS="695" VPOS="759" WIDTH="8" HEIGHT="82" GC="0.9999">
                                <Shape>
                                    <Polygon POINTS="695 759 703 841 703 841 695 759"/>
                                </Shape>
                            </Glyph>
                            <Glyph ID="char_263" CONTENT="l" HPOS="726" VPOS="759" WIDTH="7" HEIGHT="73" GC="1.0">
                                <Shape>
                                    <Polygon POINTS="726 759 733 832 733 832 726 759"/>
                                </Shape>
                            </Glyph>
                            <Glyph ID="char_264" CONTENT="e" HPOS="764" VPOS="758" WIDTH="7" HEIGHT="72" GC="0.9991">
                                <Shape>
                                    <Polygon POINTS="764 758 771 830 771 830 764 758"/>
                                </Shape>
                            </Glyph>
                        </String>
                        <SP ID="segment_94" HPOS="828"  VPOS="756" WIDTH="13"  HEIGHT="71"/>
                        <String ID="segment_95" CONTENT="trouver" HPOS="851" VPOS="749" WIDTH="236" HEIGHT="83" WC="0.9904">
                            <Shape>
                                <Polygon POINTS="851 755 856 827 1087 832 1082 749"/>
                            </Shape>
                            <Glyph ID="char_266" CONTENT="t" HPOS="851" VPOS="755" WIDTH="5" HEIGHT="72" GC="0.9527">
                                <Shape>
                                    <Polygon POINTS="851 755 856 827 856 827 851 755"/>
                                </Shape>
                            </Glyph>
                            <Glyph ID="char_267" CONTENT="r" HPOS="874" VPOS="755" WIDTH="13" HEIGHT="71" GC="0.9999">
                                <Shape>
                                    <Polygon POINTS="874 755 879 826 887 826 882 755"/>
                                </Shape>
                            </Glyph>
                            <Glyph ID="char_268" CONTENT="o" HPOS="913" VPOS="754" WIDTH="5" HEIGHT="71" GC="0.9933">
                                <Shape>
                                    <Polygon POINTS="913 754 918 825 918 825 913 754"/>
                                </Shape>
                            </Glyph>
                            <Glyph ID="char_269" CONTENT="u" HPOS="959" VPOS="753" WIDTH="5" HEIGHT="70" GC="0.994">
                                <Shape>
                                    <Polygon POINTS="959 753 964 823 964 823 959 753"/>
                                </Shape>
                            </Glyph>
                            <Glyph ID="char_270" CONTENT="v" HPOS="997" VPOS="752" WIDTH="5" HEIGHT="70" GC="0.9965">
                                <Shape>
                                    <Polygon POINTS="997 752 1002 822 1002 822 997 752"/>
                                </Shape>
                            </Glyph>
                            <Glyph ID="char_271" CONTENT="e" HPOS="1043" VPOS="750" WIDTH="5" HEIGHT="78" GC="0.9963">
                                <Shape>
                                    <Polygon POINTS="1043 750 1048 828 1048 828 1043 750"/>
                                </Shape>
                            </Glyph>
                            <Glyph ID="char_272" CONTENT="r" HPOS="1082" VPOS="749" WIDTH="5" HEIGHT="83" GC="1.0">
                                <Shape>
                                    <Polygon POINTS="1082 749 1087 832 1087 832 1082 749"/>
                                </Shape>
                            </Glyph>
                        </String>
                        <SP ID="segment_96" HPOS="1167"  VPOS="739" WIDTH="13"  HEIGHT="108"/>
                        <String ID="segment_97" CONTENT="la" HPOS="1213" VPOS="737" WIDTH="44" HEIGHT="108" WC="0.9985">
                            <Shape>
                                <Polygon POINTS="1213 737 1219 845 1257 843 1252 747"/>
                            </Shape>
                            <Glyph ID="char_274" CONTENT="l" HPOS="1213" VPOS="737" WIDTH="6" HEIGHT="108" GC="0.9971">
                                <Shape>
                                    <Polygon POINTS="1213 737 1219 845 1219 845 1213 737"/>
                                </Shape>
                            </Glyph>
                            <Glyph ID="char_275" CONTENT="a" HPOS="1252" VPOS="747" WIDTH="5" HEIGHT="96" GC="0.9998">
                                <Shape>
                                    <Polygon POINTS="1252 747 1257 843 1257 843 1252 747"/>
                                </Shape>
                            </Glyph>
                        </String>
                        <SP ID="segment_98" HPOS="1322"  VPOS="760" WIDTH="18"  HEIGHT="80"/>
                        <String ID="segment_99" CONTENT="Rrepondue" HPOS="1353" VPOS="741" WIDTH="363" HEIGHT="97" WC="0.9958">
                            <Shape>
                                <Polygon POINTS="1353 757 1355 838 1716 799 1716 741"/>
                            </Shape>
                            <Glyph ID="char_277" CONTENT="R" HPOS="1353" VPOS="757" WIDTH="2" HEIGHT="81" GC="0.9965">
                                <Shape>
                                    <Polygon POINTS="1353 757 1355 838 1355 838 1353 757"/>
                                </Shape>
                            </Glyph>
                            <Glyph ID="char_278" CONTENT="r" HPOS="1407" VPOS="758" WIDTH="2" HEIGHT="78" GC="0.9968">
                                <Shape>
                                    <Polygon POINTS="1407 758 1409 836 1409 836 1407 758"/>
                                </Shape>
                            </Glyph>
                            <Glyph ID="char_279" CONTENT="e" HPOS="1438" VPOS="756" WIDTH="2" HEIGHT="78" GC="1.0">
                                <Shape>
                                    <Polygon POINTS="1438 756 1440 834 1440 834 1438 756"/>
                                </Shape>
                            </Glyph>
                            <Glyph ID="char_280" CONTENT="" HPOS="1453" VPOS="752" WIDTH="2" HEIGHT="82" GC="1.0">
                                <Shape>
                                    <Polygon POINTS="1453 752 1455 834 1455 834 1453 752"/>
                                </Shape>
                            </Glyph>
                            <Glyph ID="char_281" CONTENT="p" HPOS="1476" VPOS="747" WIDTH="2" HEIGHT="86" GC="0.9992">
                                <Shape>
                                    <Polygon POINTS="1476 747 1478 833 1478 833 1476 747"/>
                                </Shape>
                            </Glyph>
                            <Glyph ID="char_282" CONTENT="o" HPOS="1530" VPOS="748" WIDTH="2" HEIGHT="68" GC="0.9932">
                                <Shape>
                                    <Polygon POINTS="1530 748 1532 816 1532 816 1530 748"/>
                                </Shape>
                            </Glyph>
                            <Glyph ID="char_283" CONTENT="n" HPOS="1569" VPOS="751" WIDTH="2" HEIGHT="50" GC="0.9934">
                                <Shape>
                                    <Polygon POINTS="1569 751 1571 801 1571 801 1569 751"/>
                                </Shape>
                            </Glyph>
                            <Glyph ID="char_284" CONTENT="d" HPOS="1607" VPOS="751" WIDTH="1" HEIGHT="45" GC="0.9964">
                                <Shape>
                                    <Polygon POINTS="1607 751 1608 796 1608 796 1607 751"/>
                                </Shape>
                            </Glyph>
                            <Glyph ID="char_285" CONTENT="u" HPOS="1662" VPOS="746" WIDTH="0" HEIGHT="51" GC="0.993">
                                <Shape>
                                    <Polygon POINTS="1662 746 1662 797 1662 797 1662 746"/>
                                </Shape>
                            </Glyph>
                            <Glyph ID="char_286" CONTENT="e" HPOS="1716" VPOS="741" WIDTH="0" HEIGHT="58" GC="0.9894">
                                <Shape>
                                    <Polygon POINTS="1716 741 1716 799 1716 799 1716 741"/>
                                </Shape>
                            </Glyph>
                        </String>
                        <SP ID="segment_100" HPOS="1762"  VPOS="736" WIDTH="8"  HEIGHT="60"/>
                        <String ID="segment_101" CONTENT="que" HPOS="1793" VPOS="734" WIDTH="92" HEIGHT="66" WC="0.866">
                            <Shape>
                                <Polygon POINTS="1793 734 1793 792 1885 800 1885 746"/>
                            </Shape>
                            <Glyph ID="char_288" CONTENT="q" HPOS="1793" VPOS="734" WIDTH="0" HEIGHT="58" GC="0.8656">
                                <Shape>
                                    <Polygon POINTS="1793 734 1793 792 1793 792 1793 734"/>
                                </Shape>
                            </Glyph>
                            <Glyph ID="char_289" CONTENT="u" HPOS="1847" VPOS="739" WIDTH="0" HEIGHT="56" GC="0.7329">
                                <Shape>
                                    <Polygon POINTS="1847 739 1847 795 1847 795 1847 739"/>
                                </Shape>
                            </Glyph>
                            <Glyph ID="char_290" CONTENT="e" HPOS="1885" VPOS="746" WIDTH="0" HEIGHT="54" GC="0.9995">
                                <Shape>
                                    <Polygon POINTS="1885 746 1885 800 1885 800 1885 746"/>
                                </Shape>
                            </Glyph>
                        </String>
                    </TextLine>

                    <TextLine ID="0ade31c6-e1db-4fa3-b770-6eef2ca771cd" HPOS="178.0" VPOS="838.0" WIDTH="1744.0" HEIGHT="160.0" BASELINE="181.0 986.0 928.0 946.0 1113.0 925.0 1922.0 900.0" TAGREFS="LINE_TYPE_1">
                        <Shape>
                            <Polygon POINTS="181.0 986.0 181.0 990.0 251.0 998.0 253.0 998.0 514.0 980.0 635.0 981.0 636.0 981.0 742.0 964.0 775.0 969.0 777.0 969.0 778.0 969.0 807.0 958.0 885.0 967.0 887.0 967.0 968.0 951.0 1123.0 951.0 1125.0 951.0 1290.0 937.0 1361.0 937.0 1386.0 949.0 1387.0 949.0 1389.0 949.0 1465.0 946.0 1467.0 946.0 1502.0 929.0 1597.0 932.0 1598.0 932.0 1751.0 917.0 1841.0 929.0 1842.0 929.0 1844.0 929.0 1878.0 912.0 1920.0 911.0 1922.0 900.0 1916.0 838.0 1829.0 861.0 1748.0 838.0 1746.0 838.0 1745.0 838.0 1650.0 842.0 1649.0 842.0 1601.0 867.0 1497.0 848.0 1496.0 848.0 1494.0 848.0 1435.0 871.0 1342.0 877.0 1322.0 868.0 1320.0 868.0 1319.0 868.0 1190.0 883.0 1126.0 865.0 1125.0 865.0 1123.0 865.0 983.0 883.0 928.0 874.0 926.0 874.0 925.0 874.0 877.0 897.0 784.0 879.0 783.0 879.0 781.0 879.0 693.0 906.0 662.0 896.0 661.0 896.0 659.0 896.0 658.0 896.0 624.0 903.0 500.0 891.0 499.0 891.0 497.0 891.0 415.0 925.0 178.0 932.0 181.0 986.0"/>
                        </Shape>
                        <String ID="segment_102" CONTENT="je" HPOS="192" VPOS="931" WIDTH="40" HEIGHT="65" WC="0.9999">
                            <Shape>
                                <Polygon POINTS="192 932 195 992 232 996 228 931"/>
                            </Shape>
                            <Glyph ID="char_291" CONTENT="j" HPOS="192" VPOS="932" WIDTH="3" HEIGHT="60" GC="0.9997">
                                <Shape>
                                    <Polygon POINTS="192 932 195 992 195 992 192 932"/>
                                </Shape>
                            </Glyph>
                            <Glyph ID="char_292" CONTENT="e" HPOS="228" VPOS="931" WIDTH="4" HEIGHT="65" GC="1.0">
                                <Shape>
                                    <Polygon POINTS="228 931 232 996 232 996 228 931"/>
                                </Shape>
                            </Glyph>
                        </String>
                        <SP ID="segment_103" HPOS="278"  VPOS="929" WIDTH="11"  HEIGHT="67"/>
                        <String ID="segment_104" CONTENT="ne" HPOS="307" VPOS="927" WIDTH="40" HEIGHT="67" WC="0.9999">
                            <Shape>
                                <Polygon POINTS="307 928 311 994 347 992 343 927"/>
                            </Shape>
                            <Glyph ID="char_294" CONTENT="n" HPOS="307" VPOS="928" WIDTH="4" HEIGHT="66" GC="0.9998">
                                <Shape>
                                    <Polygon POINTS="307 928 311 994 311 994 307 928"/>
                                </Shape>
                            </Glyph>
                            <Glyph ID="char_295" CONTENT="e" HPOS="343" VPOS="927" WIDTH="4" HEIGHT="65" GC="1.0">
                                <Shape>
                                    <Polygon POINTS="343 927 347 992 347 992 343 927"/>
                                </Shape>
                            </Glyph>
                        </String>
                        <SP ID="segment_105" HPOS="400"  VPOS="925" WIDTH="10"  HEIGHT="63"/>
                        <String ID="segment_106" CONTENT="le" HPOS="428" VPOS="893" WIDTH="68" HEIGHT="93" WC="0.9999">
                            <Shape>
                                <Polygon POINTS="428 920 431 986 496 981 491 893"/>
                            </Shape>
                            <Glyph ID="char_297" CONTENT="l" HPOS="428" VPOS="920" WIDTH="3" HEIGHT="66" GC="0.9999">
                                <Shape>
                                    <Polygon POINTS="428 920 431 986 431 986 428 920"/>
                                </Shape>
                            </Glyph>
                            <Glyph ID="char_298" CONTENT="e" HPOS="491" VPOS="893" WIDTH="5" HEIGHT="88" GC="1.0">
                                <Shape>
                                    <Polygon POINTS="491 893 496 981 496 981 491 893"/>
                                </Shape>
                            </Glyph>
                        </String>
                        <SP ID="segment_107" HPOS="549"  VPOS="896" WIDTH="11"  HEIGHT="84"/>
                        <String ID="segment_108" CONTENT="prenois" HPOS="578" VPOS="879" WIDTH="211" HEIGHT="102" WC="0.9997">
                            <Shape>
                                <Polygon POINTS="578 899 582 981 789 965 784 879"/>
                            </Shape>
                            <Glyph ID="char_300" CONTENT="p" HPOS="578" VPOS="899" WIDTH="4" HEIGHT="82" GC="0.9993">
                                <Shape>
                                    <Polygon POINTS="578 899 582 981 582 981 578 899"/>
                                </Shape>
                            </Glyph>
                            <Glyph ID="char_301" CONTENT="r" HPOS="620" VPOS="902" WIDTH="12" HEIGHT="79" GC="1.0">
                                <Shape>
                                    <Polygon POINTS="620 903 624 981 632 981 628 902"/>
                                </Shape>
                            </Glyph>
                            <Glyph ID="char_302" CONTENT="e" HPOS="642" VPOS="898" WIDTH="11" HEIGHT="81" GC="1.0">
                                <Shape>
                                    <Polygon POINTS="642 899 646 979 653 978 649 898"/>
                                </Shape>
                            </Glyph>
                            <Glyph ID="char_303" CONTENT="n" HPOS="685" VPOS="904" WIDTH="4" HEIGHT="68" GC="1.0">
                                <Shape>
                                    <Polygon POINTS="685 904 689 972 689 972 685 904"/>
                                </Shape>
                            </Glyph>
                            <Glyph ID="char_304" CONTENT="o" HPOS="728" VPOS="895" WIDTH="4" HEIGHT="71" GC="1.0">
                                <Shape>
                                    <Polygon POINTS="728 895 732 966 732 966 728 895"/>
                                </Shape>
                            </Glyph>
                            <Glyph ID="char_305" CONTENT="i" HPOS="756" VPOS="887" WIDTH="4" HEIGHT="80" GC="0.9989">
                                <Shape>
                                    <Polygon POINTS="756 887 760 967 760 967 756 887"/>
                                </Shape>
                            </Glyph>
                            <Glyph ID="char_306" CONTENT="s" HPOS="784" VPOS="879" WIDTH="5" HEIGHT="86" GC="1.0">
                                <Shape>
                                    <Polygon POINTS="784 879 789 965 789 965 784 879"/>
                                </Shape>
                            </Glyph>
                        </String>
                        <SP ID="segment_109" HPOS="828"  VPOS="887" WIDTH="11"  HEIGHT="75"/>
                        <String ID="segment_110" CONTENT="pas" HPOS="849" VPOS="877" WIDTH="104" HEIGHT="86" WC="0.9995">
                            <Shape>
                                <Polygon POINTS="849 892 853 963 953 954 944 877"/>
                            </Shape>
                            <Glyph ID="char_308" CONTENT="p" HPOS="849" VPOS="892" WIDTH="4" HEIGHT="71" GC="0.9987">
                                <Shape>
                                    <Polygon POINTS="849 892 853 963 853 963 849 892"/>
                                </Shape>
                            </Glyph>
                            <Glyph ID="char_309" CONTENT="a" HPOS="913" VPOS="880" WIDTH="5" HEIGHT="81" GC="1.0">
                                <Shape>
                                    <Polygon POINTS="913 880 918 961 918 961 913 880"/>
                                </Shape>
                            </Glyph>
                            <Glyph ID="char_310" CONTENT="s" HPOS="944" VPOS="877" WIDTH="9" HEIGHT="77" GC="0.9999">
                                <Shape>
                                    <Polygon POINTS="944 877 953 954 953 954 944 877"/>
                                </Shape>
                            </Glyph>
                        </String>
                        <SP ID="segment_111" HPOS="1003"  VPOS="880" WIDTH="15"  HEIGHT="71"/>
                        <String ID="segment_112" CONTENT="sur" HPOS="1024" VPOS="869" WIDTH="128" HEIGHT="82" WC="0.9996">
                            <Shape>
                                <Polygon POINTS="1024 878 1032 951 1152 949 1150 872"/>
                            </Shape>
                            <Glyph ID="char_312" CONTENT="s" HPOS="1024" VPOS="878" WIDTH="8" HEIGHT="73" GC="0.9996">
                                <Shape>
                                    <Polygon POINTS="1024 878 1032 951 1032 951 1024 878"/>
                                </Shape>
                            </Glyph>
                            <Glyph ID="char_313" CONTENT="u" HPOS="1095" VPOS="869" WIDTH="10" HEIGHT="82" GC="0.9992">
                                <Shape>
                                    <Polygon POINTS="1095 869 1105 951 1105 951 1095 869"/>
                                </Shape>
                            </Glyph>
                            <Glyph ID="char_314" CONTENT="r" HPOS="1150" VPOS="872" WIDTH="2" HEIGHT="77" GC="1.0">
                                <Shape>
                                    <Polygon POINTS="1150 872 1152 949 1152 949 1150 872"/>
                                </Shape>
                            </Glyph>
                        </String>
                        <SP ID="segment_113" HPOS="1193"  VPOS="882" WIDTH="9"  HEIGHT="63"/>
                        <String ID="segment_114" CONTENT="moi" HPOS="1235" VPOS="871" WIDTH="95" HEIGHT="70" WC="1.0">
                            <Shape>
                                <Polygon POINTS="1235 878 1237 941 1330 937 1328 871"/>
                            </Shape>
                            <Glyph ID="char_316" CONTENT="m" HPOS="1235" VPOS="878" WIDTH="2" HEIGHT="63" GC="1.0">
                                <Shape>
                                    <Polygon POINTS="1235 878 1237 941 1237 941 1235 878"/>
                                </Shape>
                            </Glyph>
                            <Glyph ID="char_317" CONTENT="o" HPOS="1285" VPOS="872" WIDTH="2" HEIGHT="65" GC="1.0">
                                <Shape>
                                    <Polygon POINTS="1285 872 1287 937 1287 937 1285 872"/>
                                </Shape>
                            </Glyph>
                            <Glyph ID="char_318" CONTENT="i" HPOS="1328" VPOS="871" WIDTH="2" HEIGHT="66" GC="1.0">
                                <Shape>
                                    <Polygon POINTS="1328 871 1330 937 1330 937 1328 871"/>
                                </Shape>
                            </Glyph>
                        </String>
                        <SP ID="segment_115" HPOS="1386"  VPOS="874" WIDTH="10"  HEIGHT="75"/>
                        <String ID="segment_116" CONTENT="qu&#39;il" HPOS="1414" VPOS="848" WIDTH="131" HEIGHT="100" WC="0.9979">
                            <Shape>
                                <Polygon POINTS="1414 872 1417 948 1545 930 1543 856"/>
                            </Shape>
                            <Glyph ID="char_320" CONTENT="q" HPOS="1414" VPOS="872" WIDTH="3" HEIGHT="76" GC="1.0">
                                <Shape>
                                    <Polygon POINTS="1414 872 1417 948 1417 948 1414 872"/>
                                </Shape>
                            </Glyph>
                            <Glyph ID="char_321" CONTENT="u" HPOS="1464" VPOS="860" WIDTH="3" HEIGHT="86" GC="1.0">
                                <Shape>
                                    <Polygon POINTS="1464 860 1467 946 1467 946 1464 860"/>
                                </Shape>
                            </Glyph>
                            <Glyph ID="char_322" CONTENT="&#39;" HPOS="1493" VPOS="848" WIDTH="9" HEIGHT="84" GC="0.9996">
                                <Shape>
                                    <Polygon POINTS="1493 849 1495 932 1502 929 1500 848"/>
                                </Shape>
                            </Glyph>
                            <Glyph ID="char_323" CONTENT="i" HPOS="1507" VPOS="850" WIDTH="9" HEIGHT="79" GC="0.9985">
                                <Shape>
                                    <Polygon POINTS="1507 850 1509 929 1516 929 1514 851"/>
                                </Shape>
                            </Glyph>
                            <Glyph ID="char_324" CONTENT="l" HPOS="1543" VPOS="856" WIDTH="2" HEIGHT="74" GC="0.9916">
                                <Shape>
                                    <Polygon POINTS="1543 856 1545 930 1545 930 1543 856"/>
                                </Shape>
                            </Glyph>
                        </String>
                        <SP ID="segment_117" HPOS="1593"  VPOS="866" WIDTH="9"  HEIGHT="66"/>
                        <String ID="segment_118" CONTENT="folloct" HPOS="1622" VPOS="838" WIDTH="238" HEIGHT="91" WC="0.906">
                            <Shape>
                                <Polygon POINTS="1622 856 1624 929 1860 921 1858 853"/>
                            </Shape>
                            <Glyph ID="char_326" CONTENT="f" HPOS="1622" VPOS="856" WIDTH="2" HEIGHT="73" GC="0.7782">
                                <Shape>
                                    <Polygon POINTS="1622 856 1624 929 1624 929 1622 856"/>
                                </Shape>
                            </Glyph>
                            <Glyph ID="char_327" CONTENT="o" HPOS="1664" VPOS="841" WIDTH="3" HEIGHT="84" GC="0.9841">
                                <Shape>
                                    <Polygon POINTS="1664 841 1667 925 1667 925 1664 841"/>
                                </Shape>
                            </Glyph>
                            <Glyph ID="char_328" CONTENT="l" HPOS="1706" VPOS="840" WIDTH="3" HEIGHT="81" GC="0.999">
                                <Shape>
                                    <Polygon POINTS="1706 840 1709 921 1709 921 1706 840"/>
                                </Shape>
                            </Glyph>
                            <Glyph ID="char_329" CONTENT="l" HPOS="1735" VPOS="838" WIDTH="3" HEIGHT="80" GC="0.9977">
                                <Shape>
                                    <Polygon POINTS="1735 838 1738 918 1738 918 1735 838"/>
                                </Shape>
                            </Glyph>
                            <Glyph ID="char_330" CONTENT="o" HPOS="1772" VPOS="845" WIDTH="2" HEIGHT="75" GC="0.6022">
                                <Shape>
                                    <Polygon POINTS="1772 845 1774 920 1774 920 1772 845"/>
                                </Shape>
                            </Glyph>
                            <Glyph ID="char_331" CONTENT="c" HPOS="1815" VPOS="857" WIDTH="2" HEIGHT="69" GC="0.9815">
                                <Shape>
                                    <Polygon POINTS="1815 857 1817 926 1817 926 1815 857"/>
                                </Shape>
                            </Glyph>
                            <Glyph ID="char_332" CONTENT="t" HPOS="1858" VPOS="853" WIDTH="2" HEIGHT="68" GC="0.999">
                                <Shape>
                                    <Polygon POINTS="1858 853 1860 921 1860 921 1858 853"/>
                                </Shape>
                            </Glyph>
                        </String>
                    </TextLine>

                    <TextLine ID="6e7e9390-689d-4faa-bb0e-84abb1ba1fa5" HPOS="154.0" VPOS="970.0" WIDTH="1861.0" HEIGHT="184.0" BASELINE="158.0 1131.0 1120.0 1065.0 1664.0 1042.0 2015.0 1041.0" TAGREFS="LINE_TYPE_1">
                        <Shape>
                            <Polygon POINTS="158.0 1131.0 158.0 1154.0 297.0 1131.0 569.0 1129.0 726.0 1105.0 835.0 1102.0 877.0 1111.0 879.0 1111.0 949.0 1097.0 1019.0 1100.0 1021.0 1100.0 1183.0 1080.0 1235.0 1094.0 1236.0 1094.0 1238.0 1094.0 1392.0 1079.0 1394.0 1079.0 1412.0 1070.0 1613.0 1073.0 1615.0 1073.0 1705.0 1051.0 1821.0 1061.0 1823.0 1061.0 2015.0 1050.0 2015.0 1041.0 2010.0 989.0 1763.0 1001.0 1667.0 970.0 1665.0 970.0 1664.0 970.0 1610.0 977.0 1609.0 977.0 1542.0 1001.0 1476.0 1001.0 1474.0 1001.0 1473.0 1001.0 1418.0 1019.0 1314.0 990.0 1313.0 990.0 1311.0 990.0 1310.0 990.0 1248.0 1019.0 1174.0 999.0 1172.0 999.0 1171.0 999.0 906.0 1013.0 905.0 1013.0 826.0 1047.0 766.0 1041.0 764.0 1041.0 763.0 1041.0 734.0 1053.0 648.0 1056.0 615.0 1048.0 613.0 1048.0 612.0 1048.0 438.0 1071.0 369.0 1070.0 317.0 1048.0 316.0 1048.0 314.0 1048.0 313.0 1048.0 242.0 1071.0 154.0 1057.0 158.0 1131.0"/>
                        </Shape>
                        <String ID="segment_119" CONTENT="dabord" HPOS="180" VPOS="1049" WIDTH="205" HEIGHT="100" WC="0.9946">
                            <Shape>
                                <Polygon POINTS="180 1061 186 1149 385 1130 381 1070"/>
                            </Shape>
                            <Glyph ID="char_333" CONTENT="d" HPOS="180" VPOS="1061" WIDTH="6" HEIGHT="88" GC="1.0">
                                <Shape>
                                    <Polygon POINTS="180 1061 186 1149 186 1149 180 1061"/>
                                </Shape>
                            </Glyph>
                            <Glyph ID="char_334" CONTENT="a" HPOS="223" VPOS="1068" WIDTH="5" HEIGHT="74" GC="1.0">
                                <Shape>
                                    <Polygon POINTS="223 1068 228 1142 228 1142 223 1068"/>
                                </Shape>
                            </Glyph>
                            <Glyph ID="char_335" CONTENT="b" HPOS="264" VPOS="1064" WIDTH="5" HEIGHT="72" GC="1.0">
                                <Shape>
                                    <Polygon POINTS="264 1064 269 1136 269 1136 264 1064"/>
                                </Shape>
                            </Glyph>
                            <Glyph ID="char_336" CONTENT="o" HPOS="311" VPOS="1049" WIDTH="5" HEIGHT="82" GC="0.9748">
                                <Shape>
                                    <Polygon POINTS="311 1049 316 1131 316 1131 311 1049"/>
                                </Shape>
                            </Glyph>
                            <Glyph ID="char_337" CONTENT="r" HPOS="339" VPOS="1057" WIDTH="5" HEIGHT="74" GC="0.9978">
                                <Shape>
                                    <Polygon POINTS="339 1057 344 1131 344 1131 339 1057"/>
                                </Shape>
                            </Glyph>
                            <Glyph ID="char_338" CONTENT="d" HPOS="381" VPOS="1070" WIDTH="4" HEIGHT="60" GC="0.9947">
                                <Shape>
                                    <Polygon POINTS="381 1070 385 1130 385 1130 381 1070"/>
                                </Shape>
                            </Glyph>
                        </String>
                        <SP ID="segment_120" HPOS="437"  VPOS="1070" WIDTH="11"  HEIGHT="60"/>
                        <String ID="segment_121" CONTENT="scavoir" HPOS="463" VPOS="1051" WIDTH="231" HEIGHT="79" WC="0.9962">
                            <Shape>
                                <Polygon POINTS="463 1068 468 1130 694 1110 690 1055"/>
                            </Shape>
                            <Glyph ID="char_340" CONTENT="s" HPOS="463" VPOS="1068" WIDTH="5" HEIGHT="62" GC="0.986">
                                <Shape>
                                    <Polygon POINTS="463 1068 468 1130 468 1130 463 1068"/>
                                </Shape>
                            </Glyph>
                            <Glyph ID="char_341" CONTENT="c" HPOS="511" VPOS="1061" WIDTH="5" HEIGHT="68" GC="1.0">
                                <Shape>
                                    <Polygon POINTS="511 1061 516 1129 516 1129 511 1061"/>
                                </Shape>
                            </Glyph>
                            <Glyph ID="char_342" CONTENT="a" HPOS="546" VPOS="1057" WIDTH="5" HEIGHT="72" GC="0.9999">
                                <Shape>
                                    <Polygon POINTS="546 1057 551 1129 551 1129 546 1057"/>
                                </Shape>
                            </Glyph>
                            <Glyph ID="char_343" CONTENT="v" HPOS="587" VPOS="1051" WIDTH="5" HEIGHT="75" GC="0.997">
                                <Shape>
                                    <Polygon POINTS="587 1051 592 1126 592 1126 587 1051"/>
                                </Shape>
                            </Glyph>
                            <Glyph ID="char_344" CONTENT="o" HPOS="628" VPOS="1051" WIDTH="4" HEIGHT="68" GC="0.9993">
                                <Shape>
                                    <Polygon POINTS="628 1051 632 1119 632 1119 628 1051"/>
                                </Shape>
                            </Glyph>
                            <Glyph ID="char_345" CONTENT="i" HPOS="656" VPOS="1056" WIDTH="10" HEIGHT="59" GC="0.9968">
                                <Shape>
                                    <Polygon POINTS="656 1056 660 1115 666 1114 662 1056"/>
                                </Shape>
                            </Glyph>
                            <Glyph ID="char_346" CONTENT="r" HPOS="690" VPOS="1055" WIDTH="4" HEIGHT="55" GC="0.9946">
                                <Shape>
                                    <Polygon POINTS="690 1055 694 1110 694 1110 690 1055"/>
                                </Shape>
                            </Glyph>
                        </String>
                        <SP ID="segment_122" HPOS="738"  VPOS="1046" WIDTH="18"  HEIGHT="59"/>
                        <String ID="segment_123" CONTENT="si" HPOS="765" VPOS="1041" WIDTH="39" HEIGHT="63" WC="0.9993">
                            <Shape>
                                <Polygon POINTS="765 1041 770 1104 804 1103 800 1044"/>
                            </Shape>
                            <Glyph ID="char_348" CONTENT="s" HPOS="765" VPOS="1041" WIDTH="5" HEIGHT="63" GC="0.9985">
                                <Shape>
                                    <Polygon POINTS="765 1041 770 1104 770 1104 765 1041"/>
                                </Shape>
                            </Glyph>
                            <Glyph ID="char_349" CONTENT="i" HPOS="800" VPOS="1044" WIDTH="4" HEIGHT="59" GC="1.0">
                                <Shape>
                                    <Polygon POINTS="800 1044 804 1103 804 1103 800 1044"/>
                                </Shape>
                            </Glyph>
                        </String>
                        <SP ID="segment_124" HPOS="861"  VPOS="1029" WIDTH="12"  HEIGHT="81"/>
                        <String ID="segment_125" CONTENT="ce" HPOS="880" VPOS="1013" WIDTH="41" HEIGHT="97" WC="1.0">
                            <Shape>
                                <Polygon POINTS="880 1024 886 1110 921 1103 915 1013"/>
                            </Shape>
                            <Glyph ID="char_351" CONTENT="c" HPOS="880" VPOS="1024" WIDTH="6" HEIGHT="86" GC="1.0">
                                <Shape>
                                    <Polygon POINTS="880 1024 886 1110 886 1110 880 1024"/>
                                </Shape>
                            </Glyph>
                            <Glyph ID="char_352" CONTENT="e" HPOS="915" VPOS="1013" WIDTH="6" HEIGHT="90" GC="1.0">
                                <Shape>
                                    <Polygon POINTS="915 1013 921 1103 921 1103 915 1013"/>
                                </Shape>
                            </Glyph>
                        </String>
                        <SP ID="segment_126" HPOS="942"  VPOS="1011" WIDTH="13"  HEIGHT="86"/>
                        <String ID="segment_127" CONTENT="la" HPOS="963" VPOS="1008" WIDTH="40" HEIGHT="91" WC="0.9891">
                            <Shape>
                                <Polygon POINTS="963 1010 969 1098 1003 1099 997 1008"/>
                            </Shape>
                            <Glyph ID="char_354" CONTENT="l" HPOS="963" VPOS="1010" WIDTH="6" HEIGHT="88" GC="0.9974">
                                <Shape>
                                    <Polygon POINTS="963 1010 969 1098 969 1098 963 1010"/>
                                </Shape>
                            </Glyph>
                            <Glyph ID="char_355" CONTENT="a" HPOS="997" VPOS="1008" WIDTH="6" HEIGHT="91" GC="0.9808">
                                <Shape>
                                    <Polygon POINTS="997 1008 1003 1099 1003 1099 997 1008"/>
                                </Shape>
                            </Glyph>
                        </String>
                        <SP ID="segment_128" HPOS="1058"  VPOS="1005" WIDTH="14"  HEIGHT="90"/>
                        <String ID="segment_129" CONTENT="Vous" HPOS="1085" VPOS="999" WIDTH="116" HEIGHT="92" WC="1.0">
                            <Shape>
                                <Polygon POINTS="1085 1004 1091 1091 1201 1085 1197 1005"/>
                            </Shape>
                            <Glyph ID="char_357" CONTENT="V" HPOS="1085" VPOS="1004" WIDTH="6" HEIGHT="87" GC="0.9999">
                                <Shape>
                                    <Polygon POINTS="1085 1004 1091 1091 1091 1091 1085 1004"/>
                                </Shape>
                            </Glyph>
                            <Glyph ID="char_358" CONTENT="o" HPOS="1129" VPOS="1001" WIDTH="4" HEIGHT="85" GC="1.0">
                                <Shape>
                                    <Polygon POINTS="1129 1001 1133 1086 1133 1086 1129 1001"/>
                                </Shape>
                            </Glyph>
                            <Glyph ID="char_359" CONTENT="u" HPOS="1170" VPOS="999" WIDTH="3" HEIGHT="82" GC="0.9999">
                                <Shape>
                                    <Polygon POINTS="1170 999 1173 1081 1173 1081 1170 999"/>
                                </Shape>
                            </Glyph>
                            <Glyph ID="char_360" CONTENT="s" HPOS="1197" VPOS="1005" WIDTH="4" HEIGHT="80" GC="1.0">
                                <Shape>
                                    <Polygon POINTS="1197 1005 1201 1085 1201 1085 1197 1005"/>
                                </Shape>
                            </Glyph>
                        </String>
                        <SP ID="segment_130" HPOS="1240"  VPOS="1017" WIDTH="16"  HEIGHT="77"/>
                        <String ID="segment_131" CONTENT="Convenoit," HPOS="1273" VPOS="976" WIDTH="346" HEIGHT="114" WC="0.9263">
                            <Shape>
                                <Polygon POINTS="1273 1007 1277 1090 1619 1072 1615 976"/>
                            </Shape>
                            <Glyph ID="char_362" CONTENT="C" HPOS="1273" VPOS="1007" WIDTH="4" HEIGHT="83" GC="0.9994">
                                <Shape>
                                    <Polygon POINTS="1273 1007 1277 1090 1277 1090 1273 1007"/>
                                </Shape>
                            </Glyph>
                            <Glyph ID="char_363" CONTENT="o" HPOS="1321" VPOS="992" WIDTH="4" HEIGHT="94" GC="0.9999">
                                <Shape>
                                    <Polygon POINTS="1321 992 1325 1086 1325 1086 1321 992"/>
                                </Shape>
                            </Glyph>
                            <Glyph ID="char_364" CONTENT="n" HPOS="1355" VPOS="1002" WIDTH="4" HEIGHT="80" GC="0.7296">
                                <Shape>
                                    <Polygon POINTS="1355 1002 1359 1082 1359 1082 1355 1002"/>
                                </Shape>
                            </Glyph>
                            <Glyph ID="char_365" CONTENT="v" HPOS="1398" VPOS="1013" WIDTH="2" HEIGHT="63" GC="0.9702">
                                <Shape>
                                    <Polygon POINTS="1398 1013 1400 1076 1400 1076 1398 1013"/>
                                </Shape>
                            </Glyph>
                            <Glyph ID="char_366" CONTENT="e" HPOS="1439" VPOS="1010" WIDTH="9" HEIGHT="61" GC="1.0">
                                <Shape>
                                    <Polygon POINTS="1439 1012 1441 1070 1448 1071 1446 1010"/>
                                </Shape>
                            </Glyph>
                            <Glyph ID="char_367" CONTENT="n" HPOS="1472" VPOS="1001" WIDTH="3" HEIGHT="70" GC="1.0">
                                <Shape>
                                    <Polygon POINTS="1472 1001 1475 1071 1475 1071 1472 1001"/>
                                </Shape>
                            </Glyph>
                            <Glyph ID="char_368" CONTENT="o" HPOS="1507" VPOS="1001" WIDTH="3" HEIGHT="70" GC="0.9663">
                                <Shape>
                                    <Polygon POINTS="1507 1001 1510 1071 1510 1071 1507 1001"/>
                                </Shape>
                            </Glyph>
                            <Glyph ID="char_369" CONTENT="i" HPOS="1541" VPOS="1001" WIDTH="3" HEIGHT="71" GC="0.955">
                                <Shape>
                                    <Polygon POINTS="1541 1001 1544 1072 1544 1072 1541 1001"/>
                                </Shape>
                            </Glyph>
                            <Glyph ID="char_370" CONTENT="t" HPOS="1582" VPOS="987" WIDTH="3" HEIGHT="86" GC="0.9567">
                                <Shape>
                                    <Polygon POINTS="1582 987 1585 1073 1585 1073 1582 987"/>
                                </Shape>
                            </Glyph>
                            <Glyph ID="char_371" CONTENT="," HPOS="1615" VPOS="976" WIDTH="4" HEIGHT="96" GC="0.6864">
                                <Shape>
                                    <Polygon POINTS="1615 976 1619 1072 1619 1072 1615 976"/>
                                </Shape>
                            </Glyph>
                        </String>
                        <SP ID="segment_132" HPOS="1629"  VPOS="974" WIDTH="4"  HEIGHT="95"/>
                        <String ID="segment_133" CONTENT="et" HPOS="1643" VPOS="973" WIDTH="37" HEIGHT="92" WC="0.7457">
                            <Shape>
                                <Polygon POINTS="1643 973 1647 1065 1680 1057 1680 974"/>
                            </Shape>
                            <Glyph ID="char_373" CONTENT="e" HPOS="1643" VPOS="973" WIDTH="4" HEIGHT="92" GC="0.9513">
                                <Shape>
                                    <Polygon POINTS="1643 973 1647 1065 1647 1065 1643 973"/>
                                </Shape>
                            </Glyph>
                            <Glyph ID="char_374" CONTENT="t" HPOS="1680" VPOS="974" WIDTH="0" HEIGHT="83" GC="0.5401">
                                <Shape>
                                    <Polygon POINTS="1680 974 1680 1057 1680 1057 1680 974"/>
                                </Shape>
                            </Glyph>
                        </String>
                        <SP ID="segment_134" HPOS="1722"  VPOS="988" WIDTH="0"  HEIGHT="64"/>
                        <String ID="segment_135" CONTENT="si" HPOS="1742" VPOS="994" WIDTH="28" HEIGHT="63" WC="0.7898">
                            <Shape>
                                <Polygon POINTS="1742 994 1742 1054 1770 1057 1770 1001"/>
                            </Shape>
                            <Glyph ID="char_376" CONTENT="s" HPOS="1742" VPOS="994" WIDTH="0" HEIGHT="60" GC="0.5798">
                                <Shape>
                                    <Polygon POINTS="1742 994 1742 1054 1742 1054 1742 994"/>
                                </Shape>
                            </Glyph>
                            <Glyph ID="char_377" CONTENT="i" HPOS="1770" VPOS="1001" WIDTH="0" HEIGHT="56" GC="0.9998">
                                <Shape>
                                    <Polygon POINTS="1770 1001 1770 1057 1770 1057 1770 1001"/>
                                </Shape>
                            </Glyph>
                        </String>
                        <SP ID="segment_136" HPOS="1811"  VPOS="998" WIDTH="7"  HEIGHT="63"/>
                        <String ID="segment_137" CONTENT="avec" HPOS="1831" VPOS="993" WIDTH="97" HEIGHT="68" WC="0.9704">
                            <Shape>
                                <Polygon POINTS="1831 998 1831 1061 1928 1055 1928 993"/>
                            </Shape>
                            <Glyph ID="char_379" CONTENT="a" HPOS="1831" VPOS="998" WIDTH="0" HEIGHT="63" GC="0.9894">
                                <Shape>
                                    <Polygon POINTS="1831 998 1831 1061 1831 1061 1831 998"/>
                                </Shape>
                            </Glyph>
                            <Glyph ID="char_380" CONTENT="v" HPOS="1866" VPOS="996" WIDTH="0" HEIGHT="63" GC="0.9996">
                                <Shape>
                                    <Polygon POINTS="1866 996 1866 1059 1866 1059 1866 996"/>
                                </Shape>
                            </Glyph>
                            <Glyph ID="char_381" CONTENT="e" HPOS="1900" VPOS="994" WIDTH="7" HEIGHT="63" GC="0.8931">
                                <Shape>
                                    <Polygon POINTS="1900 994 1900 1057 1907 1056 1907 994"/>
                                </Shape>
                            </Glyph>
                            <Glyph ID="char_382" CONTENT="c" HPOS="1928" VPOS="993" WIDTH="0" HEIGHT="62" GC="0.9995">
                                <Shape>
                                    <Polygon POINTS="1928 993 1928 1055 1928 1055 1928 993"/>
                                </Shape>
                            </Glyph>
                        </String>
                    </TextLine>

                    <TextLine ID="b45db638-e0bc-4140-9dff-f204d995dfb2" HPOS="148.0" VPOS="1103.0" WIDTH="1734.0" HEIGHT="174.0" BASELINE="152.0 1268.0 502.0 1242.0 813.0 1209.0 1882.0 1164.0" TAGREFS="LINE_TYPE_1">
                        <Shape>
                            <Polygon POINTS="152.0 1268.0 152.0 1277.0 415.0 1254.0 493.0 1262.0 494.0 1262.0 619.0 1256.0 621.0 1256.0 713.0 1230.0 902.0 1222.0 958.0 1235.0 960.0 1235.0 1094.0 1215.0 1146.0 1221.0 1148.0 1221.0 1149.0 1221.0 1184.0 1209.0 1276.0 1222.0 1278.0 1222.0 1390.0 1218.0 1392.0 1218.0 1394.0 1218.0 1409.0 1209.0 1487.0 1213.0 1488.0 1213.0 1490.0 1213.0 1514.0 1203.0 1580.0 1209.0 1581.0 1209.0 1583.0 1209.0 1623.0 1187.0 1832.0 1187.0 1832.0 1186.0 1881.0 1174.0 1882.0 1164.0 1879.0 1126.0 1771.0 1103.0 1769.0 1103.0 1710.0 1106.0 1708.0 1106.0 1636.0 1141.0 1507.0 1138.0 1505.0 1138.0 1503.0 1138.0 1453.0 1152.0 1345.0 1155.0 1290.0 1146.0 1288.0 1146.0 1233.0 1149.0 1181.0 1132.0 1180.0 1132.0 1178.0 1132.0 984.0 1149.0 913.0 1146.0 911.0 1146.0 910.0 1146.0 862.0 1160.0 839.0 1151.0 838.0 1151.0 836.0 1151.0 746.0 1154.0 745.0 1154.0 665.0 1189.0 607.0 1181.0 606.0 1181.0 604.0 1181.0 578.0 1195.0 396.0 1203.0 323.0 1183.0 322.0 1183.0 320.0 1183.0 319.0 1183.0 264.0 1199.0 203.0 1183.0 201.0 1183.0 200.0 1183.0 198.0 1183.0 148.0 1199.0 152.0 1268.0"/>
                        </Shape>
                        <String ID="segment_138" CONTENT="tout" HPOS="169" VPOS="1183" WIDTH="126" HEIGHT="92" WC="0.9998">
                            <Shape>
                                <Polygon POINTS="169 1192 176 1275 295 1264 290 1192"/>
                            </Shape>
                            <Glyph ID="char_383" CONTENT="t" HPOS="169" VPOS="1192" WIDTH="7" HEIGHT="83" GC="0.9999">
                                <Shape>
                                    <Polygon POINTS="169 1192 176 1275 176 1275 169 1192"/>
                                </Shape>
                            </Glyph>
                            <Glyph ID="char_384" CONTENT="o" HPOS="199" VPOS="1183" WIDTH="6" HEIGHT="89" GC="1.0">
                                <Shape>
                                    <Polygon POINTS="199 1183 205 1272 205 1272 199 1183"/>
                                </Shape>
                            </Glyph>
                            <Glyph ID="char_385" CONTENT="u" HPOS="245" VPOS="1194" WIDTH="5" HEIGHT="74" GC="1.0">
                                <Shape>
                                    <Polygon POINTS="245 1194 250 1268 250 1268 245 1194"/>
                                </Shape>
                            </Glyph>
                            <Glyph ID="char_386" CONTENT="t" HPOS="290" VPOS="1192" WIDTH="5" HEIGHT="72" GC="0.9994">
                                <Shape>
                                    <Polygon POINTS="290 1192 295 1264 295 1264 290 1192"/>
                                </Shape>
                            </Glyph>
                        </String>
                        <SP ID="segment_139" HPOS="351"  VPOS="1191" WIDTH="12"  HEIGHT="68"/>
                        <String ID="segment_140" CONTENT="Logouveaux" HPOS="373" VPOS="1152" WIDTH="486" HEIGHT="110" WC="0.9626">
                            <Shape>
                                <Polygon POINTS="373 1197 378 1257 859 1224 856 1158"/>
                            </Shape>
                            <Glyph ID="char_388" CONTENT="L" HPOS="373" VPOS="1197" WIDTH="5" HEIGHT="60" GC="0.9703">
                                <Shape>
                                    <Polygon POINTS="373 1197 378 1257 378 1257 373 1197"/>
                                </Shape>
                            </Glyph>
                            <Glyph ID="char_389" CONTENT="o" HPOS="450" VPOS="1201" WIDTH="4" HEIGHT="57" GC="0.6861">
                                <Shape>
                                    <Polygon POINTS="450 1201 454 1258 454 1258 450 1201"/>
                                </Shape>
                            </Glyph>
                            <Glyph ID="char_390" CONTENT="g" HPOS="495" VPOS="1199" WIDTH="4" HEIGHT="63" GC="0.9894">
                                <Shape>
                                    <Polygon POINTS="495 1199 499 1262 499 1262 495 1199"/>
                                </Shape>
                            </Glyph>
                            <Glyph ID="char_391" CONTENT="o" HPOS="584" VPOS="1192" WIDTH="7" HEIGHT="65" GC="0.9981">
                                <Shape>
                                    <Polygon POINTS="584 1192 591 1257 591 1257 584 1192"/>
                                </Shape>
                            </Glyph>
                            <Glyph ID="char_392" CONTENT="u" HPOS="636" VPOS="1185" WIDTH="7" HEIGHT="65" GC="0.9834">
                                <Shape>
                                    <Polygon POINTS="636 1185 643 1250 643 1250 636 1185"/>
                                </Shape>
                            </Glyph>
                            <Glyph ID="char_393" CONTENT="v" HPOS="674" VPOS="1185" WIDTH="6" HEIGHT="54" GC="1.0">
                                <Shape>
                                    <Polygon POINTS="674 1185 680 1239 680 1239 674 1185"/>
                                </Shape>
                            </Glyph>
                            <Glyph ID="char_394" CONTENT="e" HPOS="725" VPOS="1163" WIDTH="7" HEIGHT="66" GC="1.0">
                                <Shape>
                                    <Polygon POINTS="725 1163 732 1229 732 1229 725 1163"/>
                                </Shape>
                            </Glyph>
                            <Glyph ID="char_395" CONTENT="a" HPOS="769" VPOS="1153" WIDTH="8" HEIGHT="74" GC="0.9996">
                                <Shape>
                                    <Polygon POINTS="769 1153 777 1227 777 1227 769 1153"/>
                                </Shape>
                            </Glyph>
                            <Glyph ID="char_396" CONTENT="u" HPOS="818" VPOS="1152" WIDTH="3" HEIGHT="73" GC="0.9994">
                                <Shape>
                                    <Polygon POINTS="818 1152 821 1225 821 1225 818 1152"/>
                                </Shape>
                            </Glyph>
                            <Glyph ID="char_397" CONTENT="x" HPOS="856" VPOS="1158" WIDTH="3" HEIGHT="66" GC="0.9995">
                                <Shape>
                                    <Polygon POINTS="856 1158 859 1224 859 1224 856 1158"/>
                                </Shape>
                            </Glyph>
                        </String>
                        <SP ID="segment_141" HPOS="909"  VPOS="1146" WIDTH="10"  HEIGHT="80"/>
                        <String ID="segment_142" CONTENT="details" HPOS="932" VPOS="1134" WIDTH="229" HEIGHT="99" WC="0.9808">
                            <Shape>
                                <Polygon POINTS="932 1147 935 1230 1161 1217 1157 1134"/>
                            </Shape>
                            <Glyph ID="char_399" CONTENT="d" HPOS="932" VPOS="1147" WIDTH="3" HEIGHT="83" GC="0.9989">
                                <Shape>
                                    <Polygon POINTS="932 1147 935 1230 935 1230 932 1147"/>
                                </Shape>
                            </Glyph>
                            <Glyph ID="char_400" CONTENT="e" HPOS="969" VPOS="1148" WIDTH="3" HEIGHT="85" GC="0.9087">
                                <Shape>
                                    <Polygon POINTS="969 1148 972 1233 972 1233 969 1148"/>
                                </Shape>
                            </Glyph>
                            <Glyph ID="char_401" CONTENT="t" HPOS="1007" VPOS="1147" WIDTH="3" HEIGHT="81" GC="0.9583">
                                <Shape>
                                    <Polygon POINTS="1007 1147 1010 1228 1010 1228 1007 1147"/>
                                </Shape>
                            </Glyph>
                            <Glyph ID="char_402" CONTENT="a" HPOS="1045" VPOS="1144" WIDTH="3" HEIGHT="78" GC="1.0">
                                <Shape>
                                    <Polygon POINTS="1045 1144 1048 1222 1048 1222 1045 1144"/>
                                </Shape>
                            </Glyph>
                            <Glyph ID="char_403" CONTENT="i" HPOS="1090" VPOS="1140" WIDTH="3" HEIGHT="75" GC="1.0">
                                <Shape>
                                    <Polygon POINTS="1090 1140 1093 1215 1093 1215 1090 1140"/>
                                </Shape>
                            </Glyph>
                            <Glyph ID="char_404" CONTENT="l" HPOS="1120" VPOS="1137" WIDTH="3" HEIGHT="81" GC="0.9998">
                                <Shape>
                                    <Polygon POINTS="1120 1137 1123 1218 1123 1218 1120 1137"/>
                                </Shape>
                            </Glyph>
                            <Glyph ID="char_405" CONTENT="s" HPOS="1157" VPOS="1134" WIDTH="4" HEIGHT="83" GC="1.0">
                                <Shape>
                                    <Polygon POINTS="1157 1134 1161 1217 1161 1217 1157 1134"/>
                                </Shape>
                            </Glyph>
                        </String>
                        <SP ID="segment_143" HPOS="1196"  VPOS="1137" WIDTH="10"  HEIGHT="75"/>
                        <String ID="segment_144" CONTENT="que" HPOS="1226" VPOS="1146" WIDTH="86" HEIGHT="76" WC="1.0">
                            <Shape>
                                <Polygon POINTS="1226 1147 1229 1215 1312 1221 1309 1149"/>
                            </Shape>
                            <Glyph ID="char_407" CONTENT="q" HPOS="1226" VPOS="1147" WIDTH="3" HEIGHT="68" GC="1.0">
                                <Shape>
                                    <Polygon POINTS="1226 1147 1229 1215 1229 1215 1226 1147"/>
                                </Shape>
                            </Glyph>
                            <Glyph ID="char_408" CONTENT="u" HPOS="1279" VPOS="1146" WIDTH="3" HEIGHT="76" GC="1.0">
                                <Shape>
                                    <Polygon POINTS="1279 1146 1282 1222 1282 1222 1279 1146"/>
                                </Shape>
                            </Glyph>
                            <Glyph ID="char_409" CONTENT="e" HPOS="1309" VPOS="1149" WIDTH="3" HEIGHT="72" GC="1.0">
                                <Shape>
                                    <Polygon POINTS="1309 1149 1312 1221 1312 1221 1309 1149"/>
                                </Shape>
                            </Glyph>
                        </String>
                        <SP ID="segment_145" HPOS="1361"  VPOS="1154" WIDTH="11"  HEIGHT="65"/>
                        <String ID="segment_146" CONTENT="je" HPOS="1377" VPOS="1153" WIDTH="48" HEIGHT="65" WC="0.9999">
                            <Shape>
                                <Polygon POINTS="1377 1154 1380 1218 1425 1210 1422 1153"/>
                            </Shape>
                            <Glyph ID="char_411" CONTENT="j" HPOS="1377" VPOS="1154" WIDTH="3" HEIGHT="64" GC="1.0">
                                <Shape>
                                    <Polygon POINTS="1377 1154 1380 1218 1380 1218 1377 1154"/>
                                </Shape>
                            </Glyph>
                            <Glyph ID="char_412" CONTENT="e" HPOS="1422" VPOS="1153" WIDTH="3" HEIGHT="57" GC="0.9999">
                                <Shape>
                                    <Polygon POINTS="1422 1153 1425 1210 1425 1210 1422 1153"/>
                                </Shape>
                            </Glyph>
                        </String>
                        <SP ID="segment_147" HPOS="1467"  VPOS="1146" WIDTH="11"  HEIGHT="67"/>
                        <String ID="segment_148" CONTENT="vous" HPOS="1497" VPOS="1139" WIDTH="115" HEIGHT="70" WC="0.9981">
                            <Shape>
                                <Polygon POINTS="1497 1140 1500 1209 1612 1193 1610 1140"/>
                            </Shape>
                            <Glyph ID="char_414" CONTENT="v" HPOS="1497" VPOS="1140" WIDTH="3" HEIGHT="69" GC="0.9999">
                                <Shape>
                                    <Polygon POINTS="1497 1140 1500 1209 1500 1209 1497 1140"/>
                                </Shape>
                            </Glyph>
                            <Glyph ID="char_415" CONTENT="o" HPOS="1535" VPOS="1139" WIDTH="3" HEIGHT="66" GC="0.9977">
                                <Shape>
                                    <Polygon POINTS="1535 1139 1538 1205 1538 1205 1535 1139"/>
                                </Shape>
                            </Glyph>
                            <Glyph ID="char_416" CONTENT="u" HPOS="1580" VPOS="1140" WIDTH="3" HEIGHT="69" GC="0.9954">
                                <Shape>
                                    <Polygon POINTS="1580 1140 1583 1209 1583 1209 1580 1140"/>
                                </Shape>
                            </Glyph>
                            <Glyph ID="char_417" CONTENT="s" HPOS="1610" VPOS="1140" WIDTH="2" HEIGHT="53" GC="0.9995">
                                <Shape>
                                    <Polygon POINTS="1610 1140 1612 1193 1612 1193 1610 1140"/>
                                </Shape>
                            </Glyph>
                        </String>
                        <SP ID="segment_149" HPOS="1656"  VPOS="1128" WIDTH="9"  HEIGHT="59"/>
                        <String ID="segment_150" CONTENT="ferois" HPOS="1677" VPOS="1104" WIDTH="184" HEIGHT="83" WC="0.968">
                            <Shape>
                                <Polygon POINTS="1677 1121 1680 1187 1861 1179 1859 1122"/>
                            </Shape>
                            <Glyph ID="char_419" CONTENT="f" HPOS="1677" VPOS="1121" WIDTH="3" HEIGHT="66" GC="0.9999">
                                <Shape>
                                    <Polygon POINTS="1677 1121 1680 1187 1680 1187 1677 1121"/>
                                </Shape>
                            </Glyph>
                            <Glyph ID="char_420" CONTENT="e" HPOS="1723" VPOS="1105" WIDTH="3" HEIGHT="82" GC="0.9996">
                                <Shape>
                                    <Polygon POINTS="1723 1105 1726 1187 1726 1187 1723 1105"/>
                                </Shape>
                            </Glyph>
                            <Glyph ID="char_421" CONTENT="r" HPOS="1753" VPOS="1104" WIDTH="3" HEIGHT="83" GC="0.9992">
                                <Shape>
                                    <Polygon POINTS="1753 1104 1756 1187 1756 1187 1753 1104"/>
                                </Shape>
                            </Glyph>
                            <Glyph ID="char_422" CONTENT="o" HPOS="1790" VPOS="1107" WIDTH="3" HEIGHT="80" GC="0.9779">
                                <Shape>
                                    <Polygon POINTS="1790 1107 1793 1187 1793 1187 1790 1107"/>
                                </Shape>
                            </Glyph>
                            <Glyph ID="char_423" CONTENT="i" HPOS="1828" VPOS="1115" WIDTH="3" HEIGHT="72" GC="0.8318">
                                <Shape>
                                    <Polygon POINTS="1828 1115 1831 1187 1831 1187 1828 1115"/>
                                </Shape>
                            </Glyph>
                            <Glyph ID="char_424" CONTENT="s" HPOS="1859" VPOS="1122" WIDTH="2" HEIGHT="57" GC="0.9999">
                                <Shape>
                                    <Polygon POINTS="1859 1122 1861 1179 1861 1179 1859 1122"/>
                                </Shape>
                            </Glyph>
                        </String>
                    </TextLine>

                    <TextLine ID="0993a1b1-58eb-454d-a40b-55264e039c25" HPOS="151.0" VPOS="1323.0" WIDTH="148.0" HEIGHT="98.0" BASELINE="155.0 1412.0 299.0 1403.0" TAGREFS="LINE_TYPE_1">
                        <Shape>
                            <Polygon POINTS="155.0 1412.0 155.0 1421.0 299.0 1419.0 299.0 1403.0 293.0 1331.0 253.0 1323.0 251.0 1323.0 151.0 1343.0 155.0 1412.0"/>
                        </Shape>
                        <String ID="segment_151" CONTENT="1" HPOS="178" VPOS="1338" WIDTH="6" HEIGHT="83" WC="0.9996">
                            <Shape>
                                <Polygon POINTS="178 1338 184 1421 184 1421 178 1338"/>
                            </Shape>
                            <Glyph ID="char_425" CONTENT="1" HPOS="178" VPOS="1338" WIDTH="6" HEIGHT="83" GC="0.9996">
                                <Shape>
                                    <Polygon POINTS="178 1338 184 1421 184 1421 178 1338"/>
                                </Shape>
                            </Glyph>
                        </String>
                    </TextLine>

                    <TextLine ID="f81a4fcb-f012-4f53-a639-3ebd8bda00ff" HPOS="348.0" VPOS="1228.0" WIDTH="1656.0" HEIGHT="176.0" BASELINE="352.0 1384.0 1038.0 1315.0 1465.0 1302.0 2004.0 1302.0" TAGREFS="LINE_TYPE_1">
                        <Shape>
                            <Polygon POINTS="352.0 1384.0 354.0 1404.0 528.0 1389.0 529.0 1389.0 590.0 1367.0 786.0 1366.0 844.0 1354.0 893.0 1361.0 894.0 1361.0 896.0 1361.0 923.0 1349.0 1074.0 1355.0 1076.0 1355.0 1142.0 1338.0 1276.0 1329.0 1345.0 1348.0 1346.0 1348.0 1348.0 1348.0 1349.0 1348.0 1377.0 1335.0 1462.0 1341.0 1464.0 1341.0 1465.0 1341.0 1548.0 1314.0 1627.0 1320.0 1629.0 1320.0 1760.0 1311.0 1816.0 1322.0 1818.0 1322.0 2004.0 1311.0 2004.0 1302.0 2000.0 1242.0 1638.0 1261.0 1491.0 1228.0 1490.0 1228.0 1488.0 1228.0 1420.0 1251.0 1357.0 1238.0 1355.0 1238.0 1258.0 1248.0 1256.0 1248.0 1201.0 1273.0 1128.0 1250.0 1126.0 1250.0 1125.0 1250.0 813.0 1267.0 748.0 1277.0 746.0 1277.0 693.0 1303.0 627.0 1288.0 626.0 1288.0 624.0 1288.0 578.0 1309.0 487.0 1302.0 485.0 1302.0 484.0 1302.0 415.0 1328.0 348.0 1328.0 352.0 1384.0"/>
                        </Shape>
                        <String ID="segment_152" CONTENT="es" HPOS="368" VPOS="1328" WIDTH="38" HEIGHT="74" WC="0.9959">
                            <Shape>
                                <Polygon POINTS="368 1328 376 1402 406 1400 399 1328"/>
                            </Shape>
                            <Glyph ID="char_426" CONTENT="e" HPOS="368" VPOS="1328" WIDTH="8" HEIGHT="74" GC="0.9949">
                                <Shape>
                                    <Polygon POINTS="368 1328 376 1402 376 1402 368 1328"/>
                                </Shape>
                            </Glyph>
                            <Glyph ID="char_427" CONTENT="s" HPOS="399" VPOS="1328" WIDTH="7" HEIGHT="72" GC="0.9969">
                                <Shape>
                                    <Polygon POINTS="399 1328 406 1400 406 1400 399 1328"/>
                                </Shape>
                            </Glyph>
                        </String>
                        <SP ID="segment_153" HPOS="442"  VPOS="1315" WIDTH="15"  HEIGHT="81"/>
                        <String ID="segment_154" CONTENT="donnees" HPOS="463" VPOS="1292" WIDTH="257" HEIGHT="102" WC="0.9956">
                            <Shape>
                                <Polygon POINTS="463 1310 472 1394 720 1366 713 1293"/>
                            </Shape>
                            <Glyph ID="char_429" CONTENT="d" HPOS="463" VPOS="1310" WIDTH="9" HEIGHT="84" GC="0.9996">
                                <Shape>
                                    <Polygon POINTS="463 1310 472 1394 472 1394 463 1310"/>
                                </Shape>
                            </Glyph>
                            <Glyph ID="char_430" CONTENT="o" HPOS="507" VPOS="1304" WIDTH="8" HEIGHT="86" GC="1.0">
                                <Shape>
                                    <Polygon POINTS="507 1304 515 1390 515 1390 507 1304"/>
                                </Shape>
                            </Glyph>
                            <Glyph ID="char_431" CONTENT="n" HPOS="558" VPOS="1307" WIDTH="7" HEIGHT="69" GC="1.0">
                                <Shape>
                                    <Polygon POINTS="558 1307 565 1376 565 1376 558 1307"/>
                                </Shape>
                            </Glyph>
                            <Glyph ID="char_432" CONTENT="n" HPOS="609" VPOS="1295" WIDTH="8" HEIGHT="72" GC="0.9713">
                                <Shape>
                                    <Polygon POINTS="609 1295 617 1367 617 1367 609 1295"/>
                                </Shape>
                            </Glyph>
                            <Glyph ID="char_433" CONTENT="e" HPOS="646" VPOS="1292" WIDTH="8" HEIGHT="75" GC="0.9997">
                                <Shape>
                                    <Polygon POINTS="646 1292 654 1367 654 1367 646 1292"/>
                                </Shape>
                            </Glyph>
                            <Glyph ID="char_434" CONTENT="" HPOS="654" VPOS="1294" WIDTH="15" HEIGHT="73" GC="0.9996">
                                <Shape>
                                    <Polygon POINTS="654 1294 661 1367 669 1367 662 1296"/>
                                </Shape>
                            </Glyph>
                            <Glyph ID="char_435" CONTENT="e" HPOS="684" VPOS="1301" WIDTH="7" HEIGHT="65" GC="0.9948">
                                <Shape>
                                    <Polygon POINTS="684 1301 691 1366 691 1366 684 1301"/>
                                </Shape>
                            </Glyph>
                            <Glyph ID="char_436" CONTENT="s" HPOS="713" VPOS="1293" WIDTH="7" HEIGHT="73" GC="0.9998">
                                <Shape>
                                    <Polygon POINTS="713 1293 720 1366 720 1366 713 1293"/>
                                </Shape>
                            </Glyph>
                        </String>
                        <SP ID="segment_155" HPOS="777"  VPOS="1271" WIDTH="17"  HEIGHT="95"/>
                        <String ID="segment_156" CONTENT="defencterement" HPOS="799" VPOS="1243" WIDTH="507" HEIGHT="118" WC="0.9896">
                            <Shape>
                                <Polygon POINTS="799 1269 808 1361 1306 1337 1303 1243"/>
                            </Shape>
                            <Glyph ID="char_438" CONTENT="d" HPOS="799" VPOS="1269" WIDTH="9" HEIGHT="92" GC="0.9988">
                                <Shape>
                                    <Polygon POINTS="799 1269 808 1361 808 1361 799 1269"/>
                                </Shape>
                            </Glyph>
                            <Glyph ID="char_439" CONTENT="e" HPOS="843" VPOS="1265" WIDTH="9" HEIGHT="90" GC="0.9995">
                                <Shape>
                                    <Polygon POINTS="843 1265 852 1355 852 1355 843 1265"/>
                                </Shape>
                            </Glyph>
                            <Glyph ID="char_440" CONTENT="f" HPOS="888" VPOS="1263" WIDTH="9" HEIGHT="97" GC="0.9906">
                                <Shape>
                                    <Polygon POINTS="888 1263 897 1360 897 1360 888 1263"/>
                                </Shape>
                            </Glyph>
                            <Glyph ID="char_441" CONTENT="e" HPOS="932" VPOS="1261" WIDTH="9" HEIGHT="89" GC="0.9957">
                                <Shape>
                                    <Polygon POINTS="932 1261 941 1350 941 1350 932 1261"/>
                                </Shape>
                            </Glyph>
                            <Glyph ID="char_442" CONTENT="n" HPOS="976" VPOS="1258" WIDTH="9" HEIGHT="93" GC="0.9992">
                                <Shape>
                                    <Polygon POINTS="976 1258 985 1351 985 1351 976 1258"/>
                                </Shape>
                            </Glyph>
                            <Glyph ID="char_443" CONTENT="c" HPOS="1005" VPOS="1257" WIDTH="9" HEIGHT="96" GC="1.0">
                                <Shape>
                                    <Polygon POINTS="1005 1257 1014 1353 1014 1353 1005 1257"/>
                                </Shape>
                            </Glyph>
                            <Glyph ID="char_444" CONTENT="t" HPOS="1039" VPOS="1255" WIDTH="3" HEIGHT="99" GC="1.0">
                                <Shape>
                                    <Polygon POINTS="1039 1255 1042 1354 1042 1354 1039 1255"/>
                                </Shape>
                            </Glyph>
                            <Glyph ID="char_445" CONTENT="e" HPOS="1054" VPOS="1254" WIDTH="3" HEIGHT="100" GC="1.0">
                                <Shape>
                                    <Polygon POINTS="1054 1254 1057 1354 1057 1354 1054 1254"/>
                                </Shape>
                            </Glyph>
                            <Glyph ID="char_446" CONTENT="r" HPOS="1098" VPOS="1251" WIDTH="3" HEIGHT="98" GC="0.9992">
                                <Shape>
                                    <Polygon POINTS="1098 1251 1101 1349 1101 1349 1098 1251"/>
                                </Shape>
                            </Glyph>
                            <Glyph ID="char_447" CONTENT="e" HPOS="1135" VPOS="1252" WIDTH="2" HEIGHT="87" GC="0.8847">
                                <Shape>
                                    <Polygon POINTS="1135 1252 1137 1339 1137 1339 1135 1252"/>
                                </Shape>
                            </Glyph>
                            <Glyph ID="char_448" CONTENT="m" HPOS="1186" VPOS="1268" WIDTH="2" HEIGHT="67" GC="0.9985">
                                <Shape>
                                    <Polygon POINTS="1186 1268 1188 1335 1188 1335 1186 1268"/>
                                </Shape>
                            </Glyph>
                            <Glyph ID="char_449" CONTENT="e" HPOS="1223" VPOS="1263" WIDTH="2" HEIGHT="69" GC="1.0">
                                <Shape>
                                    <Polygon POINTS="1223 1263 1225 1332 1225 1332 1223 1263"/>
                                </Shape>
                            </Glyph>
                            <Glyph ID="char_450" CONTENT="n" HPOS="1260" VPOS="1248" WIDTH="2" HEIGHT="82" GC="0.988">
                                <Shape>
                                    <Polygon POINTS="1260 1248 1262 1330 1262 1330 1260 1248"/>
                                </Shape>
                            </Glyph>
                            <Glyph ID="char_451" CONTENT="t" HPOS="1303" VPOS="1243" WIDTH="3" HEIGHT="94" GC="1.0">
                                <Shape>
                                    <Polygon POINTS="1303 1243 1306 1337 1306 1337 1303 1243"/>
                                </Shape>
                            </Glyph>
                        </String>
                        <SP ID="segment_157" HPOS="1354"  VPOS="1238" WIDTH="11"  HEIGHT="106"/>
                        <String ID="segment_158" CONTENT="votre" HPOS="1376" VPOS="1228" WIDTH="142" HEIGHT="113" WC="0.9983">
                            <Shape>
                                <Polygon POINTS="1376 1242 1379 1335 1518 1324 1518 1234"/>
                            </Shape>
                            <Glyph ID="char_453" CONTENT="v" HPOS="1376" VPOS="1242" WIDTH="3" HEIGHT="93" GC="0.9928">
                                <Shape>
                                    <Polygon POINTS="1376 1242 1379 1335 1379 1335 1376 1242"/>
                                </Shape>
                            </Glyph>
                            <Glyph ID="char_454" CONTENT="o" HPOS="1429" VPOS="1248" WIDTH="2" HEIGHT="91" GC="0.999">
                                <Shape>
                                    <Polygon POINTS="1429 1248 1431 1339 1431 1339 1429 1248"/>
                                </Shape>
                            </Glyph>
                            <Glyph ID="char_455" CONTENT="t" HPOS="1457" VPOS="1238" WIDTH="4" HEIGHT="103" GC="1.0">
                                <Shape>
                                    <Polygon POINTS="1457 1238 1461 1341 1461 1341 1457 1238"/>
                                </Shape>
                            </Glyph>
                            <Glyph ID="char_456" CONTENT="r" HPOS="1489" VPOS="1228" WIDTH="0" HEIGHT="105" GC="1.0">
                                <Shape>
                                    <Polygon POINTS="1489 1228 1489 1333 1489 1333 1489 1228"/>
                                </Shape>
                            </Glyph>
                            <Glyph ID="char_457" CONTENT="e" HPOS="1518" VPOS="1234" WIDTH="0" HEIGHT="90" GC="0.9999">
                                <Shape>
                                    <Polygon POINTS="1518 1234 1518 1324 1518 1324 1518 1234"/>
                                </Shape>
                            </Glyph>
                        </String>
                        <SP ID="segment_159" HPOS="1555"  VPOS="1242" WIDTH="7"  HEIGHT="73"/>
                        <String ID="segment_160" CONTENT="consentement" HPOS="1570" VPOS="1244" WIDTH="397" HEIGHT="77" WC="0.9412">
                            <Shape>
                                <Polygon POINTS="1570 1246 1570 1316 1967 1313 1967 1244"/>
                            </Shape>
                            <Glyph ID="char_459" CONTENT="c" HPOS="1570" VPOS="1246" WIDTH="0" HEIGHT="70" GC="1.0">
                                <Shape>
                                    <Polygon POINTS="1570 1246 1570 1316 1570 1316 1570 1246"/>
                                </Shape>
                            </Glyph>
                            <Glyph ID="char_460" CONTENT="o" HPOS="1607" VPOS="1254" WIDTH="0" HEIGHT="65" GC="0.6736">
                                <Shape>
                                    <Polygon POINTS="1607 1254 1607 1319 1607 1319 1607 1254"/>
                                </Shape>
                            </Glyph>
                            <Glyph ID="char_461" CONTENT="n" HPOS="1636" VPOS="1261" WIDTH="0" HEIGHT="58" GC="0.975">
                                <Shape>
                                    <Polygon POINTS="1636 1261 1636 1319 1636 1319 1636 1261"/>
                                </Shape>
                            </Glyph>
                            <Glyph ID="char_462" CONTENT="s" HPOS="1665" VPOS="1260" WIDTH="0" HEIGHT="58" GC="0.9996">
                                <Shape>
                                    <Polygon POINTS="1665 1260 1665 1318 1665 1318 1665 1260"/>
                                </Shape>
                            </Glyph>
                            <Glyph ID="char_463" CONTENT="e" HPOS="1695" VPOS="1258" WIDTH="0" HEIGHT="57" GC="0.9982">
                                <Shape>
                                    <Polygon POINTS="1695 1258 1695 1315 1695 1315 1695 1258"/>
                                </Shape>
                            </Glyph>
                            <Glyph ID="char_464" CONTENT="n" HPOS="1732" VPOS="1256" WIDTH="0" HEIGHT="57" GC="0.993">
                                <Shape>
                                    <Polygon POINTS="1732 1256 1732 1313 1732 1313 1732 1256"/>
                                </Shape>
                            </Glyph>
                            <Glyph ID="char_465" CONTENT="t" HPOS="1776" VPOS="1254" WIDTH="0" HEIGHT="60" GC="0.6897">
                                <Shape>
                                    <Polygon POINTS="1776 1254 1776 1314 1776 1314 1776 1254"/>
                                </Shape>
                            </Glyph>
                            <Glyph ID="char_466" CONTENT="e" HPOS="1798" VPOS="1253" WIDTH="0" HEIGHT="66" GC="0.9981">
                                <Shape>
                                    <Polygon POINTS="1798 1253 1798 1319 1798 1319 1798 1253"/>
                                </Shape>
                            </Glyph>
                            <Glyph ID="char_467" CONTENT="m" HPOS="1842" VPOS="1250" WIDTH="0" HEIGHT="71" GC="0.9996">
                                <Shape>
                                    <Polygon POINTS="1842 1250 1842 1321 1842 1321 1842 1250"/>
                                </Shape>
                            </Glyph>
                            <Glyph ID="char_468" CONTENT="e" HPOS="1886" VPOS="1248" WIDTH="0" HEIGHT="70" GC="0.9697">
                                <Shape>
                                    <Polygon POINTS="1886 1248 1886 1318 1886 1318 1886 1248"/>
                                </Shape>
                            </Glyph>
                            <Glyph ID="char_469" CONTENT="n" HPOS="1916" VPOS="1246" WIDTH="0" HEIGHT="70" GC="0.9985">
                                <Shape>
                                    <Polygon POINTS="1916 1246 1916 1316 1916 1316 1916 1246"/>
                                </Shape>
                            </Glyph>
                            <Glyph ID="char_470" CONTENT="t" HPOS="1967" VPOS="1244" WIDTH="0" HEIGHT="69" GC="0.9987">
                                <Shape>
                                    <Polygon POINTS="1967 1244 1967 1313 1967 1313 1967 1244"/>
                                </Shape>
                            </Glyph>
                        </String>
                    </TextLine>

                    <TextLine ID="ade8a6b8-b92a-4f30-b438-6f9d4f3d28fc" HPOS="751.0" VPOS="1363.0" WIDTH="107.0" HEIGHT="81.0" BASELINE="752.0 1421.0 858.0 1424.0" TAGREFS="LINE_TYPE_1">
                        <Shape>
                            <Polygon POINTS="751.0 1441.0 855.0 1444.0 858.0 1424.0 855.0 1364.0 807.0 1377.0 772.0 1377.0 755.0 1363.0 752.0 1421.0 751.0 1441.0"/>
                        </Shape>
                        <String ID="segment_161" CONTENT="A" HPOS="763" VPOS="1372" WIDTH="2" HEIGHT="69" WC="0.9929">
                            <Shape>
                                <Polygon POINTS="765 1372 763 1441 763 1441 765 1372"/>
                            </Shape>
                            <Glyph ID="char_471" CONTENT="A" HPOS="763" VPOS="1372" WIDTH="2" HEIGHT="69" GC="0.9929">
                                <Shape>
                                    <Polygon POINTS="765 1372 763 1441 763 1441 765 1372"/>
                                </Shape>
                            </Glyph>
                        </String>
                    </TextLine>

                    <TextLine ID="672c27d0-7d91-40d7-bd72-020dd2017e2e" HPOS="140.0" VPOS="1383.0" WIDTH="1878.0" HEIGHT="172.0" BASELINE="143.0 1531.0 629.0 1490.0 1357.0 1447.0 2018.0 1444.0" TAGREFS="LINE_TYPE_1">
                        <Shape>
                            <Polygon POINTS="143.0 1531.0 145.0 1555.0 253.0 1532.0 313.0 1538.0 314.0 1538.0 316.0 1538.0 367.0 1522.0 509.0 1540.0 511.0 1540.0 787.0 1528.0 789.0 1528.0 838.0 1512.0 897.0 1523.0 899.0 1523.0 900.0 1523.0 977.0 1483.0 1526.0 1461.0 1652.0 1473.0 1653.0 1473.0 1716.0 1468.0 1798.0 1483.0 1800.0 1483.0 1864.0 1480.0 1865.0 1480.0 1914.0 1456.0 2017.0 1456.0 2018.0 1444.0 2013.0 1396.0 1849.0 1403.0 1768.0 1383.0 1766.0 1383.0 1765.0 1383.0 1555.0 1410.0 1487.0 1410.0 1449.0 1398.0 1447.0 1398.0 1445.0 1398.0 1281.0 1404.0 1279.0 1404.0 1201.0 1432.0 1056.0 1422.0 1055.0 1422.0 1053.0 1422.0 1013.0 1433.0 974.0 1425.0 972.0 1425.0 971.0 1425.0 897.0 1445.0 748.0 1438.0 746.0 1438.0 745.0 1438.0 694.0 1450.0 618.0 1439.0 616.0 1439.0 615.0 1439.0 584.0 1451.0 571.0 1447.0 569.0 1447.0 568.0 1447.0 477.0 1464.0 386.0 1444.0 384.0 1444.0 383.0 1444.0 276.0 1474.0 140.0 1479.0 143.0 1531.0"/>
                        </Shape>
                        <String ID="segment_162" CONTENT="a" HPOS="168" VPOS="1478" WIDTH="6" HEIGHT="71" WC="1.0">
                            <Shape>
                                <Polygon POINTS="168 1478 174 1549 174 1549 168 1478"/>
                            </Shape>
                            <Glyph ID="char_472" CONTENT="a" HPOS="168" VPOS="1478" WIDTH="6" HEIGHT="71" GC="1.0">
                                <Shape>
                                    <Polygon POINTS="168 1478 174 1549 174 1549 168 1478"/>
                                </Shape>
                            </Glyph>
                        </String>
                        <SP ID="segment_163" HPOS="226"  VPOS="1476" WIDTH="13"  HEIGHT="61"/>
                        <String ID="segment_164" CONTENT="ce" HPOS="248" VPOS="1472" WIDTH="42" HEIGHT="64" WC="0.9989">
                            <Shape>
                                <Polygon POINTS="248 1475 252 1532 290 1536 285 1472"/>
                            </Shape>
                            <Glyph ID="char_474" CONTENT="c" HPOS="248" VPOS="1475" WIDTH="4" HEIGHT="57" GC="1.0">
                                <Shape>
                                    <Polygon POINTS="248 1475 252 1532 252 1532 248 1475"/>
                                </Shape>
                            </Glyph>
                            <Glyph ID="char_475" CONTENT="e" HPOS="285" VPOS="1472" WIDTH="5" HEIGHT="64" GC="0.9978">
                                <Shape>
                                    <Polygon POINTS="285 1472 290 1536 290 1536 285 1472"/>
                                </Shape>
                            </Glyph>
                        </String>
                        <SP ID="segment_165" HPOS="327"  VPOS="1458" WIDTH="14"  HEIGHT="75"/>
                        <String ID="segment_166" CONTENT="maroge" HPOS="356" VPOS="1441" WIDTH="283" HEIGHT="98" WC="0.978">
                            <Shape>
                                <Polygon POINTS="356 1452 362 1524 639 1534 633 1441"/>
                            </Shape>
                            <Glyph ID="char_477" CONTENT="m" HPOS="356" VPOS="1452" WIDTH="6" HEIGHT="72" GC="0.9999">
                                <Shape>
                                    <Polygon POINTS="356 1452 362 1524 362 1524 356 1452"/>
                                </Shape>
                            </Glyph>
                            <Glyph ID="char_478" CONTENT="a" HPOS="444" VPOS="1457" WIDTH="6" HEIGHT="76" GC="0.9519">
                                <Shape>
                                    <Polygon POINTS="444 1457 450 1533 450 1533 444 1457"/>
                                </Shape>
                            </Glyph>
                            <Glyph ID="char_479" CONTENT="r" HPOS="495" VPOS="1461" WIDTH="7" HEIGHT="78" GC="0.9998">
                                <Shape>
                                    <Polygon POINTS="495 1461 502 1539 502 1539 495 1461"/>
                                </Shape>
                            </Glyph>
                            <Glyph ID="char_480" CONTENT="o" HPOS="546" VPOS="1451" WIDTH="7" HEIGHT="87" GC="0.9373">
                                <Shape>
                                    <Polygon POINTS="546 1451 553 1538 553 1538 546 1451"/>
                                </Shape>
                            </Glyph>
                            <Glyph ID="char_481" CONTENT="g" HPOS="590" VPOS="1449" WIDTH="7" HEIGHT="87" GC="0.9788">
                                <Shape>
                                    <Polygon POINTS="590 1449 597 1536 597 1536 590 1449"/>
                                </Shape>
                            </Glyph>
                            <Glyph ID="char_482" CONTENT="e" HPOS="633" VPOS="1441" WIDTH="6" HEIGHT="93" GC="1.0">
                                <Shape>
                                    <Polygon POINTS="633 1441 639 1534 639 1534 633 1441"/>
                                </Shape>
                            </Glyph>
                        </String>
                        <SP ID="segment_167" HPOS="722"  VPOS="1442" WIDTH="12"  HEIGHT="89"/>
                        <String ID="segment_168" CONTENT="que" HPOS="750" VPOS="1438" WIDTH="107" HEIGHT="91" WC="0.9973">
                            <Shape>
                                <Polygon POINTS="750 1438 756 1529 857 1516 853 1443"/>
                            </Shape>
                            <Glyph ID="char_484" CONTENT="q" HPOS="750" VPOS="1438" WIDTH="6" HEIGHT="91" GC="0.9934">
                                <Shape>
                                    <Polygon POINTS="750 1438 756 1529 756 1529 750 1438"/>
                                </Shape>
                            </Glyph>
                            <Glyph ID="char_485" CONTENT="u" HPOS="809" VPOS="1441" WIDTH="4" HEIGHT="79" GC="0.9987">
                                <Shape>
                                    <Polygon POINTS="809 1441 813 1520 813 1520 809 1441"/>
                                </Shape>
                            </Glyph>
                            <Glyph ID="char_486" CONTENT="e" HPOS="853" VPOS="1443" WIDTH="4" HEIGHT="73" GC="0.9999">
                                <Shape>
                                    <Polygon POINTS="853 1443 857 1516 857 1516 853 1443"/>
                                </Shape>
                            </Glyph>
                        </String>
                        <SP ID="segment_169" HPOS="889"  VPOS="1445" WIDTH="12"  HEIGHT="78"/>
                        <String ID="segment_170" CONTENT="je" HPOS="911" VPOS="1428" WIDTH="54" HEIGHT="87" WC="0.9567">
                            <Shape>
                                <Polygon POINTS="911 1441 915 1515 965 1489 961 1428"/>
                            </Shape>
                            <Glyph ID="char_488" CONTENT="j" HPOS="911" VPOS="1441" WIDTH="4" HEIGHT="74" GC="0.9454">
                                <Shape>
                                    <Polygon POINTS="911 1441 915 1515 915 1515 911 1441"/>
                                </Shape>
                            </Glyph>
                            <Glyph ID="char_489" CONTENT="e" HPOS="961" VPOS="1428" WIDTH="4" HEIGHT="61" GC="0.9679">
                                <Shape>
                                    <Polygon POINTS="961 1428 965 1489 965 1489 961 1428"/>
                                </Shape>
                            </Glyph>
                        </String>
                        <SP ID="segment_171" HPOS="983"  VPOS="1427" WIDTH="3"  HEIGHT="56"/>
                        <String ID="segment_172" CONTENT="frois" HPOS="997" VPOS="1424" WIDTH="142" HEIGHT="58" WC="0.9992">
                            <Shape>
                                <Polygon POINTS="997 1430 1000 1482 1139 1476 1136 1428"/>
                            </Shape>
                            <Glyph ID="char_491" CONTENT="f" HPOS="997" VPOS="1430" WIDTH="3" HEIGHT="52" GC="0.9998">
                                <Shape>
                                    <Polygon POINTS="997 1430 1000 1482 1000 1482 997 1430"/>
                                </Shape>
                            </Glyph>
                            <Glyph ID="char_492" CONTENT="r" HPOS="1034" VPOS="1427" WIDTH="3" HEIGHT="54" GC="0.9986">
                                <Shape>
                                    <Polygon POINTS="1034 1427 1037 1481 1037 1481 1034 1427"/>
                                </Shape>
                            </Glyph>
                            <Glyph ID="char_493" CONTENT="o" HPOS="1085" VPOS="1424" WIDTH="3" HEIGHT="55" GC="1.0">
                                <Shape>
                                    <Polygon POINTS="1085 1424 1088 1479 1088 1479 1085 1424"/>
                                </Shape>
                            </Glyph>
                            <Glyph ID="char_494" CONTENT="i" HPOS="1107" VPOS="1426" WIDTH="10" HEIGHT="52" GC="0.9993">
                                <Shape>
                                    <Polygon POINTS="1107 1426 1110 1478 1117 1477 1114 1426"/>
                                </Shape>
                            </Glyph>
                            <Glyph ID="char_495" CONTENT="s" HPOS="1136" VPOS="1428" WIDTH="3" HEIGHT="48" GC="0.9985">
                                <Shape>
                                    <Polygon POINTS="1136 1428 1139 1476 1139 1476 1136 1428"/>
                                </Shape>
                            </Glyph>
                        </String>
                        <SP ID="segment_173" HPOS="1173"  VPOS="1430" WIDTH="9"  HEIGHT="45"/>
                        <String ID="segment_174" CONTENT="en" HPOS="1195" VPOS="1416" WIDTH="53" HEIGHT="58" WC="0.934">
                            <Shape>
                                <Polygon POINTS="1195 1432 1197 1474 1248 1472 1245 1416"/>
                            </Shape>
                            <Glyph ID="char_497" CONTENT="e" HPOS="1195" VPOS="1432" WIDTH="2" HEIGHT="42" GC="0.9975">
                                <Shape>
                                    <Polygon POINTS="1195 1432 1197 1474 1197 1474 1195 1432"/>
                                </Shape>
                            </Glyph>
                            <Glyph ID="char_498" CONTENT="n" HPOS="1245" VPOS="1416" WIDTH="3" HEIGHT="56" GC="0.8705">
                                <Shape>
                                    <Polygon POINTS="1245 1416 1248 1472 1248 1472 1245 1416"/>
                                </Shape>
                            </Glyph>
                        </String>
                        <SP ID="segment_175" HPOS="1280"  VPOS="1404" WIDTH="12"  HEIGHT="67"/>
                        <String ID="segment_176" CONTENT="mon" HPOS="1310" VPOS="1399" WIDTH="119" HEIGHT="70" WC="0.9842">
                            <Shape>
                                <Polygon POINTS="1310 1403 1314 1469 1429 1465 1429 1399"/>
                            </Shape>
                            <Glyph ID="char_500" CONTENT="m" HPOS="1310" VPOS="1403" WIDTH="4" HEIGHT="66" GC="0.9988">
                                <Shape>
                                    <Polygon POINTS="1310 1403 1314 1469 1314 1469 1310 1403"/>
                                </Shape>
                            </Glyph>
                            <Glyph ID="char_501" CONTENT="o" HPOS="1393" VPOS="1400" WIDTH="0" HEIGHT="66" GC="0.9541">
                                <Shape>
                                    <Polygon POINTS="1393 1400 1393 1466 1393 1466 1393 1400"/>
                                </Shape>
                            </Glyph>
                            <Glyph ID="char_502" CONTENT="n" HPOS="1429" VPOS="1399" WIDTH="0" HEIGHT="66" GC="0.9998">
                                <Shape>
                                    <Polygon POINTS="1429 1399 1429 1465 1429 1465 1429 1399"/>
                                </Shape>
                            </Glyph>
                        </String>
                        <SP ID="segment_177" HPOS="1473"  VPOS="1406" WIDTH="7"  HEIGHT="57"/>
                        <String ID="segment_178" CONTENT="ame" HPOS="1502" VPOS="1402" WIDTH="116" HEIGHT="68" WC="0.9894">
                            <Shape>
                                <Polygon POINTS="1502 1410 1502 1462 1618 1470 1618 1402"/>
                            </Shape>
                            <Glyph ID="char_504" CONTENT="a" HPOS="1502" VPOS="1410" WIDTH="0" HEIGHT="52" GC="0.9925">
                                <Shape>
                                    <Polygon POINTS="1502 1410 1502 1462 1502 1462 1502 1410"/>
                                </Shape>
                            </Glyph>
                            <Glyph ID="char_505" CONTENT="m" HPOS="1567" VPOS="1408" WIDTH="0" HEIGHT="57" GC="0.9932">
                                <Shape>
                                    <Polygon POINTS="1567 1408 1567 1465 1567 1465 1567 1408"/>
                                </Shape>
                            </Glyph>
                            <Glyph ID="char_506" CONTENT="e" HPOS="1618" VPOS="1402" WIDTH="0" HEIGHT="68" GC="0.9825">
                                <Shape>
                                    <Polygon POINTS="1618 1402 1618 1470 1618 1470 1618 1402"/>
                                </Shape>
                            </Glyph>
                        </String>
                        <SP ID="segment_179" HPOS="1648"  VPOS="1397" WIDTH="7"  HEIGHT="76"/>
                        <String ID="segment_180" CONTENT="et" HPOS="1662" VPOS="1393" WIDTH="29" HEIGHT="79" WC="0.9237">
                            <Shape>
                                <Polygon POINTS="1662 1396 1662 1472 1691 1470 1691 1393"/>
                            </Shape>
                            <Glyph ID="char_508" CONTENT="e" HPOS="1662" VPOS="1396" WIDTH="0" HEIGHT="76" GC="0.8521">
                                <Shape>
                                    <Polygon POINTS="1662 1396 1662 1472 1662 1472 1662 1396"/>
                                </Shape>
                            </Glyph>
                            <Glyph ID="char_509" CONTENT="t" HPOS="1691" VPOS="1393" WIDTH="0" HEIGHT="77" GC="0.9953">
                                <Shape>
                                    <Polygon POINTS="1691 1393 1691 1470 1691 1470 1691 1393"/>
                                </Shape>
                            </Glyph>
                        </String>
                        <SP ID="segment_181" HPOS="1720"  VPOS="1388" WIDTH="8"  HEIGHT="82"/>
                        <String ID="segment_182" CONTENT="soncience" HPOS="1735" VPOS="1383" WIDTH="233" HEIGHT="100" WC="0.9409">
                            <Shape>
                                <Polygon POINTS="1735 1387 1735 1471 1968 1456 1968 1398"/>
                            </Shape>
                            <Glyph ID="char_511" CONTENT="s" HPOS="1735" VPOS="1387" WIDTH="0" HEIGHT="84" GC="0.5969">
                                <Shape>
                                    <Polygon POINTS="1735 1387 1735 1471 1735 1471 1735 1387"/>
                                </Shape>
                            </Glyph>
                            <Glyph ID="char_512" CONTENT="o" HPOS="1764" VPOS="1383" WIDTH="0" HEIGHT="94" GC="0.9996">
                                <Shape>
                                    <Polygon POINTS="1764 1383 1764 1477 1764 1477 1764 1383"/>
                                </Shape>
                            </Glyph>
                            <Glyph ID="char_513" CONTENT="n" HPOS="1800" VPOS="1391" WIDTH="0" HEIGHT="92" GC="0.9993">
                                <Shape>
                                    <Polygon POINTS="1800 1391 1800 1483 1800 1483 1800 1391"/>
                                </Shape>
                            </Glyph>
                            <Glyph ID="char_514" CONTENT="c" HPOS="1822" VPOS="1396" WIDTH="0" HEIGHT="86" GC="0.9921">
                                <Shape>
                                    <Polygon POINTS="1822 1396 1822 1482 1822 1482 1822 1396"/>
                                </Shape>
                            </Glyph>
                            <Glyph ID="char_515" CONTENT="i" HPOS="1851" VPOS="1403" WIDTH="0" HEIGHT="78" GC="0.9753">
                                <Shape>
                                    <Polygon POINTS="1851 1403 1851 1481 1851 1481 1851 1403"/>
                                </Shape>
                            </Glyph>
                            <Glyph ID="char_516" CONTENT="e" HPOS="1873" VPOS="1402" WIDTH="0" HEIGHT="74" GC="0.9452">
                                <Shape>
                                    <Polygon POINTS="1873 1402 1873 1476 1873 1476 1873 1402"/>
                                </Shape>
                            </Glyph>
                            <Glyph ID="char_517" CONTENT="n" HPOS="1910" VPOS="1400" WIDTH="0" HEIGHT="58" GC="0.9718">
                                <Shape>
                                    <Polygon POINTS="1910 1400 1910 1458 1910 1458 1910 1400"/>
                                </Shape>
                            </Glyph>
                            <Glyph ID="char_518" CONTENT="c" HPOS="1939" VPOS="1399" WIDTH="7" HEIGHT="57" GC="0.9923">
                                <Shape>
                                    <Polygon POINTS="1939 1399 1939 1456 1946 1456 1946 1399"/>
                                </Shape>
                            </Glyph>
                            <Glyph ID="char_519" CONTENT="e" HPOS="1968" VPOS="1398" WIDTH="0" HEIGHT="58" GC="0.996">
                                <Shape>
                                    <Polygon POINTS="1968 1398 1968 1456 1968 1456 1968 1398"/>
                                </Shape>
                            </Glyph>
                        </String>
                    </TextLine>

                    <TextLine ID="e79bc3e0-3b67-4876-baeb-540b204bd57a" HPOS="134.0" VPOS="1486.0" WIDTH="1876.0" HEIGHT="176.0" BASELINE="137.0 1650.0 595.0 1616.0 952.0 1603.0 1192.0 1581.0 1620.0 1566.0 2010.0 1564.0" TAGREFS="LINE_TYPE_1">
                        <Shape>
                            <Polygon POINTS="137.0 1650.0 137.0 1662.0 441.0 1650.0 442.0 1650.0 482.0 1641.0 577.0 1644.0 578.0 1644.0 580.0 1644.0 658.0 1622.0 706.0 1635.0 708.0 1635.0 710.0 1635.0 711.0 1635.0 740.0 1625.0 793.0 1632.0 795.0 1632.0 797.0 1632.0 842.0 1618.0 935.0 1622.0 937.0 1622.0 1029.0 1604.0 1232.0 1596.0 1300.0 1603.0 1302.0 1603.0 1372.0 1590.0 1499.0 1599.0 1500.0 1599.0 1502.0 1599.0 1577.0 1581.0 1746.0 1592.0 1748.0 1592.0 1749.0 1592.0 1823.0 1572.0 1893.0 1570.0 2009.0 1580.0 2010.0 1564.0 2006.0 1503.0 1807.0 1511.0 1676.0 1486.0 1674.0 1486.0 1607.0 1494.0 1606.0 1494.0 1546.0 1515.0 1470.0 1505.0 1468.0 1505.0 1398.0 1517.0 1305.0 1502.0 1303.0 1502.0 1142.0 1515.0 1023.0 1514.0 1021.0 1514.0 856.0 1522.0 855.0 1522.0 803.0 1544.0 720.0 1537.0 719.0 1537.0 717.0 1537.0 641.0 1561.0 555.0 1549.0 554.0 1549.0 552.0 1549.0 514.0 1569.0 390.0 1573.0 343.0 1557.0 342.0 1557.0 340.0 1557.0 338.0 1557.0 302.0 1570.0 183.0 1569.0 181.0 1569.0 180.0 1569.0 134.0 1584.0 137.0 1650.0"/>
                        </Shape>
                        <String ID="segment_183" CONTENT="tres" HPOS="154" VPOS="1569" WIDTH="88" HEIGHT="92" WC="0.9948">
                            <Shape>
                                <Polygon POINTS="154 1578 160 1661 242 1658 235 1569"/>
                            </Shape>
                            <Glyph ID="char_520" CONTENT="t" HPOS="154" VPOS="1578" WIDTH="6" HEIGHT="83" GC="1.0">
                                <Shape>
                                    <Polygon POINTS="154 1578 160 1661 160 1661 154 1578"/>
                                </Shape>
                            </Glyph>
                            <Glyph ID="char_521" CONTENT="r" HPOS="176" VPOS="1569" WIDTH="14" HEIGHT="91" GC="0.9961">
                                <Shape>
                                    <Polygon POINTS="176 1570 183 1660 190 1660 183 1569"/>
                                </Shape>
                            </Glyph>
                            <Glyph ID="char_522" CONTENT="e" HPOS="198" VPOS="1569" WIDTH="7" HEIGHT="90" GC="0.9781">
                                <Shape>
                                    <Polygon POINTS="198 1569 205 1659 205 1659 198 1569"/>
                                </Shape>
                            </Glyph>
                            <Glyph ID="char_523" CONTENT="" HPOS="205" VPOS="1569" WIDTH="7" HEIGHT="90" GC="1.0">
                                <Shape>
                                    <Polygon POINTS="205 1569 212 1659 212 1659 205 1569"/>
                                </Shape>
                            </Glyph>
                            <Glyph ID="char_524" CONTENT="s" HPOS="235" VPOS="1569" WIDTH="7" HEIGHT="89" GC="1.0">
                                <Shape>
                                    <Polygon POINTS="235 1569 242 1658 242 1658 235 1569"/>
                                </Shape>
                            </Glyph>
                        </String>
                        <SP ID="segment_184" HPOS="272"  VPOS="1570" WIDTH="14"  HEIGHT="86"/>
                        <String ID="segment_185" CONTENT="bon" HPOS="295" VPOS="1558" WIDTH="110" HEIGHT="98" WC="0.9993">
                            <Shape>
                                <Polygon POINTS="295 1570 301 1656 405 1651 399 1573"/>
                            </Shape>
                            <Glyph ID="char_526" CONTENT="b" HPOS="295" VPOS="1570" WIDTH="6" HEIGHT="86" GC="1.0">
                                <Shape>
                                    <Polygon POINTS="295 1570 301 1656 301 1656 295 1570"/>
                                </Shape>
                            </Glyph>
                            <Glyph ID="char_527" CONTENT="o" HPOS="346" VPOS="1558" WIDTH="7" HEIGHT="95" GC="0.998">
                                <Shape>
                                    <Polygon POINTS="346 1558 353 1653 353 1653 346 1558"/>
                                </Shape>
                            </Glyph>
                            <Glyph ID="char_528" CONTENT="n" HPOS="399" VPOS="1573" WIDTH="6" HEIGHT="78" GC="1.0">
                                <Shape>
                                    <Polygon POINTS="399 1573 405 1651 405 1651 399 1573"/>
                                </Shape>
                            </Glyph>
                        </String>
                        <SP ID="segment_186" HPOS="473"  VPOS="1570" WIDTH="13"  HEIGHT="72"/>
                        <String ID="segment_187" CONTENT="sous" HPOS="495" VPOS="1552" WIDTH="138" HEIGHT="91" WC="0.9993">
                            <Shape>
                                <Polygon POINTS="495 1570 500 1642 633 1629 631 1560"/>
                            </Shape>
                            <Glyph ID="char_530" CONTENT="s" HPOS="495" VPOS="1570" WIDTH="5" HEIGHT="72" GC="1.0">
                                <Shape>
                                    <Polygon POINTS="495 1570 500 1642 500 1642 495 1570"/>
                                </Shape>
                            </Glyph>
                            <Glyph ID="char_531" CONTENT="o" HPOS="546" VPOS="1552" WIDTH="7" HEIGHT="91" GC="1.0">
                                <Shape>
                                    <Polygon POINTS="546 1552 553 1643 553 1643 546 1552"/>
                                </Shape>
                            </Glyph>
                            <Glyph ID="char_532" CONTENT="u" HPOS="601" VPOS="1555" WIDTH="3" HEIGHT="82" GC="1.0">
                                <Shape>
                                    <Polygon POINTS="601 1555 604 1637 604 1637 601 1555"/>
                                </Shape>
                            </Glyph>
                            <Glyph ID="char_533" CONTENT="s" HPOS="631" VPOS="1560" WIDTH="2" HEIGHT="69" GC="0.9973">
                                <Shape>
                                    <Polygon POINTS="631 1560 633 1629 633 1629 631 1560"/>
                                </Shape>
                            </Glyph>
                        </String>
                        <SP ID="segment_188" HPOS="667"  VPOS="1550" WIDTH="10"  HEIGHT="77"/>
                        <String ID="segment_189" CONTENT="tous" HPOS="697" VPOS="1538" WIDTH="106" HEIGHT="95" WC="0.998">
                            <Shape>
                                <Polygon POINTS="697 1543 700 1633 803 1630 800 1544"/>
                            </Shape>
                            <Glyph ID="char_535" CONTENT="t" HPOS="697" VPOS="1543" WIDTH="3" HEIGHT="90" GC="0.9999">
                                <Shape>
                                    <Polygon POINTS="697 1543 700 1633 700 1633 697 1543"/>
                                </Shape>
                            </Glyph>
                            <Glyph ID="char_536" CONTENT="o" HPOS="726" VPOS="1538" WIDTH="3" HEIGHT="91" GC="0.9981">
                                <Shape>
                                    <Polygon POINTS="726 1538 729 1629 729 1629 726 1538"/>
                                </Shape>
                            </Glyph>
                            <Glyph ID="char_537" CONTENT="u" HPOS="771" VPOS="1541" WIDTH="3" HEIGHT="89" GC="0.9942">
                                <Shape>
                                    <Polygon POINTS="771 1541 774 1630 774 1630 771 1541"/>
                                </Shape>
                            </Glyph>
                            <Glyph ID="char_538" CONTENT="s" HPOS="800" VPOS="1544" WIDTH="3" HEIGHT="86" GC="0.9999">
                                <Shape>
                                    <Polygon POINTS="800 1544 803 1630 803 1630 800 1544"/>
                                </Shape>
                            </Glyph>
                        </String>
                        <SP ID="segment_190" HPOS="837"  VPOS="1526" WIDTH="11"  HEIGHT="93"/>
                        <String ID="segment_191" CONTENT="les" HPOS="866" VPOS="1518" WIDTH="71" HEIGHT="104" WC="0.9947">
                            <Shape>
                                <Polygon POINTS="866 1521 870 1619 937 1622 933 1518"/>
                            </Shape>
                            <Glyph ID="char_540" CONTENT="l" HPOS="866" VPOS="1521" WIDTH="4" HEIGHT="98" GC="1.0">
                                <Shape>
                                    <Polygon POINTS="866 1521 870 1619 870 1619 866 1521"/>
                                </Shape>
                            </Glyph>
                            <Glyph ID="char_541" CONTENT="e" HPOS="903" VPOS="1520" WIDTH="4" HEIGHT="101" GC="0.9842">
                                <Shape>
                                    <Polygon POINTS="903 1520 907 1621 907 1621 903 1520"/>
                                </Shape>
                            </Glyph>
                            <Glyph ID="char_542" CONTENT="s" HPOS="933" VPOS="1518" WIDTH="4" HEIGHT="104" GC="0.9998">
                                <Shape>
                                    <Polygon POINTS="933 1518 937 1622 937 1622 933 1518"/>
                                </Shape>
                            </Glyph>
                        </String>
                        <SP ID="segment_192" HPOS="981"  VPOS="1516" WIDTH="15"  HEIGHT="96"/>
                        <String ID="segment_193" CONTENT="Raports" HPOS="1003" VPOS="1503" WIDTH="311" HEIGHT="104" WC="0.937">
                            <Shape>
                                <Polygon POINTS="1003 1515 1011 1607 1314 1601 1311 1503"/>
                            </Shape>
                            <Glyph ID="char_544" CONTENT="R" HPOS="1003" VPOS="1515" WIDTH="8" HEIGHT="92" GC="0.9999">
                                <Shape>
                                    <Polygon POINTS="1003 1515 1011 1607 1011 1607 1003 1515"/>
                                </Shape>
                            </Glyph>
                            <Glyph ID="char_545" CONTENT="a" HPOS="1107" VPOS="1515" WIDTH="8" HEIGHT="86" GC="0.9999">
                                <Shape>
                                    <Polygon POINTS="1107 1515 1115 1601 1115 1601 1107 1515"/>
                                </Shape>
                            </Glyph>
                            <Glyph ID="char_546" CONTENT="p" HPOS="1151" VPOS="1514" WIDTH="8" HEIGHT="85" GC="0.9941">
                                <Shape>
                                    <Polygon POINTS="1151 1514 1159 1599 1159 1599 1151 1514"/>
                                </Shape>
                            </Glyph>
                            <Glyph ID="char_547" CONTENT="o" HPOS="1207" VPOS="1510" WIDTH="3" HEIGHT="87" GC="0.9996">
                                <Shape>
                                    <Polygon POINTS="1207 1510 1210 1597 1210 1597 1207 1510"/>
                                </Shape>
                            </Glyph>
                            <Glyph ID="char_548" CONTENT="r" HPOS="1237" VPOS="1507" WIDTH="3" HEIGHT="90" GC="1.0">
                                <Shape>
                                    <Polygon POINTS="1237 1507 1240 1597 1240 1597 1237 1507"/>
                                </Shape>
                            </Glyph>
                            <Glyph ID="char_549" CONTENT="t" HPOS="1281" VPOS="1504" WIDTH="3" HEIGHT="97" GC="0.5659">
                                <Shape>
                                    <Polygon POINTS="1281 1504 1284 1601 1284 1601 1281 1504"/>
                                </Shape>
                            </Glyph>
                            <Glyph ID="char_550" CONTENT="s" HPOS="1311" VPOS="1503" WIDTH="3" HEIGHT="98" GC="0.9999">
                                <Shape>
                                    <Polygon POINTS="1311 1503 1314 1601 1314 1601 1311 1503"/>
                                </Shape>
                            </Glyph>
                        </String>
                        <SP ID="segment_194" HPOS="1348"  VPOS="1509" WIDTH="10"  HEIGHT="85"/>
                        <String ID="segment_195" CONTENT="pour" HPOS="1370" VPOS="1507" WIDTH="129" HEIGHT="92" WC="0.8256">
                            <Shape>
                                <Polygon POINTS="1370 1513 1373 1590 1499 1599 1496 1508"/>
                            </Shape>
                            <Glyph ID="char_552" CONTENT="p" HPOS="1370" VPOS="1513" WIDTH="3" HEIGHT="77" GC="0.9383">
                                <Shape>
                                    <Polygon POINTS="1370 1513 1373 1590 1373 1590 1370 1513"/>
                                </Shape>
                            </Glyph>
                            <Glyph ID="char_553" CONTENT="o" HPOS="1415" VPOS="1514" WIDTH="3" HEIGHT="79" GC="0.5941">
                                <Shape>
                                    <Polygon POINTS="1415 1514 1418 1593 1418 1593 1415 1514"/>
                                </Shape>
                            </Glyph>
                            <Glyph ID="char_554" CONTENT="u" HPOS="1459" VPOS="1507" WIDTH="3" HEIGHT="89" GC="0.9989">
                                <Shape>
                                    <Polygon POINTS="1459 1507 1462 1596 1462 1596 1459 1507"/>
                                </Shape>
                            </Glyph>
                            <Glyph ID="char_555" CONTENT="r" HPOS="1496" VPOS="1508" WIDTH="3" HEIGHT="91" GC="0.7709">
                                <Shape>
                                    <Polygon POINTS="1496 1508 1499 1599 1499 1599 1496 1508"/>
                                </Shape>
                            </Glyph>
                        </String>
                        <SP ID="segment_196" HPOS="1526"  VPOS="1512" WIDTH="10"  HEIGHT="80"/>
                        <String ID="segment_197" CONTENT="M^lle" HPOS="1548" VPOS="1488" WIDTH="113" HEIGHT="99" WC="0.9476">
                            <Shape>
                                <Polygon POINTS="1548 1514 1551 1587 1661 1586 1661 1488"/>
                            </Shape>
                            <Glyph ID="char_557" CONTENT="M" HPOS="1548" VPOS="1514" WIDTH="3" HEIGHT="73" GC="0.9859">
                                <Shape>
                                    <Polygon POINTS="1548 1514 1551 1587 1551 1587 1548 1514"/>
                                </Shape>
                            </Glyph>
                            <Glyph ID="char_558" CONTENT="^" HPOS="1615" VPOS="1491" WIDTH="17" HEIGHT="94" GC="0.9983">
                                <Shape>
                                    <Polygon POINTS="1615 1493 1618 1584 1632 1585 1632 1491"/>
                                </Shape>
                            </Glyph>
                            <Glyph ID="char_559" CONTENT="l" HPOS="1639" VPOS="1490" WIDTH="0" HEIGHT="95" GC="0.9924">
                                <Shape>
                                    <Polygon POINTS="1639 1490 1639 1585 1639 1585 1639 1490"/>
                                </Shape>
                            </Glyph>
                            <Glyph ID="char_560" CONTENT="l" HPOS="1654" VPOS="1488" WIDTH="0" HEIGHT="98" GC="0.9949">
                                <Shape>
                                    <Polygon POINTS="1654 1488 1654 1586 1654 1586 1654 1488"/>
                                </Shape>
                            </Glyph>
                            <Glyph ID="char_561" CONTENT="e" HPOS="1661" VPOS="1488" WIDTH="0" HEIGHT="98" GC="0.7666">
                                <Shape>
                                    <Polygon POINTS="1661 1488 1661 1586 1661 1586 1661 1488"/>
                                </Shape>
                            </Glyph>
                        </String>
                        <SP ID="segment_198" HPOS="1684"  VPOS="1487" WIDTH="0"  HEIGHT="101"/>
                        <String ID="segment_199" CONTENT="de" HPOS="1699" VPOS="1490" WIDTH="29" HEIGHT="101" WC="0.7553">
                            <Shape>
                                <Polygon POINTS="1699 1490 1699 1589 1728 1591 1728 1496"/>
                            </Shape>
                            <Glyph ID="char_563" CONTENT="d" HPOS="1699" VPOS="1490" WIDTH="0" HEIGHT="99" GC="0.5111">
                                <Shape>
                                    <Polygon POINTS="1699 1490 1699 1589 1699 1589 1699 1490"/>
                                </Shape>
                            </Glyph>
                            <Glyph ID="char_564" CONTENT="e" HPOS="1728" VPOS="1496" WIDTH="0" HEIGHT="95" GC="0.9995">
                                <Shape>
                                    <Polygon POINTS="1728 1496 1728 1591 1728 1591 1728 1496"/>
                                </Shape>
                            </Glyph>
                        </String>
                        <SP ID="segment_200" HPOS="1743"  VPOS="1499" WIDTH="7"  HEIGHT="93"/>
                        <String ID="segment_201" CONTENT="Rcionne" HPOS="1758" VPOS="1502" WIDTH="245" HEIGHT="87" WC="0.9377">
                            <Shape>
                                <Polygon POINTS="1758 1502 1758 1589 2003 1580 2003 1503"/>
                            </Shape>
                            <Glyph ID="char_566" CONTENT="R" HPOS="1758" VPOS="1502" WIDTH="0" HEIGHT="87" GC="0.9994">
                                <Shape>
                                    <Polygon POINTS="1758 1502 1758 1589 1758 1589 1758 1502"/>
                                </Shape>
                            </Glyph>
                            <Glyph ID="char_567" CONTENT="c" HPOS="1825" VPOS="1510" WIDTH="0" HEIGHT="62" GC="0.5707">
                                <Shape>
                                    <Polygon POINTS="1825 1510 1825 1572 1825 1572 1825 1510"/>
                                </Shape>
                            </Glyph>
                            <Glyph ID="char_568" CONTENT="i" HPOS="1847" VPOS="1509" WIDTH="0" HEIGHT="62" GC="0.9982">
                                <Shape>
                                    <Polygon POINTS="1847 1509 1847 1571 1847 1571 1847 1509"/>
                                </Shape>
                            </Glyph>
                            <Glyph ID="char_569" CONTENT="o" HPOS="1884" VPOS="1508" WIDTH="0" HEIGHT="62" GC="0.9999">
                                <Shape>
                                    <Polygon POINTS="1884 1508 1884 1570 1884 1570 1884 1508"/>
                                </Shape>
                            </Glyph>
                            <Glyph ID="char_570" CONTENT="n" HPOS="1921" VPOS="1506" WIDTH="0" HEIGHT="66" GC="0.998">
                                <Shape>
                                    <Polygon POINTS="1921 1506 1921 1572 1921 1572 1921 1506"/>
                                </Shape>
                            </Glyph>
                            <Glyph ID="char_571" CONTENT="n" HPOS="1973" VPOS="1504" WIDTH="0" HEIGHT="73" GC="0.9979">
                                <Shape>
                                    <Polygon POINTS="1973 1504 1973 1577 1973 1577 1973 1504"/>
                                </Shape>
                            </Glyph>
                            <Glyph ID="char_572" CONTENT="e" HPOS="2003" VPOS="1503" WIDTH="0" HEIGHT="77" GC="0.9998">
                                <Shape>
                                    <Polygon POINTS="2003 1503 2003 1580 2003 1580 2003 1503"/>
                                </Shape>
                            </Glyph>
                        </String>
                    </TextLine>

                    <TextLine ID="c38e4081-b040-40c3-af6a-89b16739354c" HPOS="137.0" VPOS="1699.0" WIDTH="376.0" HEIGHT="82.0" BASELINE="140.0 1763.0 513.0 1748.0" TAGREFS="LINE_TYPE_1">
                        <Shape>
                            <Polygon POINTS="140.0 1763.0 140.0 1781.0 258.0 1767.0 279.0 1775.0 280.0 1775.0 282.0 1775.0 325.0 1766.0 360.0 1778.0 361.0 1778.0 363.0 1778.0 364.0 1778.0 392.0 1767.0 410.0 1777.0 412.0 1777.0 413.0 1777.0 513.0 1772.0 513.0 1748.0 509.0 1700.0 467.0 1699.0 465.0 1699.0 464.0 1699.0 430.0 1711.0 410.0 1702.0 409.0 1702.0 407.0 1702.0 406.0 1702.0 404.0 1702.0 404.0 1703.0 395.0 1712.0 363.0 1712.0 354.0 1705.0 352.0 1705.0 351.0 1705.0 291.0 1705.0 290.0 1705.0 288.0 1705.0 250.0 1719.0 213.0 1712.0 212.0 1712.0 137.0 1723.0 140.0 1763.0"/>
                        </Shape>
                        <String ID="segment_202" CONTENT="s" HPOS="154" VPOS="1720" WIDTH="3" HEIGHT="59" WC="0.9982">
                            <Shape>
                                <Polygon POINTS="154 1720 157 1779 157 1779 154 1720"/>
                            </Shape>
                            <Glyph ID="char_573" CONTENT="s" HPOS="154" VPOS="1720" WIDTH="3" HEIGHT="59" GC="0.9982">
                                <Shape>
                                    <Polygon POINTS="154 1720 157 1779 157 1779 154 1720"/>
                                </Shape>
                            </Glyph>
                        </String>
                        <SP ID="segment_203" HPOS="228"  VPOS="1715" WIDTH="7"  HEIGHT="55"/>
                        <String ID="segment_204" CONTENT="el" HPOS="249" VPOS="1708" WIDTH="35" HEIGHT="67" WC="0.9941">
                            <Shape>
                                <Polygon POINTS="249 1719 251 1768 284 1775 281 1708"/>
                            </Shape>
                            <Glyph ID="char_575" CONTENT="e" HPOS="249" VPOS="1719" WIDTH="2" HEIGHT="49" GC="0.9953">
                                <Shape>
                                    <Polygon POINTS="249 1719 251 1768 251 1768 249 1719"/>
                                </Shape>
                            </Glyph>
                            <Glyph ID="char_576" CONTENT="l" HPOS="281" VPOS="1708" WIDTH="3" HEIGHT="67" GC="0.9929">
                                <Shape>
                                    <Polygon POINTS="281 1708 284 1775 284 1775 281 1708"/>
                                </Shape>
                            </Glyph>
                        </String>
                        <SP ID="segment_205" HPOS="334"  VPOS="1705" WIDTH="2"  HEIGHT="65"/>
                        <String ID="segment_206" CONTENT="vous" HPOS="350" VPOS="1700" WIDTH="114" HEIGHT="76" WC="0.9872">
                            <Shape>
                                <Polygon POINTS="350 1705 353 1775 464 1774 461 1700"/>
                            </Shape>
                            <Glyph ID="char_578" CONTENT="v" HPOS="350" VPOS="1705" WIDTH="3" HEIGHT="70" GC="0.9981">
                                <Shape>
                                    <Polygon POINTS="350 1705 353 1775 353 1775 350 1705"/>
                                </Shape>
                            </Glyph>
                            <Glyph ID="char_579" CONTENT="o" HPOS="392" VPOS="1712" WIDTH="2" HEIGHT="56" GC="0.9928">
                                <Shape>
                                    <Polygon POINTS="392 1712 394 1768 394 1768 392 1712"/>
                                </Shape>
                            </Glyph>
                            <Glyph ID="char_580" CONTENT="u" HPOS="424" VPOS="1708" WIDTH="3" HEIGHT="68" GC="0.9822">
                                <Shape>
                                    <Polygon POINTS="424 1708 427 1776 427 1776 424 1708"/>
                                </Shape>
                            </Glyph>
                            <Glyph ID="char_581" CONTENT="s" HPOS="461" VPOS="1700" WIDTH="3" HEIGHT="74" GC="0.9757">
                                <Shape>
                                    <Polygon POINTS="461 1700 464 1774 464 1774 461 1700"/>
                                </Shape>
                            </Glyph>
                        </String>
                    </TextLine>

                    <TextLine ID="63d99fda-7a07-42f7-9be6-3b8e027ef6e0" HPOS="528.0" VPOS="1642.0" WIDTH="1466.0" HEIGHT="150.0" BASELINE="529.0 1737.0 1308.0 1708.0 1994.0 1700.0" TAGREFS="LINE_TYPE_1">
                        <Shape>
                            <Polygon POINTS="529.0 1737.0 532.0 1781.0 546.0 1772.0 609.0 1792.0 610.0 1792.0 612.0 1792.0 694.0 1778.0 748.0 1789.0 749.0 1789.0 1030.0 1781.0 1059.0 1775.0 1061.0 1775.0 1062.0 1775.0 1122.0 1735.0 1532.0 1726.0 1587.0 1758.0 1589.0 1758.0 1591.0 1758.0 1650.0 1766.0 1652.0 1766.0 1774.0 1740.0 1835.0 1746.0 1836.0 1746.0 1838.0 1746.0 1864.0 1738.0 1881.0 1746.0 1882.0 1746.0 1884.0 1746.0 1951.0 1731.0 1992.0 1734.0 1994.0 1700.0 1991.0 1651.0 1887.0 1642.0 1885.0 1642.0 1884.0 1642.0 1820.0 1662.0 1769.0 1647.0 1768.0 1647.0 1710.0 1647.0 1708.0 1647.0 1707.0 1647.0 1647.0 1667.0 1584.0 1654.0 1426.0 1654.0 1424.0 1654.0 1423.0 1654.0 1421.0 1654.0 1394.0 1673.0 1278.0 1667.0 1276.0 1667.0 1274.0 1667.0 1273.0 1667.0 1259.0 1676.0 1192.0 1670.0 1190.0 1670.0 1189.0 1670.0 1166.0 1680.0 1058.0 1682.0 1032.0 1673.0 1030.0 1673.0 1029.0 1673.0 1027.0 1673.0 1003.0 1683.0 902.0 1685.0 874.0 1670.0 873.0 1670.0 871.0 1670.0 822.0 1670.0 821.0 1670.0 819.0 1670.0 758.0 1688.0 705.0 1682.0 703.0 1682.0 626.0 1693.0 589.0 1676.0 587.0 1676.0 586.0 1676.0 528.0 1685.0 529.0 1737.0"/>
                        </Shape>
                        <String ID="segment_207" CONTENT="et" HPOS="529" VPOS="1681" WIDTH="25" HEIGHT="94" WC="0.9769">
                            <Shape>
                                <Polygon POINTS="529 1737 529 1737 554 1775 551 1681"/>
                            </Shape>
                            <Glyph ID="char_582" CONTENT="e" HPOS="529" VPOS="1737" WIDTH="0" HEIGHT="0" GC="0.9676">
                                <Shape>
                                    <Polygon POINTS="529 1737 529 1737 529 1737 529 1737"/>
                                </Shape>
                            </Glyph>
                            <Glyph ID="char_583" CONTENT="t" HPOS="551" VPOS="1681" WIDTH="3" HEIGHT="94" GC="0.9863">
                                <Shape>
                                    <Polygon POINTS="551 1681 554 1775 554 1775 551 1681"/>
                                </Shape>
                            </Glyph>
                        </String>
                        <SP ID="segment_208" HPOS="599"  VPOS="1681" WIDTH="4"  HEIGHT="109"/>
                        <String ID="segment_209" CONTENT="agnealle" HPOS="623" VPOS="1670" WIDTH="244" HEIGHT="119" WC="0.9968">
                            <Shape>
                                <Polygon POINTS="623 1692 627 1789 867 1786 863 1670"/>
                            </Shape>
                            <Glyph ID="char_585" CONTENT="a" HPOS="623" VPOS="1692" WIDTH="4" HEIGHT="97" GC="0.9873">
                                <Shape>
                                    <Polygon POINTS="623 1692 627 1789 627 1789 623 1692"/>
                                </Shape>
                            </Glyph>
                            <Glyph ID="char_586" CONTENT="g" HPOS="655" VPOS="1689" WIDTH="4" HEIGHT="95" GC="0.9995">
                                <Shape>
                                    <Polygon POINTS="655 1689 659 1784 659 1784 655 1689"/>
                                </Shape>
                            </Glyph>
                            <Glyph ID="char_587" CONTENT="n" HPOS="687" VPOS="1684" WIDTH="4" HEIGHT="95" GC="0.9914">
                                <Shape>
                                    <Polygon POINTS="687 1684 691 1779 691 1779 687 1684"/>
                                </Shape>
                            </Glyph>
                            <Glyph ID="char_588" CONTENT="e" HPOS="727" VPOS="1685" WIDTH="4" HEIGHT="101" GC="0.999">
                                <Shape>
                                    <Polygon POINTS="727 1685 731 1786 731 1786 727 1685"/>
                                </Shape>
                            </Glyph>
                            <Glyph ID="char_589" CONTENT="a" HPOS="759" VPOS="1688" WIDTH="4" HEIGHT="101" GC="0.9998">
                                <Shape>
                                    <Polygon POINTS="759 1688 763 1789 763 1789 759 1688"/>
                                </Shape>
                            </Glyph>
                            <Glyph ID="char_590" CONTENT="l" HPOS="799" VPOS="1676" WIDTH="4" HEIGHT="111" GC="0.9987">
                                <Shape>
                                    <Polygon POINTS="799 1676 803 1787 803 1787 799 1676"/>
                                </Shape>
                            </Glyph>
                            <Glyph ID="char_591" CONTENT="l" HPOS="839" VPOS="1670" WIDTH="4" HEIGHT="116" GC="1.0">
                                <Shape>
                                    <Polygon POINTS="839 1670 843 1786 843 1786 839 1670"/>
                                </Shape>
                            </Glyph>
                            <Glyph ID="char_592" CONTENT="e" HPOS="863" VPOS="1670" WIDTH="4" HEIGHT="116" GC="0.9992">
                                <Shape>
                                    <Polygon POINTS="863 1670 867 1786 867 1786 863 1670"/>
                                </Shape>
                            </Glyph>
                        </String>
                        <SP ID="segment_210" HPOS="919"  VPOS="1684" WIDTH="20"  HEIGHT="100"/>
                        <String ID="segment_211" CONTENT="je" HPOS="943" VPOS="1683" WIDTH="44" HEIGHT="100" WC="0.9992">
                            <Shape>
                                <Polygon POINTS="943 1684 947 1783 987 1782 983 1683"/>
                            </Shape>
                            <Glyph ID="char_594" CONTENT="j" HPOS="943" VPOS="1684" WIDTH="4" HEIGHT="99" GC="0.9984">
                                <Shape>
                                    <Polygon POINTS="943 1684 947 1783 947 1783 943 1684"/>
                                </Shape>
                            </Glyph>
                            <Glyph ID="char_595" CONTENT="e" HPOS="983" VPOS="1683" WIDTH="4" HEIGHT="99" GC="0.9999">
                                <Shape>
                                    <Polygon POINTS="983 1683 987 1782 987 1782 983 1683"/>
                                </Shape>
                            </Glyph>
                        </String>
                        <SP ID="segment_212" HPOS="1007"  VPOS="1678" WIDTH="12"  HEIGHT="104"/>
                        <String ID="segment_213" CONTENT="pense" HPOS="1031" VPOS="1673" WIDTH="154" HEIGHT="107" WC="0.9981">
                            <Shape>
                                <Polygon POINTS="1031 1673 1035 1780 1185 1734 1183 1673"/>
                            </Shape>
                            <Glyph ID="char_597" CONTENT="p" HPOS="1031" VPOS="1673" WIDTH="4" HEIGHT="107" GC="0.9947">
                                <Shape>
                                    <Polygon POINTS="1031 1673 1035 1780 1035 1780 1031 1673"/>
                                </Shape>
                            </Glyph>
                            <Glyph ID="char_598" CONTENT="e" HPOS="1087" VPOS="1681" WIDTH="3" HEIGHT="75" GC="0.9969">
                                <Shape>
                                    <Polygon POINTS="1087 1681 1090 1756 1090 1756 1087 1681"/>
                                </Shape>
                            </Glyph>
                            <Glyph ID="char_599" CONTENT="n" HPOS="1119" VPOS="1681" WIDTH="2" HEIGHT="54" GC="0.9989">
                                <Shape>
                                    <Polygon POINTS="1119 1681 1121 1735 1121 1735 1119 1681"/>
                                </Shape>
                            </Glyph>
                            <Glyph ID="char_600" CONTENT="s" HPOS="1151" VPOS="1680" WIDTH="2" HEIGHT="54" GC="0.9998">
                                <Shape>
                                    <Polygon POINTS="1151 1680 1153 1734 1153 1734 1151 1680"/>
                                </Shape>
                            </Glyph>
                            <Glyph ID="char_601" CONTENT="e" HPOS="1183" VPOS="1673" WIDTH="2" HEIGHT="61" GC="1.0">
                                <Shape>
                                    <Polygon POINTS="1183 1673 1185 1734 1185 1734 1183 1673"/>
                                </Shape>
                            </Glyph>
                        </String>
                        <SP ID="segment_214" HPOS="1215"  VPOS="1672" WIDTH="10"  HEIGHT="61"/>
                        <String ID="segment_215" CONTENT="bien" HPOS="1239" VPOS="1668" WIDTH="107" HEIGHT="64" WC="0.8572">
                            <Shape>
                                <Polygon POINTS="1239 1674 1241 1732 1346 1730 1345 1670"/>
                            </Shape>
                            <Glyph ID="char_603" CONTENT="b" HPOS="1239" VPOS="1674" WIDTH="2" HEIGHT="58" GC="0.9999">
                                <Shape>
                                    <Polygon POINTS="1239 1674 1241 1732 1241 1732 1239 1674"/>
                                </Shape>
                            </Glyph>
                            <Glyph ID="char_604" CONTENT="i" HPOS="1288" VPOS="1668" WIDTH="2" HEIGHT="63" GC="0.9996">
                                <Shape>
                                    <Polygon POINTS="1288 1668 1290 1731 1290 1731 1288 1668"/>
                                </Shape>
                            </Glyph>
                            <Glyph ID="char_605" CONTENT="e" HPOS="1313" VPOS="1669" WIDTH="1" HEIGHT="62" GC="0.4314">
                                <Shape>
                                    <Polygon POINTS="1313 1669 1314 1731 1314 1731 1313 1669"/>
                                </Shape>
                            </Glyph>
                            <Glyph ID="char_606" CONTENT="n" HPOS="1345" VPOS="1670" WIDTH="1" HEIGHT="60" GC="0.9979">
                                <Shape>
                                    <Polygon POINTS="1345 1670 1346 1730 1346 1730 1345 1670"/>
                                </Shape>
                            </Glyph>
                        </String>
                        <SP ID="segment_216" HPOS="1385"  VPOS="1673" WIDTH="9"  HEIGHT="56"/>
                        <String ID="segment_217" CONTENT="que" HPOS="1409" VPOS="1654" WIDTH="73" HEIGHT="75" WC="0.9869">
                            <Shape>
                                <Polygon POINTS="1409 1662 1410 1729 1482 1727 1481 1654"/>
                            </Shape>
                            <Glyph ID="char_608" CONTENT="q" HPOS="1409" VPOS="1662" WIDTH="1" HEIGHT="67" GC="0.9825">
                                <Shape>
                                    <Polygon POINTS="1409 1662 1410 1729 1410 1729 1409 1662"/>
                                </Shape>
                            </Glyph>
                            <Glyph ID="char_609" CONTENT="u" HPOS="1449" VPOS="1654" WIDTH="1" HEIGHT="74" GC="0.9787">
                                <Shape>
                                    <Polygon POINTS="1449 1654 1450 1728 1450 1728 1449 1654"/>
                                </Shape>
                            </Glyph>
                            <Glyph ID="char_610" CONTENT="e" HPOS="1481" VPOS="1654" WIDTH="1" HEIGHT="73" GC="0.9994">
                                <Shape>
                                    <Polygon POINTS="1481 1654 1482 1727 1482 1727 1481 1654"/>
                                </Shape>
                            </Glyph>
                        </String>
                        <SP ID="segment_218" HPOS="1505"  VPOS="1654" WIDTH="9"  HEIGHT="73"/>
                        <String ID="segment_219" CONTENT="vos" HPOS="1529" VPOS="1654" WIDTH="113" HEIGHT="111" WC="0.9506">
                            <Shape>
                                <Polygon POINTS="1529 1654 1530 1726 1642 1765 1641 1666"/>
                            </Shape>
                            <Glyph ID="char_612" CONTENT="v" HPOS="1529" VPOS="1654" WIDTH="1" HEIGHT="72" GC="0.8681">
                                <Shape>
                                    <Polygon POINTS="1529 1654 1530 1726 1530 1726 1529 1654"/>
                                </Shape>
                            </Glyph>
                            <Glyph ID="char_613" CONTENT="o" HPOS="1569" VPOS="1654" WIDTH="1" HEIGHT="94" GC="0.9937">
                                <Shape>
                                    <Polygon POINTS="1569 1654 1570 1748 1570 1748 1569 1654"/>
                                </Shape>
                            </Glyph>
                            <Glyph ID="char_614" CONTENT="s" HPOS="1641" VPOS="1666" WIDTH="1" HEIGHT="99" GC="0.99">
                                <Shape>
                                    <Polygon POINTS="1641 1666 1642 1765 1642 1765 1641 1666"/>
                                </Shape>
                            </Glyph>
                        </String>
                        <SP ID="segment_220" HPOS="1673"  VPOS="1658" WIDTH="1"  HEIGHT="103"/>
                        <String ID="segment_221" CONTENT="feis" HPOS="1697" VPOS="1647" WIDTH="121" HEIGHT="109" WC="0.8141">
                            <Shape>
                                <Polygon POINTS="1697 1650 1698 1756 1818 1744 1817 1661"/>
                            </Shape>
                            <Glyph ID="char_616" CONTENT="f" HPOS="1697" VPOS="1650" WIDTH="1" HEIGHT="106" GC="0.5912">
                                <Shape>
                                    <Polygon POINTS="1697 1650 1698 1756 1698 1756 1697 1650"/>
                                </Shape>
                            </Glyph>
                            <Glyph ID="char_617" CONTENT="e" HPOS="1745" VPOS="1647" WIDTH="1" HEIGHT="99" GC="0.6741">
                                <Shape>
                                    <Polygon POINTS="1745 1647 1746 1746 1746 1746 1745 1647"/>
                                </Shape>
                            </Glyph>
                            <Glyph ID="char_618" CONTENT="i" HPOS="1793" VPOS="1654" WIDTH="1" HEIGHT="88" GC="0.9946">
                                <Shape>
                                    <Polygon POINTS="1793 1654 1794 1742 1794 1742 1793 1654"/>
                                </Shape>
                            </Glyph>
                            <Glyph ID="char_619" CONTENT="s" HPOS="1817" VPOS="1661" WIDTH="1" HEIGHT="83" GC="0.9965">
                                <Shape>
                                    <Polygon POINTS="1817 1661 1818 1744 1818 1744 1817 1661"/>
                                </Shape>
                            </Glyph>
                        </String>
                        <SP ID="segment_222" HPOS="1849"  VPOS="1650" WIDTH="9"  HEIGHT="92"/>
                        <String ID="segment_223" CONTENT="le" HPOS="1873" VPOS="1644" WIDTH="41" HEIGHT="99" WC="0.6091">
                            <Shape>
                                <Polygon POINTS="1873 1646 1874 1743 1914 1739 1913 1644"/>
                            </Shape>
                            <Glyph ID="char_621" CONTENT="l" HPOS="1873" VPOS="1646" WIDTH="1" HEIGHT="97" GC="0.6294">
                                <Shape>
                                    <Polygon POINTS="1873 1646 1874 1743 1874 1743 1873 1646"/>
                                </Shape>
                            </Glyph>
                            <Glyph ID="char_622" CONTENT="e" HPOS="1913" VPOS="1644" WIDTH="1" HEIGHT="95" GC="0.5887">
                                <Shape>
                                    <Polygon POINTS="1913 1644 1914 1739 1914 1739 1913 1644"/>
                                </Shape>
                            </Glyph>
                        </String>
                    </TextLine>

                    <TextLine ID="2c4bfc23-481d-4fe6-89de-e94ffbebd0f2" HPOS="177.0" VPOS="1773.0" WIDTH="1838.0" HEIGHT="124.0" BASELINE="178.0 1873.0 624.0 1851.0 1297.0 1833.0 2015.0 1841.0" TAGREFS="LINE_TYPE_1">
                        <Shape>
                            <Polygon POINTS="178.0 1897.0 378.0 1896.0 380.0 1896.0 415.0 1877.0 480.0 1882.0 482.0 1882.0 584.0 1864.0 758.0 1870.0 760.0 1870.0 855.0 1856.0 964.0 1865.0 966.0 1865.0 968.0 1865.0 1006.0 1854.0 1041.0 1862.0 1042.0 1862.0 1131.0 1848.0 1229.0 1856.0 1230.0 1856.0 1232.0 1856.0 1267.0 1845.0 1432.0 1871.0 1433.0 1871.0 1539.0 1848.0 1598.0 1854.0 1600.0 1854.0 1601.0 1854.0 1624.0 1845.0 1697.0 1853.0 1699.0 1853.0 1700.0 1853.0 1717.0 1847.0 1800.0 1874.0 1801.0 1874.0 1803.0 1874.0 1804.0 1874.0 1868.0 1854.0 2013.0 1864.0 2015.0 1841.0 2012.0 1799.0 1791.0 1801.0 1736.0 1783.0 1734.0 1783.0 1591.0 1773.0 1589.0 1773.0 1389.0 1777.0 1223.0 1804.0 1194.0 1792.0 1192.0 1792.0 1190.0 1792.0 1189.0 1792.0 1145.0 1809.0 1001.0 1783.0 1000.0 1783.0 813.0 1816.0 687.0 1816.0 629.0 1787.0 627.0 1787.0 626.0 1787.0 451.0 1804.0 450.0 1804.0 390.0 1822.0 238.0 1822.0 177.0 1809.0 178.0 1873.0 178.0 1897.0"/>
                        </Shape>
                        <String ID="segment_224" CONTENT="loyage" HPOS="178" VPOS="1814" WIDTH="200" HEIGHT="83" WC="0.999">
                            <Shape>
                                <Polygon POINTS="178 1873 179 1897 378 1896 375 1822"/>
                            </Shape>
                            <Glyph ID="char_623" CONTENT="l" HPOS="178" VPOS="1873" WIDTH="1" HEIGHT="24" GC="0.9984">
                                <Shape>
                                    <Polygon POINTS="178 1873 179 1897 179 1897 178 1873"/>
                                </Shape>
                            </Glyph>
                            <Glyph ID="char_624" CONTENT="o" HPOS="200" VPOS="1814" WIDTH="4" HEIGHT="83" GC="1.0">
                                <Shape>
                                    <Polygon POINTS="200 1814 204 1897 204 1897 200 1814"/>
                                </Shape>
                            </Glyph>
                            <Glyph ID="char_625" CONTENT="y" HPOS="251" VPOS="1822" WIDTH="3" HEIGHT="75" GC="0.9971">
                                <Shape>
                                    <Polygon POINTS="251 1822 254 1897 254 1897 251 1822"/>
                                </Shape>
                            </Glyph>
                            <Glyph ID="char_626" CONTENT="a" HPOS="294" VPOS="1822" WIDTH="3" HEIGHT="74" GC="0.9998">
                                <Shape>
                                    <Polygon POINTS="294 1822 297 1896 297 1896 294 1822"/>
                                </Shape>
                            </Glyph>
                            <Glyph ID="char_627" CONTENT="g" HPOS="338" VPOS="1822" WIDTH="3" HEIGHT="74" GC="0.9994">
                                <Shape>
                                    <Polygon POINTS="338 1822 341 1896 341 1896 338 1822"/>
                                </Shape>
                            </Glyph>
                            <Glyph ID="char_628" CONTENT="e" HPOS="375" VPOS="1822" WIDTH="3" HEIGHT="74" GC="0.9995">
                                <Shape>
                                    <Polygon POINTS="375 1822 378 1896 378 1896 375 1822"/>
                                </Shape>
                            </Glyph>
                        </String>
                        <SP ID="segment_225" HPOS="430"  VPOS="1808" WIDTH="10"  HEIGHT="71"/>
                        <String ID="segment_226" CONTENT="de" HPOS="448" VPOS="1800" WIDTH="48" HEIGHT="80" WC="0.9988">
                            <Shape>
                                <Polygon POINTS="448 1805 452 1880 496 1880 492 1800"/>
                            </Shape>
                            <Glyph ID="char_630" CONTENT="d" HPOS="448" VPOS="1805" WIDTH="4" HEIGHT="75" GC="0.9976">
                                <Shape>
                                    <Polygon POINTS="448 1805 452 1880 452 1880 448 1805"/>
                                </Shape>
                            </Glyph>
                            <Glyph ID="char_631" CONTENT="e" HPOS="492" VPOS="1800" WIDTH="4" HEIGHT="80" GC="1.0">
                                <Shape>
                                    <Polygon POINTS="492 1800 496 1880 496 1880 492 1800"/>
                                </Shape>
                            </Glyph>
                        </String>
                        <SP ID="segment_227" HPOS="517"  VPOS="1797" WIDTH="9"  HEIGHT="78"/>
                        <String ID="segment_228" CONTENT="Paris" HPOS="535" VPOS="1789" WIDTH="165" HEIGHT="83" WC="0.9968">
                            <Shape>
                                <Polygon POINTS="535 1796 538 1872 700 1868 699 1816"/>
                            </Shape>
                            <Glyph ID="char_633" CONTENT="P" HPOS="535" VPOS="1796" WIDTH="3" HEIGHT="76" GC="1.0">
                                <Shape>
                                    <Polygon POINTS="535 1796 538 1872 538 1872 535 1796"/>
                                </Shape>
                            </Glyph>
                            <Glyph ID="char_634" CONTENT="a" HPOS="609" VPOS="1789" WIDTH="4" HEIGHT="76" GC="0.9838">
                                <Shape>
                                    <Polygon POINTS="609 1789 613 1865 613 1865 609 1789"/>
                                </Shape>
                            </Glyph>
                            <Glyph ID="char_635" CONTENT="r" HPOS="648" VPOS="1797" WIDTH="2" HEIGHT="69" GC="1.0">
                                <Shape>
                                    <Polygon POINTS="648 1797 650 1866 650 1866 648 1797"/>
                                </Shape>
                            </Glyph>
                            <Glyph ID="char_636" CONTENT="i" HPOS="667" VPOS="1806" WIDTH="2" HEIGHT="61" GC="1.0">
                                <Shape>
                                    <Polygon POINTS="667 1806 669 1867 669 1867 667 1806"/>
                                </Shape>
                            </Glyph>
                            <Glyph ID="char_637" CONTENT="s" HPOS="699" VPOS="1816" WIDTH="1" HEIGHT="52" GC="1.0">
                                <Shape>
                                    <Polygon POINTS="699 1816 700 1868 700 1868 699 1816"/>
                                </Shape>
                            </Glyph>
                        </String>
                        <SP ID="segment_229" HPOS="749"  VPOS="1816" WIDTH="7"  HEIGHT="54"/>
                        <String ID="segment_230" CONTENT="vous" HPOS="773" VPOS="1806" WIDTH="101" HEIGHT="62" WC="0.9217">
                            <Shape>
                                <Polygon POINTS="773 1816 774 1868 874 1858 872 1806"/>
                            </Shape>
                            <Glyph ID="char_639" CONTENT="v" HPOS="773" VPOS="1816" WIDTH="1" HEIGHT="52" GC="0.9556">
                                <Shape>
                                    <Polygon POINTS="773 1816 774 1868 774 1868 773 1816"/>
                                </Shape>
                            </Glyph>
                            <Glyph ID="char_640" CONTENT="o" HPOS="805" VPOS="1816" WIDTH="1" HEIGHT="47" GC="0.9971">
                                <Shape>
                                    <Polygon POINTS="805 1816 806 1863 806 1863 805 1816"/>
                                </Shape>
                            </Glyph>
                            <Glyph ID="char_641" CONTENT="u" HPOS="841" VPOS="1811" WIDTH="2" HEIGHT="47" GC="0.898">
                                <Shape>
                                    <Polygon POINTS="841 1811 843 1858 843 1858 841 1811"/>
                                </Shape>
                            </Glyph>
                            <Glyph ID="char_642" CONTENT="s" HPOS="872" VPOS="1806" WIDTH="2" HEIGHT="52" GC="0.8362">
                                <Shape>
                                    <Polygon POINTS="872 1806 874 1858 874 1858 872 1806"/>
                                </Shape>
                            </Glyph>
                        </String>
                        <SP ID="segment_231" HPOS="890"  VPOS="1801" WIDTH="9"  HEIGHT="59"/>
                        <String ID="segment_232" CONTENT="le" HPOS="909" VPOS="1794" WIDTH="33" HEIGHT="69" WC="1.0">
                            <Shape>
                                <Polygon POINTS="909 1799 911 1861 942 1863 940 1794"/>
                            </Shape>
                            <Glyph ID="char_644" CONTENT="l" HPOS="909" VPOS="1799" WIDTH="2" HEIGHT="62" GC="1.0">
                                <Shape>
                                    <Polygon POINTS="909 1799 911 1861 911 1861 909 1799"/>
                                </Shape>
                            </Glyph>
                            <Glyph ID="char_645" CONTENT="e" HPOS="940" VPOS="1794" WIDTH="2" HEIGHT="69" GC="1.0">
                                <Shape>
                                    <Polygon POINTS="940 1794 942 1863 942 1863 940 1794"/>
                                </Shape>
                            </Glyph>
                        </String>
                        <SP ID="segment_233" HPOS="971"  VPOS="1787" WIDTH="8"  HEIGHT="77"/>
                        <String ID="segment_234" CONTENT="dees" HPOS="990" VPOS="1785" WIDTH="120" HEIGHT="76" WC="0.9956">
                            <Shape>
                                <Polygon POINTS="990 1785 992 1858 1110 1851 1108 1802"/>
                            </Shape>
                            <Glyph ID="char_647" CONTENT="d" HPOS="990" VPOS="1785" WIDTH="2" HEIGHT="73" GC="1.0">
                                <Shape>
                                    <Polygon POINTS="990 1785 992 1858 992 1858 990 1785"/>
                                </Shape>
                            </Glyph>
                            <Glyph ID="char_648" CONTENT="e" HPOS="1033" VPOS="1789" WIDTH="2" HEIGHT="72" GC="0.9999">
                                <Shape>
                                    <Polygon POINTS="1033 1789 1035 1861 1035 1861 1033 1789"/>
                                </Shape>
                            </Glyph>
                            <Glyph ID="char_649" CONTENT="e" HPOS="1089" VPOS="1799" WIDTH="2" HEIGHT="55" GC="0.9784">
                                <Shape>
                                    <Polygon POINTS="1089 1799 1091 1854 1091 1854 1089 1799"/>
                                </Shape>
                            </Glyph>
                            <Glyph ID="char_650" CONTENT="" HPOS="1096" VPOS="1800" WIDTH="2" HEIGHT="53" GC="0.9999">
                                <Shape>
                                    <Polygon POINTS="1096 1800 1098 1853 1098 1853 1096 1800"/>
                                </Shape>
                            </Glyph>
                            <Glyph ID="char_651" CONTENT="s" HPOS="1108" VPOS="1802" WIDTH="2" HEIGHT="49" GC="1.0">
                                <Shape>
                                    <Polygon POINTS="1108 1802 1110 1851 1110 1851 1108 1802"/>
                                </Shape>
                            </Glyph>
                        </String>
                        <SP ID="segment_235" HPOS="1146"  VPOS="1807" WIDTH="7"  HEIGHT="43"/>
                        <String ID="segment_236" CONTENT="a" HPOS="1170" VPOS="1799" WIDTH="2" HEIGHT="52" WC="0.9989">
                            <Shape>
                                <Polygon POINTS="1170 1799 1172 1851 1172 1851 1170 1799"/>
                            </Shape>
                            <Glyph ID="char_653" CONTENT="a" HPOS="1170" VPOS="1799" WIDTH="2" HEIGHT="52" GC="0.9989">
                                <Shape>
                                    <Polygon POINTS="1170 1799 1172 1851 1172 1851 1170 1799"/>
                                </Shape>
                            </Glyph>
                        </String>
                        <SP ID="segment_237" HPOS="1201"  VPOS="1795" WIDTH="8"  HEIGHT="59"/>
                        <String ID="segment_238" CONTENT="votre" HPOS="1220" VPOS="1785" WIDTH="120" HEIGHT="71" WC="0.9982">
                            <Shape>
                                <Polygon POINTS="1220 1803 1222 1855 1339 1856 1340 1785"/>
                            </Shape>
                            <Glyph ID="char_655" CONTENT="v" HPOS="1220" VPOS="1803" WIDTH="2" HEIGHT="52" GC="0.9997">
                                <Shape>
                                    <Polygon POINTS="1220 1803 1222 1855 1222 1855 1220 1803"/>
                                </Shape>
                            </Glyph>
                            <Glyph ID="char_656" CONTENT="o" HPOS="1257" VPOS="1798" WIDTH="2" HEIGHT="50" GC="0.9997">
                                <Shape>
                                    <Polygon POINTS="1257 1798 1259 1848 1259 1848 1257 1798"/>
                                </Shape>
                            </Glyph>
                            <Glyph ID="char_657" CONTENT="t" HPOS="1288" VPOS="1793" WIDTH="2" HEIGHT="56" GC="0.9926">
                                <Shape>
                                    <Polygon POINTS="1288 1793 1290 1849 1290 1849 1288 1793"/>
                                </Shape>
                            </Glyph>
                            <Glyph ID="char_658" CONTENT="r" HPOS="1308" VPOS="1789" WIDTH="7" HEIGHT="63" GC="1.0">
                                <Shape>
                                    <Polygon POINTS="1309 1790 1308 1851 1314 1852 1315 1789"/>
                                </Shape>
                            </Glyph>
                            <Glyph ID="char_659" CONTENT="e" HPOS="1339" VPOS="1785" WIDTH="1" HEIGHT="71" GC="0.9988">
                                <Shape>
                                    <Polygon POINTS="1340 1785 1339 1856 1339 1856 1340 1785"/>
                                </Shape>
                            </Glyph>
                        </String>
                        <SP ID="segment_239" HPOS="1370"  VPOS="1778" WIDTH="13"  HEIGHT="85"/>
                        <String ID="segment_240" CONTENT="en" HPOS="1388" VPOS="1776" WIDTH="39" HEIGHT="94" WC="0.7528">
                            <Shape>
                                <Polygon POINTS="1389 1777 1388 1864 1426 1870 1427 1776"/>
                            </Shape>
                            <Glyph ID="char_661" CONTENT="e" HPOS="1388" VPOS="1777" WIDTH="1" HEIGHT="87" GC="0.5056">
                                <Shape>
                                    <Polygon POINTS="1389 1777 1388 1864 1388 1864 1389 1777"/>
                                </Shape>
                            </Glyph>
                            <Glyph ID="char_662" CONTENT="n" HPOS="1426" VPOS="1776" WIDTH="1" HEIGHT="94" GC="1.0">
                                <Shape>
                                    <Polygon POINTS="1427 1776 1426 1870 1426 1870 1427 1776"/>
                                </Shape>
                            </Glyph>
                        </String>
                        <SP ID="segment_241" HPOS="1451"  VPOS="1776" WIDTH="7"  HEIGHT="91"/>
                        <String ID="segment_242" CONTENT="fout" HPOS="1469" VPOS="1773" WIDTH="119" HEIGHT="90" WC="0.9648">
                            <Shape>
                                <Polygon POINTS="1470 1775 1469 1863 1587 1853 1588 1773"/>
                            </Shape>
                            <Glyph ID="char_664" CONTENT="f" HPOS="1469" VPOS="1775" WIDTH="1" HEIGHT="88" GC="1.0">
                                <Shape>
                                    <Polygon POINTS="1470 1775 1469 1863 1469 1863 1470 1775"/>
                                </Shape>
                            </Glyph>
                            <Glyph ID="char_665" CONTENT="o" HPOS="1519" VPOS="1774" WIDTH="1" HEIGHT="78" GC="0.9966">
                                <Shape>
                                    <Polygon POINTS="1520 1774 1519 1852 1519 1852 1520 1774"/>
                                </Shape>
                            </Glyph>
                            <Glyph ID="char_666" CONTENT="u" HPOS="1562" VPOS="1774" WIDTH="1" HEIGHT="76" GC="0.8655">
                                <Shape>
                                    <Polygon POINTS="1563 1774 1562 1850 1562 1850 1563 1774"/>
                                </Shape>
                            </Glyph>
                            <Glyph ID="char_667" CONTENT="t" HPOS="1587" VPOS="1773" WIDTH="1" HEIGHT="80" GC="0.9973">
                                <Shape>
                                    <Polygon POINTS="1588 1773 1587 1853 1587 1853 1588 1773"/>
                                </Shape>
                            </Glyph>
                        </String>
                        <SP ID="segment_243" HPOS="1643"  VPOS="1777" WIDTH="7"  HEIGHT="71"/>
                        <String ID="segment_244" CONTENT="puisque" HPOS="1662" VPOS="1778" WIDTH="200" HEIGHT="93" WC="0.8953">
                            <Shape>
                                <Polygon POINTS="1663 1778 1662 1849 1861 1856 1862 1800"/>
                            </Shape>
                            <Glyph ID="char_669" CONTENT="p" HPOS="1662" VPOS="1778" WIDTH="1" HEIGHT="71" GC="0.9325">
                                <Shape>
                                    <Polygon POINTS="1663 1778 1662 1849 1662 1849 1663 1778"/>
                                </Shape>
                            </Glyph>
                            <Glyph ID="char_670" CONTENT="u" HPOS="1712" VPOS="1782" WIDTH="1" HEIGHT="67" GC="0.907">
                                <Shape>
                                    <Polygon POINTS="1713 1782 1712 1849 1712 1849 1713 1782"/>
                                </Shape>
                            </Glyph>
                            <Glyph ID="char_671" CONTENT="i" HPOS="1736" VPOS="1783" WIDTH="1" HEIGHT="70" GC="0.9991">
                                <Shape>
                                    <Polygon POINTS="1737 1783 1736 1853 1736 1853 1737 1783"/>
                                </Shape>
                            </Glyph>
                            <Glyph ID="char_672" CONTENT="s" HPOS="1749" VPOS="1788" WIDTH="1" HEIGHT="69" GC="0.9967">
                                <Shape>
                                    <Polygon POINTS="1750 1788 1749 1857 1749 1857 1750 1788"/>
                                </Shape>
                            </Glyph>
                            <Glyph ID="char_673" CONTENT="q" HPOS="1792" VPOS="1801" WIDTH="1" HEIGHT="70" GC="0.9764">
                                <Shape>
                                    <Polygon POINTS="1793 1801 1792 1871 1792 1871 1793 1801"/>
                                </Shape>
                            </Glyph>
                            <Glyph ID="char_674" CONTENT="u" HPOS="1830" VPOS="1801" WIDTH="1" HEIGHT="65" GC="0.4697">
                                <Shape>
                                    <Polygon POINTS="1831 1801 1830 1866 1830 1866 1831 1801"/>
                                </Shape>
                            </Glyph>
                            <Glyph ID="char_675" CONTENT="e" HPOS="1861" VPOS="1800" WIDTH="1" HEIGHT="56" GC="0.986">
                                <Shape>
                                    <Polygon POINTS="1862 1800 1861 1856 1861 1856 1862 1800"/>
                                </Shape>
                            </Glyph>
                        </String>
                        <SP ID="segment_245" HPOS="1892"  VPOS="1800" WIDTH="7"  HEIGHT="56"/>
                        <String ID="segment_246" CONTENT="vous" HPOS="1910" VPOS="1799" WIDTH="95" HEIGHT="64" WC="0.9054">
                            <Shape>
                                <Polygon POINTS="1911 1800 1910 1857 2004 1863 2005 1799"/>
                            </Shape>
                            <Glyph ID="char_677" CONTENT="v" HPOS="1910" VPOS="1800" WIDTH="1" HEIGHT="57" GC="0.9764">
                                <Shape>
                                    <Polygon POINTS="1911 1800 1910 1857 1910 1857 1911 1800"/>
                                </Shape>
                            </Glyph>
                            <Glyph ID="char_678" CONTENT="o" HPOS="1941" VPOS="1800" WIDTH="1" HEIGHT="59" GC="0.6942">
                                <Shape>
                                    <Polygon POINTS="1942 1800 1941 1859 1941 1859 1942 1800"/>
                                </Shape>
                            </Glyph>
                            <Glyph ID="char_679" CONTENT="u" HPOS="1979" VPOS="1799" WIDTH="1" HEIGHT="63" GC="0.9543">
                                <Shape>
                                    <Polygon POINTS="1980 1799 1979 1862 1979 1862 1980 1799"/>
                                </Shape>
                            </Glyph>
                            <Glyph ID="char_680" CONTENT="s" HPOS="2004" VPOS="1799" WIDTH="1" HEIGHT="64" GC="0.9967">
                                <Shape>
                                    <Polygon POINTS="2005 1799 2004 1863 2004 1863 2005 1799"/>
                                </Shape>
                            </Glyph>
                        </String>
                    </TextLine>

                    <TextLine ID="a68948ee-a4c4-4736-a78c-22b939bae261" HPOS="377.0" VPOS="1894.0" WIDTH="1629.0" HEIGHT="107.0" BASELINE="378.0 1983.0 1183.0 1952.0 2006.0 1952.0" TAGREFS="LINE_TYPE_1">
                        <Shape>
                            <Polygon POINTS="378.0 1983.0 380.0 2001.0 415.0 1986.0 491.0 1998.0 493.0 1998.0 586.0 1981.0 621.0 1987.0 622.0 1987.0 706.0 1978.0 769.0 1990.0 771.0 1990.0 891.0 1973.0 1045.0 1972.0 1090.0 1984.0 1091.0 1984.0 1093.0 1984.0 1094.0 1984.0 1122.0 1970.0 1226.0 1970.0 1279.0 1986.0 1281.0 1986.0 1282.0 1986.0 1363.0 1983.0 1365.0 1983.0 1395.0 1972.0 1412.0 1978.0 1413.0 1978.0 1415.0 1978.0 1416.0 1978.0 1439.0 1969.0 1499.0 1978.0 1500.0 1978.0 1502.0 1978.0 1503.0 1978.0 1529.0 1963.0 1595.0 1975.0 1597.0 1975.0 1674.0 1972.0 1676.0 1972.0 1711.0 1960.0 1763.0 1975.0 1765.0 1975.0 1766.0 1975.0 2006.0 1972.0 2006.0 1952.0 2004.0 1905.0 1917.0 1894.0 1916.0 1894.0 1914.0 1894.0 1849.0 1917.0 1772.0 1897.0 1771.0 1897.0 1769.0 1897.0 1768.0 1897.0 1745.0 1905.0 1586.0 1900.0 1584.0 1900.0 1520.0 1914.0 1473.0 1902.0 1471.0 1902.0 1470.0 1902.0 1365.0 1903.0 1363.0 1903.0 1294.0 1926.0 1258.0 1920.0 1256.0 1920.0 1255.0 1920.0 1236.0 1928.0 1157.0 1911.0 1155.0 1911.0 1154.0 1911.0 1093.0 1934.0 990.0 1928.0 989.0 1928.0 861.0 1938.0 801.0 1929.0 800.0 1929.0 798.0 1929.0 797.0 1929.0 778.0 1940.0 635.0 1935.0 633.0 1935.0 583.0 1943.0 566.0 1935.0 564.0 1935.0 563.0 1935.0 377.0 1946.0 378.0 1983.0"/>
                        </Shape>
                        <String ID="segment_247" CONTENT="e" HPOS="378" VPOS="1983" WIDTH="0" HEIGHT="0" WC="0.9924">
                            <Shape>
                                <Polygon POINTS="378 1983 378 1983 378 1983 378 1983"/>
                            </Shape>
                            <Glyph ID="char_681" CONTENT="e" HPOS="378" VPOS="1983" WIDTH="0" HEIGHT="0" GC="0.9924">
                                <Shape>
                                    <Polygon POINTS="378 1983 378 1983 378 1983 378 1983"/>
                                </Shape>
                            </Glyph>
                        </String>
                        <SP ID="segment_248" HPOS="425"  VPOS="1943" WIDTH="1"  HEIGHT="45"/>
                        <String ID="segment_249" CONTENT="jusq" HPOS="442" VPOS="1935" WIDTH="116" HEIGHT="62" WC="0.9977">
                            <Shape>
                                <Polygon POINTS="442 1942 444 1991 558 1986 556 1935"/>
                            </Shape>
                            <Glyph ID="char_683" CONTENT="j" HPOS="442" VPOS="1942" WIDTH="2" HEIGHT="49" GC="0.9984">
                                <Shape>
                                    <Polygon POINTS="442 1942 444 1991 444 1991 442 1942"/>
                                </Shape>
                            </Glyph>
                            <Glyph ID="char_684" CONTENT="u" HPOS="484" VPOS="1940" WIDTH="3" HEIGHT="57" GC="0.9997">
                                <Shape>
                                    <Polygon POINTS="484 1940 487 1997 487 1997 484 1940"/>
                                </Shape>
                            </Glyph>
                            <Glyph ID="char_685" CONTENT="s" HPOS="520" VPOS="1938" WIDTH="2" HEIGHT="55" GC="0.9997">
                                <Shape>
                                    <Polygon POINTS="520 1938 522 1993 522 1993 520 1938"/>
                                </Shape>
                            </Glyph>
                            <Glyph ID="char_686" CONTENT="q" HPOS="556" VPOS="1935" WIDTH="2" HEIGHT="51" GC="0.9929">
                                <Shape>
                                    <Polygon POINTS="556 1935 558 1986 558 1986 556 1935"/>
                                </Shape>
                            </Glyph>
                        </String>
                        <SP ID="segment_250" HPOS="604"  VPOS="1940" WIDTH="2"  HEIGHT="44"/>
                        <String ID="segment_251" CONTENT="ece" HPOS="622" VPOS="1935" WIDTH="57" HEIGHT="52" WC="0.9996">
                            <Shape>
                                <Polygon POINTS="622 1937 624 1987 679 1981 677 1936"/>
                            </Shape>
                            <Glyph ID="char_688" CONTENT="e" HPOS="622" VPOS="1937" WIDTH="2" HEIGHT="50" GC="0.999">
                                <Shape>
                                    <Polygon POINTS="622 1937 624 1987 624 1987 622 1937"/>
                                </Shape>
                            </Glyph>
                            <Glyph ID="char_689" CONTENT="c" HPOS="647" VPOS="1935" WIDTH="2" HEIGHT="49" GC="0.9999">
                                <Shape>
                                    <Polygon POINTS="647 1935 649 1984 649 1984 647 1935"/>
                                </Shape>
                            </Glyph>
                            <Glyph ID="char_690" CONTENT="e" HPOS="677" VPOS="1936" WIDTH="2" HEIGHT="45" GC="1.0">
                                <Shape>
                                    <Polygon POINTS="677 1936 679 1981 679 1981 677 1936"/>
                                </Shape>
                            </Glyph>
                        </String>
                        <SP ID="segment_252" HPOS="732"  VPOS="1938" WIDTH="1"  HEIGHT="45"/>
                        <String ID="segment_253" CONTENT="tont" HPOS="750" VPOS="1932" WIDTH="133" HEIGHT="55" WC="0.9995">
                            <Shape>
                                <Polygon POINTS="750 1939 751 1987 883 1974 882 1936"/>
                            </Shape>
                            <Glyph ID="char_692" CONTENT="t" HPOS="750" VPOS="1939" WIDTH="1" HEIGHT="48" GC="1.0">
                                <Shape>
                                    <Polygon POINTS="750 1939 751 1987 751 1987 750 1939"/>
                                </Shape>
                            </Glyph>
                            <Glyph ID="char_693" CONTENT="o" HPOS="791" VPOS="1932" WIDTH="2" HEIGHT="55" GC="0.9998">
                                <Shape>
                                    <Polygon POINTS="791 1932 793 1987 793 1987 791 1932"/>
                                </Shape>
                            </Glyph>
                            <Glyph ID="char_694" CONTENT="n" HPOS="839" VPOS="1935" WIDTH="2" HEIGHT="45" GC="0.9999">
                                <Shape>
                                    <Polygon POINTS="839 1935 841 1980 841 1980 839 1935"/>
                                </Shape>
                            </Glyph>
                            <Glyph ID="char_695" CONTENT="t" HPOS="882" VPOS="1936" WIDTH="1" HEIGHT="38" GC="0.9982">
                                <Shape>
                                    <Polygon POINTS="882 1936 883 1974 883 1974 882 1936"/>
                                </Shape>
                            </Glyph>
                        </String>
                        <SP ID="segment_254" HPOS="923"  VPOS="1933" WIDTH="8"  HEIGHT="40"/>
                        <String ID="segment_255" CONTENT="de" HPOS="947" VPOS="1928" WIDTH="44" HEIGHT="45" WC="0.97">
                            <Shape>
                                <Polygon POINTS="947 1931 949 1973 991 1972 989 1928"/>
                            </Shape>
                            <Glyph ID="char_697" CONTENT="d" HPOS="947" VPOS="1931" WIDTH="2" HEIGHT="42" GC="0.943">
                                <Shape>
                                    <Polygon POINTS="947 1931 949 1973 949 1973 947 1931"/>
                                </Shape>
                            </Glyph>
                            <Glyph ID="char_698" CONTENT="e" HPOS="989" VPOS="1928" WIDTH="2" HEIGHT="44" GC="0.997">
                                <Shape>
                                    <Polygon POINTS="989 1928 991 1972 991 1972 989 1928"/>
                                </Shape>
                            </Glyph>
                        </String>
                        <SP ID="segment_256" HPOS="1037"  VPOS="1931" WIDTH="8"  HEIGHT="41"/>
                        <String ID="segment_257" CONTENT="ceonles," HPOS="1062" VPOS="1916" WIDTH="247" HEIGHT="70" WC="0.9917">
                            <Shape>
                                <Polygon POINTS="1062 1932 1063 1977 1309 1985 1309 1921"/>
                            </Shape>
                            <Glyph ID="char_700" CONTENT="c" HPOS="1062" VPOS="1932" WIDTH="1" HEIGHT="45" GC="0.9955">
                                <Shape>
                                    <Polygon POINTS="1062 1932 1063 1977 1063 1977 1062 1932"/>
                                </Shape>
                            </Glyph>
                            <Glyph ID="char_701" CONTENT="e" HPOS="1086" VPOS="1934" WIDTH="2" HEIGHT="49" GC="0.9996">
                                <Shape>
                                    <Polygon POINTS="1086 1934 1088 1983 1088 1983 1086 1934"/>
                                </Shape>
                            </Glyph>
                            <Glyph ID="char_702" CONTENT="o" HPOS="1127" VPOS="1921" WIDTH="2" HEIGHT="49" GC="0.9894">
                                <Shape>
                                    <Polygon POINTS="1127 1921 1129 1970 1129 1970 1127 1921"/>
                                </Shape>
                            </Glyph>
                            <Glyph ID="char_703" CONTENT="n" HPOS="1181" VPOS="1916" WIDTH="2" HEIGHT="54" GC="1.0">
                                <Shape>
                                    <Polygon POINTS="1181 1916 1183 1970 1183 1970 1181 1916"/>
                                </Shape>
                            </Glyph>
                            <Glyph ID="char_704" CONTENT="l" HPOS="1225" VPOS="1926" WIDTH="0" HEIGHT="44" GC="0.9931">
                                <Shape>
                                    <Polygon POINTS="1225 1926 1225 1970 1225 1970 1225 1926"/>
                                </Shape>
                            </Glyph>
                            <Glyph ID="char_705" CONTENT="e" HPOS="1249" VPOS="1922" WIDTH="0" HEIGHT="55" GC="0.987">
                                <Shape>
                                    <Polygon POINTS="1249 1922 1249 1977 1249 1977 1249 1922"/>
                                </Shape>
                            </Glyph>
                            <Glyph ID="char_706" CONTENT="s" HPOS="1279" VPOS="1924" WIDTH="0" HEIGHT="62" GC="0.97">
                                <Shape>
                                    <Polygon POINTS="1279 1924 1279 1986 1279 1986 1279 1924"/>
                                </Shape>
                            </Glyph>
                            <Glyph ID="char_707" CONTENT="," HPOS="1303" VPOS="1921" WIDTH="6" HEIGHT="64" GC="0.9988">
                                <Shape>
                                    <Polygon POINTS="1303 1923 1303 1985 1309 1985 1309 1921"/>
                                </Shape>
                            </Glyph>
                        </String>
                        <SP ID="segment_258" HPOS="1315"  VPOS="1919" WIDTH="0"  HEIGHT="66"/>
                        <String ID="segment_259" CONTENT="et" HPOS="1327" VPOS="1905" WIDTH="30" HEIGHT="79" WC="0.9956">
                            <Shape>
                                <Polygon POINTS="1327 1915 1327 1984 1357 1983 1357 1905"/>
                            </Shape>
                            <Glyph ID="char_709" CONTENT="e" HPOS="1327" VPOS="1915" WIDTH="0" HEIGHT="69" GC="0.9928">
                                <Shape>
                                    <Polygon POINTS="1327 1915 1327 1984 1327 1984 1327 1915"/>
                                </Shape>
                            </Glyph>
                            <Glyph ID="char_710" CONTENT="t" HPOS="1357" VPOS="1905" WIDTH="0" HEIGHT="78" GC="0.9984">
                                <Shape>
                                    <Polygon POINTS="1357 1905 1357 1983 1357 1983 1357 1905"/>
                                </Shape>
                            </Glyph>
                        </String>
                        <SP ID="segment_260" HPOS="1393"  VPOS="1903" WIDTH="6"  HEIGHT="71"/>
                        <String ID="segment_261" CONTENT="demitees" HPOS="1411" VPOS="1901" WIDTH="246" HEIGHT="77" WC="0.9999">
                            <Shape>
                                <Polygon POINTS="1411 1903 1411 1978 1657 1973 1657 1902"/>
                            </Shape>
                            <Glyph ID="char_712" CONTENT="d" HPOS="1411" VPOS="1903" WIDTH="0" HEIGHT="75" GC="0.9996">
                                <Shape>
                                    <Polygon POINTS="1411 1903 1411 1978 1411 1978 1411 1903"/>
                                </Shape>
                            </Glyph>
                            <Glyph ID="char_713" CONTENT="e" HPOS="1453" VPOS="1902" WIDTH="0" HEIGHT="69" GC="1.0">
                                <Shape>
                                    <Polygon POINTS="1453 1902 1453 1971 1453 1971 1453 1902"/>
                                </Shape>
                            </Glyph>
                            <Glyph ID="char_714" CONTENT="m" HPOS="1489" VPOS="1906" WIDTH="0" HEIGHT="71" GC="1.0">
                                <Shape>
                                    <Polygon POINTS="1489 1906 1489 1977 1489 1977 1489 1906"/>
                                </Shape>
                            </Glyph>
                            <Glyph ID="char_715" CONTENT="i" HPOS="1543" VPOS="1909" WIDTH="0" HEIGHT="57" GC="1.0">
                                <Shape>
                                    <Polygon POINTS="1543 1909 1543 1966 1543 1966 1543 1909"/>
                                </Shape>
                            </Glyph>
                            <Glyph ID="char_716" CONTENT="t" HPOS="1579" VPOS="1901" WIDTH="0" HEIGHT="71" GC="1.0">
                                <Shape>
                                    <Polygon POINTS="1579 1901 1579 1972 1579 1972 1579 1901"/>
                                </Shape>
                            </Glyph>
                            <Glyph ID="char_717" CONTENT="e" HPOS="1603" VPOS="1901" WIDTH="0" HEIGHT="74" GC="1.0">
                                <Shape>
                                    <Polygon POINTS="1603 1901 1603 1975 1603 1975 1603 1901"/>
                                </Shape>
                            </Glyph>
                            <Glyph ID="char_718" CONTENT="" HPOS="1615" VPOS="1901" WIDTH="0" HEIGHT="73" GC="1.0">
                                <Shape>
                                    <Polygon POINTS="1615 1901 1615 1974 1615 1974 1615 1901"/>
                                </Shape>
                            </Glyph>
                            <Glyph ID="char_719" CONTENT="e" HPOS="1633" VPOS="1901" WIDTH="0" HEIGHT="73" GC="1.0">
                                <Shape>
                                    <Polygon POINTS="1633 1901 1633 1974 1633 1974 1633 1901"/>
                                </Shape>
                            </Glyph>
                            <Glyph ID="char_720" CONTENT="s" HPOS="1657" VPOS="1902" WIDTH="0" HEIGHT="71" GC="0.9995">
                                <Shape>
                                    <Polygon POINTS="1657 1902 1657 1973 1657 1973 1657 1902"/>
                                </Shape>
                            </Glyph>
                        </String>
                        <SP ID="segment_262" HPOS="1693"  VPOS="1903" WIDTH="6"  HEIGHT="63"/>
                        <String ID="segment_263" CONTENT="pour" HPOS="1717" VPOS="1898" WIDTH="121" HEIGHT="77" WC="0.9042">
                            <Shape>
                                <Polygon POINTS="1717 1904 1717 1962 1838 1974 1838 1914"/>
                            </Shape>
                            <Glyph ID="char_722" CONTENT="p" HPOS="1717" VPOS="1904" WIDTH="0" HEIGHT="58" GC="0.7158">
                                <Shape>
                                    <Polygon POINTS="1717 1904 1717 1962 1717 1962 1717 1904"/>
                                </Shape>
                            </Glyph>
                            <Glyph ID="char_723" CONTENT="o" HPOS="1766" VPOS="1898" WIDTH="0" HEIGHT="77" GC="0.9068">
                                <Shape>
                                    <Polygon POINTS="1766 1898 1766 1975 1766 1975 1766 1898"/>
                                </Shape>
                            </Glyph>
                            <Glyph ID="char_724" CONTENT="u" HPOS="1796" VPOS="1903" WIDTH="0" HEIGHT="72" GC="0.9951">
                                <Shape>
                                    <Polygon POINTS="1796 1903 1796 1975 1796 1975 1796 1903"/>
                                </Shape>
                            </Glyph>
                            <Glyph ID="char_725" CONTENT="r" HPOS="1838" VPOS="1914" WIDTH="0" HEIGHT="60" GC="0.9993">
                                <Shape>
                                    <Polygon POINTS="1838 1914 1838 1974 1838 1974 1838 1914"/>
                                </Shape>
                            </Glyph>
                        </String>
                        <SP ID="segment_264" HPOS="1862"  VPOS="1912" WIDTH="0"  HEIGHT="62"/>
                        <String ID="segment_265" CONTENT="elle" HPOS="1880" VPOS="1896" WIDTH="90" HEIGHT="78" WC="0.8192">
                            <Shape>
                                <Polygon POINTS="1880 1906 1880 1974 1970 1972 1970 1901"/>
                            </Shape>
                            <Glyph ID="char_727" CONTENT="e" HPOS="1880" VPOS="1906" WIDTH="0" HEIGHT="68" GC="0.9827">
                                <Shape>
                                    <Polygon POINTS="1880 1906 1880 1974 1880 1974 1880 1906"/>
                                </Shape>
                            </Glyph>
                            <Glyph ID="char_728" CONTENT="l" HPOS="1904" VPOS="1897" WIDTH="0" HEIGHT="76" GC="0.4278">
                                <Shape>
                                    <Polygon POINTS="1904 1897 1904 1973 1904 1973 1904 1897"/>
                                </Shape>
                            </Glyph>
                            <Glyph ID="char_729" CONTENT="l" HPOS="1934" VPOS="1896" WIDTH="0" HEIGHT="77" GC="0.9961">
                                <Shape>
                                    <Polygon POINTS="1934 1896 1934 1973 1934 1973 1934 1896"/>
                                </Shape>
                            </Glyph>
                            <Glyph ID="char_730" CONTENT="e" HPOS="1970" VPOS="1901" WIDTH="0" HEIGHT="71" GC="0.8703">
                                <Shape>
                                    <Polygon POINTS="1970 1901 1970 1972 1970 1972 1970 1901"/>
                                </Shape>
                            </Glyph>
                        </String>
                    </TextLine>

                    <TextLine ID="86a1fdaa-ef1d-4474-b43d-f8bca1efc5c4" HPOS="126.0" VPOS="1963.0" WIDTH="519.0" HEIGHT="90.0" BASELINE="128.0 2015.0 276.0 2013.0 645.0 2025.0" TAGREFS="LINE_TYPE_1">
                        <Shape>
                            <Polygon POINTS="601.0 1975.0 586.0 1975.0 574.0 1975.0 546.0 1992.0 461.0 1990.0 436.0 1981.0 433.0 1981.0 418.0 1981.0 403.0 1983.0 393.0 1983.0 386.0 1987.0 317.0 1987.0 248.0 1964.0 247.0 1964.0 172.0 1963.0 171.0 1963.0 169.0 1963.0 128.0 1975.0 128.0 2015.0 126.0 2031.0 224.0 2031.0 309.0 2047.0 311.0 2047.0 313.0 2047.0 363.0 2035.0 532.0 2053.0 534.0 2053.0 644.0 2042.0 645.0 2025.0 645.0 1977.0 613.0 1975.0 601.0 1975.0"/>
                        </Shape>
                        <String ID="segment_266" CONTENT="aueeat" HPOS="161" VPOS="1963" WIDTH="254" HEIGHT="84" WC="0.874">
                            <Shape>
                                <Polygon POINTS="161 1965 162 2031 413 2040 415 1981"/>
                            </Shape>
                            <Glyph ID="char_731" CONTENT="a" HPOS="161" VPOS="1965" WIDTH="1" HEIGHT="66" GC="0.9997">
                                <Shape>
                                    <Polygon POINTS="161 1965 162 2031 162 2031 161 1965"/>
                                </Shape>
                            </Glyph>
                            <Glyph ID="char_732" CONTENT="u" HPOS="207" VPOS="1963" WIDTH="1" HEIGHT="68" GC="0.9971">
                                <Shape>
                                    <Polygon POINTS="207 1963 208 2031 208 2031 207 1963"/>
                                </Shape>
                            </Glyph>
                            <Glyph ID="char_733" CONTENT="e" HPOS="247" VPOS="1964" WIDTH="1" HEIGHT="72" GC="0.6093">
                                <Shape>
                                    <Polygon POINTS="247 1964 248 2036 248 2036 247 1964"/>
                                </Shape>
                            </Glyph>
                            <Glyph ID="char_734" CONTENT="e" HPOS="310" VPOS="1985" WIDTH="2" HEIGHT="62" GC="0.9954">
                                <Shape>
                                    <Polygon POINTS="312 1985 310 2047 310 2047 312 1985"/>
                                </Shape>
                            </Glyph>
                            <Glyph ID="char_735" CONTENT="a" HPOS="373" VPOS="1987" WIDTH="2" HEIGHT="49" GC="0.9385">
                                <Shape>
                                    <Polygon POINTS="375 1987 373 2036 373 2036 375 1987"/>
                                </Shape>
                            </Glyph>
                            <Glyph ID="char_736" CONTENT="t" HPOS="413" VPOS="1981" WIDTH="2" HEIGHT="59" GC="0.7038">
                                <Shape>
                                    <Polygon POINTS="415 1981 413 2040 413 2040 415 1981"/>
                                </Shape>
                            </Glyph>
                        </String>
                        <SP ID="segment_267" HPOS="538"  VPOS="1992" WIDTH="2"  HEIGHT="61"/>
                        <String ID="segment_268" CONTENT="fin" HPOS="550" VPOS="1975" WIDTH="47" HEIGHT="76" WC="0.8367">
                            <Shape>
                                <Polygon POINTS="552 1988 550 2051 595 2047 597 1975"/>
                            </Shape>
                            <Glyph ID="char_738" CONTENT="f" HPOS="550" VPOS="1988" WIDTH="2" HEIGHT="63" GC="0.8753">
                                <Shape>
                                    <Polygon POINTS="552 1988 550 2051 550 2051 552 1988"/>
                                </Shape>
                            </Glyph>
                            <Glyph ID="char_739" CONTENT="i" HPOS="573" VPOS="1975" WIDTH="2" HEIGHT="74" GC="0.7891">
                                <Shape>
                                    <Polygon POINTS="575 1975 573 2049 573 2049 575 1975"/>
                                </Shape>
                            </Glyph>
                            <Glyph ID="char_740" CONTENT="n" HPOS="595" VPOS="1975" WIDTH="2" HEIGHT="72" GC="0.8458">
                                <Shape>
                                    <Polygon POINTS="597 1975 595 2047 595 2047 597 1975"/>
                                </Shape>
                            </Glyph>
                        </String>
                    </TextLine>

                    <TextLine ID="7c20cb37-8ae5-4a1d-a8db-26b7e94c6afa" HPOS="161.0" VPOS="2007.0" WIDTH="1730.0" HEIGHT="141.0" BASELINE="164.0 2125.0 1128.0 2076.0 1891.0 2079.0" TAGREFS="LINE_TYPE_1">
                        <Shape>
                            <Polygon POINTS="164.0 2125.0 164.0 2148.0 386.0 2128.0 464.0 2132.0 465.0 2132.0 467.0 2132.0 526.0 2111.0 575.0 2126.0 577.0 2126.0 578.0 2126.0 642.0 2112.0 705.0 2120.0 706.0 2120.0 708.0 2120.0 710.0 2120.0 734.0 2105.0 844.0 2102.0 877.0 2109.0 879.0 2109.0 881.0 2109.0 939.0 2096.0 1050.0 2094.0 1068.0 2103.0 1070.0 2103.0 1071.0 2103.0 1073.0 2103.0 1096.0 2091.0 1265.0 2088.0 1336.0 2097.0 1337.0 2097.0 1384.0 2088.0 1421.0 2097.0 1423.0 2097.0 1424.0 2097.0 1426.0 2097.0 1468.0 2086.0 1531.0 2106.0 1532.0 2106.0 1534.0 2106.0 1891.0 2097.0 1891.0 2079.0 1888.0 2015.0 1827.0 2012.0 1826.0 2012.0 1824.0 2012.0 1791.0 2022.0 1769.0 2015.0 1768.0 2015.0 1766.0 2015.0 1765.0 2015.0 1720.0 2033.0 1633.0 2007.0 1632.0 2007.0 1630.0 2007.0 1629.0 2007.0 1565.0 2025.0 1522.0 2016.0 1520.0 2016.0 1519.0 2016.0 1494.0 2027.0 1453.0 2021.0 1452.0 2021.0 1387.0 2030.0 1311.0 2013.0 1310.0 2013.0 1279.0 2019.0 1255.0 2009.0 1253.0 2009.0 1252.0 2009.0 937.0 2018.0 935.0 2018.0 934.0 2018.0 903.0 2036.0 885.0 2028.0 884.0 2028.0 882.0 2028.0 812.0 2044.0 757.0 2038.0 755.0 2038.0 754.0 2038.0 670.0 2067.0 603.0 2061.0 601.0 2061.0 468.0 2077.0 161.0 2083.0 164.0 2125.0"/>
                        </Shape>
                        <String ID="segment_269" CONTENT="je" HPOS="187" VPOS="2082" WIDTH="34" HEIGHT="64" WC="0.9999">
                            <Shape>
                                <Polygon POINTS="187 2082 190 2146 221 2143 218 2082"/>
                            </Shape>
                            <Glyph ID="char_741" CONTENT="j" HPOS="187" VPOS="2082" WIDTH="3" HEIGHT="64" GC="1.0">
                                <Shape>
                                    <Polygon POINTS="187 2082 190 2146 190 2146 187 2082"/>
                                </Shape>
                            </Glyph>
                            <Glyph ID="char_742" CONTENT="e" HPOS="218" VPOS="2082" WIDTH="3" HEIGHT="61" GC="0.9998">
                                <Shape>
                                    <Polygon POINTS="218 2082 221 2143 221 2143 218 2082"/>
                                </Shape>
                            </Glyph>
                        </String>
                        <SP ID="segment_270" HPOS="274"  VPOS="2081" WIDTH="9"  HEIGHT="57"/>
                        <String ID="segment_271" CONTENT="serais" HPOS="292" VPOS="2077" WIDTH="183" HEIGHT="59" WC="0.9866">
                            <Shape>
                                <Polygon POINTS="292 2080 295 2136 475 2129 472 2077"/>
                            </Shape>
                            <Glyph ID="char_744" CONTENT="s" HPOS="292" VPOS="2080" WIDTH="3" HEIGHT="56" GC="1.0">
                                <Shape>
                                    <Polygon POINTS="292 2080 295 2136 295 2136 292 2080"/>
                                </Shape>
                            </Glyph>
                            <Glyph ID="char_745" CONTENT="e" HPOS="348" VPOS="2079" WIDTH="3" HEIGHT="52" GC="0.9996">
                                <Shape>
                                    <Polygon POINTS="348 2079 351 2131 351 2131 348 2079"/>
                                </Shape>
                            </Glyph>
                            <Glyph ID="char_746" CONTENT="r" HPOS="391" VPOS="2079" WIDTH="2" HEIGHT="49" GC="1.0">
                                <Shape>
                                    <Polygon POINTS="391 2079 393 2128 393 2128 391 2079"/>
                                </Shape>
                            </Glyph>
                            <Glyph ID="char_747" CONTENT="a" HPOS="429" VPOS="2078" WIDTH="3" HEIGHT="52" GC="1.0">
                                <Shape>
                                    <Polygon POINTS="429 2078 432 2130 432 2130 429 2078"/>
                                </Shape>
                            </Glyph>
                            <Glyph ID="char_748" CONTENT="i" HPOS="453" VPOS="2077" WIDTH="3" HEIGHT="55" GC="0.9199">
                                <Shape>
                                    <Polygon POINTS="453 2077 456 2132 456 2132 453 2077"/>
                                </Shape>
                            </Glyph>
                            <Glyph ID="char_749" CONTENT="s" HPOS="472" VPOS="2077" WIDTH="3" HEIGHT="52" GC="1.0">
                                <Shape>
                                    <Polygon POINTS="472 2077 475 2129 475 2129 472 2077"/>
                                </Shape>
                            </Glyph>
                        </String>
                        <SP ID="segment_272" HPOS="515"  VPOS="2071" WIDTH="9"  HEIGHT="43"/>
                        <String ID="segment_273" CONTENT="parente" HPOS="540" VPOS="2038" WIDTH="225" HEIGHT="85" WC="0.9984">
                            <Shape>
                                <Polygon POINTS="540 2068 542 2116 765 2104 761 2038"/>
                            </Shape>
                            <Glyph ID="char_751" CONTENT="p" HPOS="540" VPOS="2068" WIDTH="2" HEIGHT="48" GC="1.0">
                                <Shape>
                                    <Polygon POINTS="540 2068 542 2116 542 2116 540 2068"/>
                                </Shape>
                            </Glyph>
                            <Glyph ID="char_752" CONTENT="a" HPOS="589" VPOS="2062" WIDTH="3" HEIGHT="61" GC="1.0">
                                <Shape>
                                    <Polygon POINTS="589 2062 592 2123 592 2123 589 2062"/>
                                </Shape>
                            </Glyph>
                            <Glyph ID="char_753" CONTENT="r" HPOS="626" VPOS="2063" WIDTH="3" HEIGHT="52" GC="0.9998">
                                <Shape>
                                    <Polygon POINTS="626 2063 629 2115 629 2115 626 2063"/>
                                </Shape>
                            </Glyph>
                            <Glyph ID="char_754" CONTENT="e" HPOS="658" VPOS="2066" WIDTH="2" HEIGHT="48" GC="0.9947">
                                <Shape>
                                    <Polygon POINTS="658 2066 660 2114 660 2114 658 2066"/>
                                </Shape>
                            </Glyph>
                            <Glyph ID="char_755" CONTENT="n" HPOS="700" VPOS="2057" WIDTH="3" HEIGHT="63" GC="0.9947">
                                <Shape>
                                    <Polygon POINTS="700 2057 703 2120 703 2120 700 2057"/>
                                </Shape>
                            </Glyph>
                            <Glyph ID="char_756" CONTENT="t" HPOS="738" VPOS="2044" WIDTH="3" HEIGHT="61" GC="1.0">
                                <Shape>
                                    <Polygon POINTS="738 2044 741 2105 741 2105 738 2044"/>
                                </Shape>
                            </Glyph>
                            <Glyph ID="char_757" CONTENT="e" HPOS="761" VPOS="2038" WIDTH="4" HEIGHT="66" GC="1.0">
                                <Shape>
                                    <Polygon POINTS="761 2038 765 2104 765 2104 761 2038"/>
                                </Shape>
                            </Glyph>
                        </String>
                        <SP ID="segment_274" HPOS="854"  VPOS="2033" WIDTH="11"  HEIGHT="73"/>
                        <String ID="segment_275" CONTENT="de" HPOS="873" VPOS="2030" WIDTH="41" HEIGHT="79" WC="0.9999">
                            <Shape>
                                <Polygon POINTS="873 2030 877 2109 914 2102 910 2032"/>
                            </Shape>
                            <Glyph ID="char_759" CONTENT="d" HPOS="873" VPOS="2030" WIDTH="4" HEIGHT="79" GC="0.9998">
                                <Shape>
                                    <Polygon POINTS="873 2030 877 2109 877 2109 873 2030"/>
                                </Shape>
                            </Glyph>
                            <Glyph ID="char_760" CONTENT="e" HPOS="910" VPOS="2032" WIDTH="4" HEIGHT="70" GC="1.0">
                                <Shape>
                                    <Polygon POINTS="910 2032 914 2102 914 2102 910 2032"/>
                                </Shape>
                            </Glyph>
                        </String>
                        <SP ID="segment_276" HPOS="960"  VPOS="2017" WIDTH="4"  HEIGHT="79"/>
                        <String ID="segment_277" CONTENT="sa" HPOS="978" VPOS="2016" WIDTH="48" HEIGHT="79" WC="0.9997">
                            <Shape>
                                <Polygon POINTS="978 2017 982 2095 1026 2094 1022 2016"/>
                            </Shape>
                            <Glyph ID="char_762" CONTENT="s" HPOS="978" VPOS="2017" WIDTH="4" HEIGHT="78" GC="0.9999">
                                <Shape>
                                    <Polygon POINTS="978 2017 982 2095 982 2095 978 2017"/>
                                </Shape>
                            </Glyph>
                            <Glyph ID="char_763" CONTENT="a" HPOS="1022" VPOS="2016" WIDTH="4" HEIGHT="78" GC="0.9995">
                                <Shape>
                                    <Polygon POINTS="1022 2016 1026 2094 1026 2094 1022 2016"/>
                                </Shape>
                            </Glyph>
                        </String>
                        <SP ID="segment_278" HPOS="1065"  VPOS="2014" WIDTH="11"  HEIGHT="89"/>
                        <String ID="segment_279" CONTENT="Reconnoissonte,et" HPOS="1084" VPOS="2009" WIDTH="654" HEIGHT="97" WC="0.9841">
                            <Shape>
                                <Polygon POINTS="1084 2014 1088 2095 1738 2101 1738 2026"/>
                            </Shape>
                            <Glyph ID="char_765" CONTENT="R" HPOS="1084" VPOS="2014" WIDTH="4" HEIGHT="81" GC="0.9998">
                                <Shape>
                                    <Polygon POINTS="1084 2014 1088 2095 1088 2095 1084 2014"/>
                                </Shape>
                            </Glyph>
                            <Glyph ID="char_766" CONTENT="e" HPOS="1168" VPOS="2011" WIDTH="0" HEIGHT="79" GC="1.0">
                                <Shape>
                                    <Polygon POINTS="1168 2011 1168 2090 1168 2090 1168 2011"/>
                                </Shape>
                            </Glyph>
                            <Glyph ID="char_767" CONTENT="c" HPOS="1199" VPOS="2010" WIDTH="6" HEIGHT="79" GC="0.9988">
                                <Shape>
                                    <Polygon POINTS="1199 2011 1199 2089 1205 2089 1205 2010"/>
                                </Shape>
                            </Glyph>
                            <Glyph ID="char_768" CONTENT="o" HPOS="1236" VPOS="2009" WIDTH="0" HEIGHT="80" GC="0.9987">
                                <Shape>
                                    <Polygon POINTS="1236 2009 1236 2089 1236 2089 1236 2009"/>
                                </Shape>
                            </Glyph>
                            <Glyph ID="char_769" CONTENT="n" HPOS="1279" VPOS="2019" WIDTH="0" HEIGHT="71" GC="1.0">
                                <Shape>
                                    <Polygon POINTS="1279 2019 1279 2090 1279 2090 1279 2019"/>
                                </Shape>
                            </Glyph>
                            <Glyph ID="char_770" CONTENT="n" HPOS="1335" VPOS="2018" WIDTH="0" HEIGHT="79" GC="0.789">
                                <Shape>
                                    <Polygon POINTS="1335 2018 1335 2097 1335 2097 1335 2018"/>
                                </Shape>
                            </Glyph>
                            <Glyph ID="char_771" CONTENT="o" HPOS="1378" VPOS="2028" WIDTH="0" HEIGHT="61" GC="0.986">
                                <Shape>
                                    <Polygon POINTS="1378 2028 1378 2089 1378 2089 1378 2028"/>
                                </Shape>
                            </Glyph>
                            <Glyph ID="char_772" CONTENT="i" HPOS="1409" VPOS="2026" WIDTH="7" HEIGHT="70" GC="0.9984">
                                <Shape>
                                    <Polygon POINTS="1409 2027 1409 2094 1416 2096 1416 2026"/>
                                </Shape>
                            </Glyph>
                            <Glyph ID="char_773" CONTENT="s" HPOS="1440" VPOS="2023" WIDTH="0" HEIGHT="70" GC="0.9997">
                                <Shape>
                                    <Polygon POINTS="1440 2023 1440 2093 1440 2093 1440 2023"/>
                                </Shape>
                            </Glyph>
                            <Glyph ID="char_774" CONTENT="s" HPOS="1465" VPOS="2023" WIDTH="0" HEIGHT="64" GC="0.9998">
                                <Shape>
                                    <Polygon POINTS="1465 2023 1465 2087 1465 2087 1465 2023"/>
                                </Shape>
                            </Glyph>
                            <Glyph ID="char_775" CONTENT="o" HPOS="1496" VPOS="2026" WIDTH="0" HEIGHT="69" GC="1.0">
                                <Shape>
                                    <Polygon POINTS="1496 2026 1496 2095 1496 2095 1496 2026"/>
                                </Shape>
                            </Glyph>
                            <Glyph ID="char_776" CONTENT="n" HPOS="1540" VPOS="2020" WIDTH="0" HEIGHT="86" GC="0.9995">
                                <Shape>
                                    <Polygon POINTS="1540 2020 1540 2106 1540 2106 1540 2020"/>
                                </Shape>
                            </Glyph>
                            <Glyph ID="char_777" CONTENT="t" HPOS="1577" VPOS="2020" WIDTH="6" HEIGHT="85" GC="0.9993">
                                <Shape>
                                    <Polygon POINTS="1577 2022 1577 2105 1583 2105 1583 2020"/>
                                </Shape>
                            </Glyph>
                            <Glyph ID="char_778" CONTENT="e" HPOS="1614" VPOS="2011" WIDTH="0" HEIGHT="93" GC="0.9995">
                                <Shape>
                                    <Polygon POINTS="1614 2011 1614 2104 1614 2104 1614 2011"/>
                                </Shape>
                            </Glyph>
                            <Glyph ID="char_779" CONTENT="," HPOS="1670" VPOS="2018" WIDTH="0" HEIGHT="85" GC="0.9975">
                                <Shape>
                                    <Polygon POINTS="1670 2018 1670 2103 1670 2103 1670 2018"/>
                                </Shape>
                            </Glyph>
                            <Glyph ID="char_780" CONTENT="e" HPOS="1707" VPOS="2029" WIDTH="0" HEIGHT="73" GC="0.9993">
                                <Shape>
                                    <Polygon POINTS="1707 2029 1707 2102 1707 2102 1707 2029"/>
                                </Shape>
                            </Glyph>
                            <Glyph ID="char_781" CONTENT="t" HPOS="1738" VPOS="2026" WIDTH="0" HEIGHT="75" GC="0.9643">
                                <Shape>
                                    <Polygon POINTS="1738 2026 1738 2101 1738 2101 1738 2026"/>
                                </Shape>
                            </Glyph>
                        </String>
                        <SP ID="segment_280" HPOS="1781"  VPOS="2019" WIDTH="7"  HEIGHT="81"/>
                        <String ID="segment_281" CONTENT="des" HPOS="1800" VPOS="2012" WIDTH="68" HEIGHT="87" WC="0.974">
                            <Shape>
                                <Polygon POINTS="1800 2019 1800 2099 1868 2098 1868 2014"/>
                            </Shape>
                            <Glyph ID="char_783" CONTENT="d" HPOS="1800" VPOS="2019" WIDTH="0" HEIGHT="80" GC="0.9937">
                                <Shape>
                                    <Polygon POINTS="1800 2019 1800 2099 1800 2099 1800 2019"/>
                                </Shape>
                            </Glyph>
                            <Glyph ID="char_784" CONTENT="e" HPOS="1837" VPOS="2012" WIDTH="0" HEIGHT="86" GC="0.9536">
                                <Shape>
                                    <Polygon POINTS="1837 2012 1837 2098 1837 2098 1837 2012"/>
                                </Shape>
                            </Glyph>
                            <Glyph ID="char_785" CONTENT="s" HPOS="1868" VPOS="2014" WIDTH="0" HEIGHT="84" GC="0.9748">
                                <Shape>
                                    <Polygon POINTS="1868 2014 1868 2098 1868 2098 1868 2014"/>
                                </Shape>
                            </Glyph>
                        </String>
                    </TextLine>

                    <TextLine ID="b3c66fbe-af9a-49cc-a443-5db6806dec6f" HPOS="453.0" VPOS="2157.0" WIDTH="115.0" HEIGHT="26.0" BASELINE="453.0 2157.0 568.0 2157.0" TAGREFS="LINE_TYPE_1">
                        <Shape>
                            <Polygon POINTS="453.0 2183.0 522.0 2173.0 566.0 2183.0 568.0 2157.0 560.0 2157.0 545.0 2157.0 529.0 2157.0 514.0 2157.0 499.0 2157.0 484.0 2157.0 468.0 2157.0 453.0 2157.0 453.0 2183.0"/>
                        </Shape>
                        <String CONTENT=""/>
                    </TextLine>
</TextBlock>
                <TextBlock ID="textblock_2"  TAGREFS="REGION_TYPE_2">

                    <TextLine ID="23351f8f-3577-41e6-82b0-aab84265b043" HPOS="155.0" VPOS="2148.0" WIDTH="1258.0" HEIGHT="122.0" BASELINE="158.0 2257.0 398.0 2239.0 726.0 2225.0 1413.0 2207.0" TAGREFS="LINE_TYPE_1">
                        <Shape>
                            <Polygon POINTS="158.0 2257.0 158.0 2270.0 338.0 2265.0 430.0 2247.0 563.0 2257.0 564.0 2257.0 566.0 2257.0 592.0 2244.0 655.0 2254.0 656.0 2254.0 658.0 2254.0 702.0 2238.0 826.0 2241.0 827.0 2241.0 882.0 2233.0 923.0 2245.0 925.0 2245.0 926.0 2245.0 928.0 2245.0 929.0 2245.0 946.0 2235.0 1106.0 2235.0 1108.0 2235.0 1110.0 2235.0 1111.0 2235.0 1125.0 2222.0 1210.0 2221.0 1236.0 2230.0 1238.0 2230.0 1239.0 2230.0 1311.0 2218.0 1374.0 2230.0 1375.0 2230.0 1377.0 2230.0 1413.0 2219.0 1413.0 2207.0 1407.0 2148.0 1317.0 2151.0 1316.0 2151.0 1265.0 2178.0 1189.0 2181.0 1122.0 2177.0 1120.0 2177.0 1085.0 2184.0 1064.0 2175.0 1062.0 2175.0 1061.0 2175.0 981.0 2187.0 832.0 2166.0 830.0 2166.0 829.0 2166.0 775.0 2187.0 650.0 2172.0 648.0 2172.0 557.0 2175.0 555.0 2175.0 503.0 2201.0 455.0 2207.0 287.0 2212.0 248.0 2187.0 247.0 2187.0 245.0 2187.0 244.0 2187.0 242.0 2187.0 181.0 2207.0 155.0 2206.0 158.0 2257.0"/>
                        </Shape>
                        <String ID="segment_282" CONTENT="senlements" HPOS="183" VPOS="2175" WIDTH="389" HEIGHT="94" WC="0.9973">
                            <Shape>
                                <Polygon POINTS="183 2206 188 2269 572 2254 569 2175"/>
                            </Shape>
                            <Glyph ID="char_786" CONTENT="s" HPOS="183" VPOS="2206" WIDTH="5" HEIGHT="63" GC="1.0">
                                <Shape>
                                    <Polygon POINTS="183 2206 188 2269 188 2269 183 2206"/>
                                </Shape>
                            </Glyph>
                            <Glyph ID="char_787" CONTENT="e" HPOS="240" VPOS="2188" WIDTH="6" HEIGHT="80" GC="0.9999">
                                <Shape>
                                    <Polygon POINTS="240 2188 246 2268 246 2268 240 2188"/>
                                </Shape>
                            </Glyph>
                            <Glyph ID="char_788" CONTENT="n" HPOS="283" VPOS="2209" WIDTH="4" HEIGHT="57" GC="0.9932">
                                <Shape>
                                    <Polygon POINTS="283 2209 287 2266 287 2266 283 2209"/>
                                </Shape>
                            </Glyph>
                            <Glyph ID="char_789" CONTENT="l" HPOS="330" VPOS="2211" WIDTH="4" HEIGHT="54" GC="0.9817">
                                <Shape>
                                    <Polygon POINTS="330 2211 334 2265 334 2265 330 2211"/>
                                </Shape>
                            </Glyph>
                            <Glyph ID="char_790" CONTENT="e" HPOS="359" VPOS="2210" WIDTH="4" HEIGHT="50" GC="0.9999">
                                <Shape>
                                    <Polygon POINTS="359 2210 363 2260 363 2260 359 2210"/>
                                </Shape>
                            </Glyph>
                            <Glyph ID="char_791" CONTENT="m" HPOS="406" VPOS="2208" WIDTH="2" HEIGHT="43" GC="0.9993">
                                <Shape>
                                    <Polygon POINTS="406 2208 408 2251 408 2251 406 2208"/>
                                </Shape>
                            </Glyph>
                            <Glyph ID="char_792" CONTENT="e" HPOS="465" VPOS="2206" WIDTH="2" HEIGHT="44" GC="0.9998">
                                <Shape>
                                    <Polygon POINTS="465 2206 467 2250 467 2250 465 2206"/>
                                </Shape>
                            </Glyph>
                            <Glyph ID="char_793" CONTENT="n" HPOS="505" VPOS="2197" WIDTH="8" HEIGHT="56" GC="0.9993">
                                <Shape>
                                    <Polygon POINTS="505 2200 507 2253 513 2253 511 2197"/>
                                </Shape>
                            </Glyph>
                            <Glyph ID="char_794" CONTENT="t" HPOS="539" VPOS="2183" WIDTH="3" HEIGHT="72" GC="1.0">
                                <Shape>
                                    <Polygon POINTS="539 2183 542 2255 542 2255 539 2183"/>
                                </Shape>
                            </Glyph>
                            <Glyph ID="char_795" CONTENT="s" HPOS="563" VPOS="2175" WIDTH="9" HEIGHT="82" GC="1.0">
                                <Shape>
                                    <Polygon POINTS="563 2175 566 2257 572 2254 569 2175"/>
                                </Shape>
                            </Glyph>
                        </String>
                        <SP ID="segment_283" HPOS="603"  VPOS="2173" WIDTH="9"  HEIGHT="74"/>
                        <String ID="segment_284" CONTENT="avec" HPOS="627" VPOS="2173" WIDTH="124" HEIGHT="77" WC="0.9999">
                            <Shape>
                                <Polygon POINTS="627 2173 630 2250 751 2239 750 2184"/>
                            </Shape>
                            <Glyph ID="char_797" CONTENT="a" HPOS="627" VPOS="2173" WIDTH="3" HEIGHT="77" GC="1.0">
                                <Shape>
                                    <Polygon POINTS="627 2173 630 2250 630 2250 627 2173"/>
                                </Shape>
                            </Glyph>
                            <Glyph ID="char_798" CONTENT="v" HPOS="673" VPOS="2175" WIDTH="3" HEIGHT="72" GC="1.0">
                                <Shape>
                                    <Polygon POINTS="673 2175 676 2247 676 2247 673 2175"/>
                                </Shape>
                            </Glyph>
                            <Glyph ID="char_799" CONTENT="e" HPOS="714" VPOS="2180" WIDTH="3" HEIGHT="58" GC="1.0">
                                <Shape>
                                    <Polygon POINTS="714 2180 717 2238 717 2238 714 2180"/>
                                </Shape>
                            </Glyph>
                            <Glyph ID="char_800" CONTENT="c" HPOS="750" VPOS="2184" WIDTH="1" HEIGHT="55" GC="0.9997">
                                <Shape>
                                    <Polygon POINTS="750 2184 751 2239 751 2239 750 2184"/>
                                </Shape>
                            </Glyph>
                        </String>
                        <SP ID="segment_285" HPOS="791"  VPOS="2179" WIDTH="7"  HEIGHT="61"/>
                        <String ID="segment_286" CONTENT="les" HPOS="808" VPOS="2171" WIDTH="94" HEIGHT="70" WC="0.9932">
                            <Shape>
                                <Polygon POINTS="808 2174 809 2241 902 2239 901 2176"/>
                            </Shape>
                            <Glyph ID="char_802" CONTENT="l" HPOS="808" VPOS="2174" WIDTH="1" HEIGHT="67" GC="1.0">
                                <Shape>
                                    <Polygon POINTS="808 2174 809 2241 809 2241 808 2174"/>
                                </Shape>
                            </Glyph>
                            <Glyph ID="char_803" CONTENT="e" HPOS="867" VPOS="2171" WIDTH="1" HEIGHT="64" GC="1.0">
                                <Shape>
                                    <Polygon POINTS="867 2171 868 2235 868 2235 867 2171"/>
                                </Shape>
                            </Glyph>
                            <Glyph ID="char_804" CONTENT="s" HPOS="901" VPOS="2176" WIDTH="1" HEIGHT="63" GC="0.9796">
                                <Shape>
                                    <Polygon POINTS="901 2176 902 2239 902 2239 901 2176"/>
                                </Shape>
                            </Glyph>
                        </String>
                        <SP ID="segment_287" HPOS="936"  VPOS="2181" WIDTH="7"  HEIGHT="59"/>
                        <String ID="segment_288" CONTENT="quois" HPOS="960" VPOS="2176" WIDTH="158" HEIGHT="59" WC="0.9894">
                            <Shape>
                                <Polygon POINTS="960 2184 961 2235 1118 2228 1117 2178"/>
                            </Shape>
                            <Glyph ID="char_806" CONTENT="q" HPOS="960" VPOS="2184" WIDTH="1" HEIGHT="51" GC="0.9998">
                                <Shape>
                                    <Polygon POINTS="960 2184 961 2235 961 2235 960 2184"/>
                                </Shape>
                            </Glyph>
                            <Glyph ID="char_807" CONTENT="u" HPOS="1012" VPOS="2182" WIDTH="1" HEIGHT="53" GC="0.9998">
                                <Shape>
                                    <Polygon POINTS="1012 2182 1013 2235 1013 2235 1012 2182"/>
                                </Shape>
                            </Glyph>
                            <Glyph ID="char_808" CONTENT="o" HPOS="1053" VPOS="2176" WIDTH="1" HEIGHT="59" GC="1.0">
                                <Shape>
                                    <Polygon POINTS="1053 2176 1054 2235 1054 2235 1053 2176"/>
                                </Shape>
                            </Glyph>
                            <Glyph ID="char_809" CONTENT="i" HPOS="1082" VPOS="2183" WIDTH="1" HEIGHT="52" GC="0.9999">
                                <Shape>
                                    <Polygon POINTS="1082 2183 1083 2235 1083 2235 1082 2183"/>
                                </Shape>
                            </Glyph>
                            <Glyph ID="char_810" CONTENT="s" HPOS="1117" VPOS="2178" WIDTH="1" HEIGHT="50" GC="0.9475">
                                <Shape>
                                    <Polygon POINTS="1117 2178 1118 2228 1118 2228 1117 2178"/>
                                </Shape>
                            </Glyph>
                        </String>
                        <SP ID="segment_289" HPOS="1169"  VPOS="2180" WIDTH="13"  HEIGHT="41"/>
                        <String ID="segment_290" CONTENT="par" HPOS="1193" VPOS="2173" WIDTH="82" HEIGHT="56" WC="0.9881">
                            <Shape>
                                <Polygon POINTS="1193 2181 1194 2221 1275 2224 1274 2173"/>
                            </Shape>
                            <Glyph ID="char_812" CONTENT="p" HPOS="1193" VPOS="2181" WIDTH="1" HEIGHT="40" GC="0.9844">
                                <Shape>
                                    <Polygon POINTS="1193 2181 1194 2221 1194 2221 1193 2181"/>
                                </Shape>
                            </Glyph>
                            <Glyph ID="char_813" CONTENT="a" HPOS="1233" VPOS="2179" WIDTH="1" HEIGHT="50" GC="0.9985">
                                <Shape>
                                    <Polygon POINTS="1233 2179 1234 2229 1234 2229 1233 2179"/>
                                </Shape>
                            </Glyph>
                            <Glyph ID="char_814" CONTENT="r" HPOS="1274" VPOS="2173" WIDTH="1" HEIGHT="51" GC="0.9813">
                                <Shape>
                                    <Polygon POINTS="1274 2173 1275 2224 1275 2224 1274 2173"/>
                                </Shape>
                            </Glyph>
                        </String>
                        <SP ID="segment_291" HPOS="1326"  VPOS="2151" WIDTH="7"  HEIGHT="71"/>
                        <String ID="segment_292" CONTENT="le" HPOS="1355" VPOS="2148" WIDTH="48" HEIGHT="79" WC="0.9804">
                            <Shape>
                                <Polygon POINTS="1355 2150 1357 2227 1403 2222 1401 2148"/>
                            </Shape>
                            <Glyph ID="char_816" CONTENT="l" HPOS="1355" VPOS="2150" WIDTH="2" HEIGHT="77" GC="0.9633">
                                <Shape>
                                    <Polygon POINTS="1355 2150 1357 2227 1357 2227 1355 2150"/>
                                </Shape>
                            </Glyph>
                            <Glyph ID="char_817" CONTENT="e" HPOS="1401" VPOS="2148" WIDTH="2" HEIGHT="74" GC="0.9976">
                                <Shape>
                                    <Polygon POINTS="1401 2148 1403 2222 1403 2222 1401 2148"/>
                                </Shape>
                            </Glyph>
                        </String>
                    </TextLine>

                    <TextLine ID="ab0a57c5-3ae9-4576-996b-8997707eff5d" HPOS="833.0" VPOS="2270.0" WIDTH="186.0" HEIGHT="58.0" BASELINE="833.0 2305.0 1019.0 2305.0" TAGREFS="LINE_TYPE_1">
                        <Shape>
                            <Polygon POINTS="833.0 2305.0 833.0 2328.0 1019.0 2314.0 1019.0 2305.0 1019.0 2283.0 928.0 2283.0 911.0 2270.0 910.0 2270.0 908.0 2270.0 906.0 2270.0 833.0 2276.0 833.0 2305.0"/>
                        </Shape>
                        <String ID="segment_293" CONTENT="1." HPOS="857" VPOS="2274" WIDTH="115" HEIGHT="52" WC="0.9835">
                            <Shape>
                                <Polygon POINTS="857 2274 857 2326 972 2318 972 2283"/>
                            </Shape>
                            <Glyph ID="char_818" CONTENT="1" HPOS="857" VPOS="2274" WIDTH="0" HEIGHT="52" GC="0.9829">
                                <Shape>
                                    <Polygon POINTS="857 2274 857 2326 857 2326 857 2274"/>
                                </Shape>
                            </Glyph>
                            <Glyph ID="char_819" CONTENT="." HPOS="972" VPOS="2283" WIDTH="0" HEIGHT="35" GC="0.984">
                                <Shape>
                                    <Polygon POINTS="972 2283 972 2318 972 2318 972 2283"/>
                                </Shape>
                            </Glyph>
                        </String>
                    </TextLine>

                    <TextLine ID="9ea7eac9-ca6e-4f5c-aa26-c68ae407d2f5" HPOS="496.0" VPOS="2303.0" WIDTH="640.0" HEIGHT="75.0" BASELINE="497.0 2358.0 955.0 2351.0 1136.0 2337.0" TAGREFS="LINE_TYPE_1">
                        <Shape>
                            <Polygon POINTS="1015.0 2306.0 1007.0 2306.0 984.0 2322.0 874.0 2322.0 836.0 2305.0 832.0 2305.0 783.0 2312.0 742.0 2306.0 740.0 2306.0 711.0 2308.0 710.0 2308.0 708.0 2308.0 708.0 2309.0 690.0 2328.0 641.0 2328.0 626.0 2312.0 626.0 2311.0 624.0 2311.0 622.0 2311.0 566.0 2311.0 564.0 2311.0 563.0 2311.0 496.0 2331.0 497.0 2358.0 497.0 2370.0 590.0 2378.0 592.0 2378.0 659.0 2367.0 800.0 2373.0 801.0 2373.0 803.0 2373.0 804.0 2373.0 816.0 2363.0 877.0 2361.0 916.0 2361.0 925.0 2369.0 925.0 2370.0 926.0 2370.0 928.0 2370.0 929.0 2370.0 1023.0 2367.0 1024.0 2367.0 1026.0 2367.0 1041.0 2358.0 1132.0 2364.0 1136.0 2337.0 1134.0 2312.0 1114.0 2303.0 1113.0 2303.0 1111.0 2303.0 1110.0 2303.0 1108.0 2303.0 1091.0 2319.0 1042.0 2319.0 1018.0 2305.0 1016.0 2305.0 1015.0 2305.0 1015.0 2306.0"/>
                        </Shape>
                        <String ID="segment_294" CONTENT="Piece" HPOS="554" VPOS="2311" WIDTH="121" HEIGHT="67" WC="0.9929">
                            <Shape>
                                <Polygon POINTS="554 2314 555 2375 675 2368 675 2328"/>
                            </Shape>
                            <Glyph ID="char_820" CONTENT="P" HPOS="554" VPOS="2314" WIDTH="1" HEIGHT="61" GC="1.0">
                                <Shape>
                                    <Polygon POINTS="554 2314 555 2375 555 2375 554 2314"/>
                                </Shape>
                            </Glyph>
                            <Glyph ID="char_821" CONTENT="i" HPOS="592" VPOS="2311" WIDTH="6" HEIGHT="67" GC="1.0">
                                <Shape>
                                    <Polygon POINTS="592 2311 593 2378 598 2377 597 2311"/>
                                </Shape>
                            </Glyph>
                            <Glyph ID="char_822" CONTENT="e" HPOS="617" VPOS="2311" WIDTH="5" HEIGHT="63" GC="0.9974">
                                <Shape>
                                    <Polygon POINTS="617 2311 618 2374 622 2373 621 2311"/>
                                </Shape>
                            </Glyph>
                            <Glyph ID="char_823" CONTENT="c" HPOS="646" VPOS="2328" WIDTH="0" HEIGHT="41" GC="0.9925">
                                <Shape>
                                    <Polygon POINTS="646 2328 646 2369 646 2369 646 2328"/>
                                </Shape>
                            </Glyph>
                            <Glyph ID="char_824" CONTENT="e" HPOS="675" VPOS="2328" WIDTH="0" HEIGHT="40" GC="0.9745">
                                <Shape>
                                    <Polygon POINTS="675 2328 675 2368 675 2368 675 2328"/>
                                </Shape>
                            </Glyph>
                        </String>
                        <SP ID="segment_295" HPOS="708"  VPOS="2308" WIDTH="6"  HEIGHT="61"/>
                        <String ID="segment_296" CONTENT="cottee" HPOS="723" VPOS="2305" WIDTH="135" HEIGHT="67" WC="0.9883">
                            <Shape>
                                <Polygon POINTS="723 2307 724 2370 858 2362 857 2315"/>
                            </Shape>
                            <Glyph ID="char_826" CONTENT="c" HPOS="723" VPOS="2307" WIDTH="1" HEIGHT="63" GC="1.0">
                                <Shape>
                                    <Polygon POINTS="723 2307 724 2370 724 2370 723 2307"/>
                                </Shape>
                            </Glyph>
                            <Glyph ID="char_827" CONTENT="o" HPOS="756" VPOS="2308" WIDTH="1" HEIGHT="63" GC="1.0">
                                <Shape>
                                    <Polygon POINTS="756 2308 757 2371 757 2371 756 2308"/>
                                </Shape>
                            </Glyph>
                            <Glyph ID="char_828" CONTENT="t" HPOS="785" VPOS="2312" WIDTH="1" HEIGHT="60" GC="0.9999">
                                <Shape>
                                    <Polygon POINTS="785 2312 786 2372 786 2372 785 2312"/>
                                </Shape>
                            </Glyph>
                            <Glyph ID="char_829" CONTENT="t" HPOS="809" VPOS="2308" WIDTH="1" HEIGHT="60" GC="0.9999">
                                <Shape>
                                    <Polygon POINTS="809 2308 810 2368 810 2368 809 2308"/>
                                </Shape>
                            </Glyph>
                            <Glyph ID="char_830" CONTENT="e" HPOS="829" VPOS="2305" WIDTH="1" HEIGHT="58" GC="0.9935">
                                <Shape>
                                    <Polygon POINTS="829 2305 830 2363 830 2363 829 2305"/>
                                </Shape>
                            </Glyph>
                            <Glyph ID="char_831" CONTENT="" HPOS="838" VPOS="2306" WIDTH="1" HEIGHT="56" GC="0.9673">
                                <Shape>
                                    <Polygon POINTS="838 2306 839 2362 839 2362 838 2306"/>
                                </Shape>
                            </Glyph>
                            <Glyph ID="char_832" CONTENT="e" HPOS="857" VPOS="2315" WIDTH="1" HEIGHT="47" GC="0.9579">
                                <Shape>
                                    <Polygon POINTS="857 2315 858 2362 858 2362 857 2315"/>
                                </Shape>
                            </Glyph>
                        </String>
                        <SP ID="segment_297" HPOS="940"  VPOS="2322" WIDTH="5"  HEIGHT="48"/>
                        <String ID="segment_298" CONTENT="M." HPOS="955" VPOS="2310" WIDTH="181" HEIGHT="59" WC="0.9994">
                            <Shape>
                                <Polygon POINTS="955 2322 955 2369 1136 2337 1136 2337"/>
                            </Shape>
                            <Glyph ID="char_834" CONTENT="M" HPOS="955" VPOS="2322" WIDTH="0" HEIGHT="47" GC="1.0">
                                <Shape>
                                    <Polygon POINTS="955 2322 955 2369 955 2369 955 2322"/>
                                </Shape>
                            </Glyph>
                            <Glyph ID="char_835" CONTENT="." HPOS="1130" VPOS="2310" WIDTH="6" HEIGHT="43" GC="0.9987">
                                <Shape>
                                    <Polygon POINTS="1130 2310 1134 2353 1136 2337 1136 2337"/>
                                </Shape>
                            </Glyph>
                        </String>
                    </TextLine>

                    <TextLine ID="269dba93-b562-496e-9206-c6a496b2bb15" HPOS="613.0" VPOS="2367.0" WIDTH="159.0" HEIGHT="110.0" BASELINE="616.0 2465.0 772.0 2462.0" TAGREFS="LINE_TYPE_1">
                        <Shape>
                            <Polygon POINTS="616.0 2465.0 616.0 2477.0 772.0 2473.0 772.0 2462.0 769.0 2386.0 742.0 2386.0 714.0 2367.0 713.0 2367.0 711.0 2367.0 710.0 2367.0 613.0 2375.0 616.0 2465.0"/>
                        </Shape>
                        <String ID="segment_299" CONTENT="B" HPOS="637" VPOS="2373" WIDTH="2" HEIGHT="103" WC="0.9999">
                            <Shape>
                                <Polygon POINTS="637 2373 639 2476 639 2476 637 2373"/>
                            </Shape>
                            <Glyph ID="char_836" CONTENT="B" HPOS="637" VPOS="2373" WIDTH="2" HEIGHT="103" GC="0.9999">
                                <Shape>
                                    <Polygon POINTS="637 2373 639 2476 639 2476 637 2373"/>
                                </Shape>
                            </Glyph>
                        </String>
                    </TextLine>

                    <TextLine ID="f5aba811-7b0d-4e30-a5e3-c5ada53c1448" HPOS="1058.0" VPOS="2412.0" WIDTH="32.0" HEIGHT="55.0" BASELINE="1061.0 2445.0 1090.0 2444.0" TAGREFS="LINE_TYPE_1">
                        <Shape>
                            <Polygon POINTS="1061.0 2445.0 1061.0 2462.0 1088.0 2467.0 1090.0 2444.0 1087.0 2415.0 1058.0 2412.0 1061.0 2445.0"/>
                        </Shape>
                        <String ID="segment_300" CONTENT="1" HPOS="1061" VPOS="2445" WIDTH="0" HEIGHT="0" WC="0.9448">
                            <Shape>
                                <Polygon POINTS="1061 2445 1061 2445 1061 2445 1061 2445"/>
                            </Shape>
                            <Glyph ID="char_837" CONTENT="1" HPOS="1061" VPOS="2445" WIDTH="0" HEIGHT="0" GC="0.9448">
                                <Shape>
                                    <Polygon POINTS="1061 2445 1061 2445 1061 2445 1061 2445"/>
                                </Shape>
                            </Glyph>
                        </String>
                    </TextLine>
</TextBlock>
                <TextBlock ID="91a7cd4b-a36f-45c3-ac7d-058ed6d50671" HPOS="1177.0" VPOS="2278.0" WIDTH="301.0" HEIGHT="193.0" TAGREFS="REGION_TYPE_3">
<Shape>
                        <Polygon POINTS="1177.0 2278.0 1478.0 2278.0 1478.0 2471.0 1177.0 2471.0 1177.0 2278.0"/>
                    </Shape>
                    <TextLine ID="a2898c89-f56c-4c56-a8dd-a6bf608ec0d0" HPOS="1233.0" VPOS="2283.0" WIDTH="109.0" HEIGHT="74.0" BASELINE="1233.0 2334.0 1342.0 2334.0" TAGREFS="LINE_TYPE_1">
                        <Shape>
                            <Polygon POINTS="1233.0 2334.0 1233.0 2357.0 1342.0 2348.0 1342.0 2334.0 1342.0 2283.0 1233.0 2283.0 1233.0 2334.0"/>
                        </Shape>
                        <String ID="segment_301" CONTENT="EE" HPOS="1303" VPOS="2283" WIDTH="25" HEIGHT="68" WC="0.8427">
                            <Shape>
                                <Polygon POINTS="1303 2283 1303 2351 1328 2349 1328 2283"/>
                            </Shape>
                            <Glyph ID="char_838" CONTENT="E" HPOS="1303" VPOS="2283" WIDTH="0" HEIGHT="68" GC="0.8024">
                                <Shape>
                                    <Polygon POINTS="1303 2283 1303 2351 1303 2351 1303 2283"/>
                                </Shape>
                            </Glyph>
                            <Glyph ID="char_839" CONTENT="E" HPOS="1328" VPOS="2283" WIDTH="0" HEIGHT="66" GC="0.8831">
                                <Shape>
                                    <Polygon POINTS="1328 2283 1328 2349 1328 2349 1328 2283"/>
                                </Shape>
                            </Glyph>
                        </String>
                    </TextLine>

                    <TextLine ID="9df1dd72-fc74-49f5-9b3c-b7916e00e502" HPOS="1206.0" VPOS="2335.0" WIDTH="244.0" HEIGHT="78.0" BASELINE="1206.0 2372.0 1450.0 2387.0" TAGREFS="LINE_TYPE_1">
                        <Shape>
                            <Polygon POINTS="1206.0 2372.0 1206.0 2392.0 1229.0 2386.0 1279.0 2399.0 1281.0 2399.0 1282.0 2399.0 1284.0 2399.0 1285.0 2399.0 1296.0 2390.0 1325.0 2390.0 1381.0 2410.0 1383.0 2410.0 1445.0 2413.0 1450.0 2387.0 1449.0 2358.0 1369.0 2358.0 1310.0 2340.0 1308.0 2340.0 1307.0 2340.0 1238.0 2348.0 1207.0 2335.0 1206.0 2372.0"/>
                        </Shape>
                        <String ID="segment_302" CONTENT="pnecrion" HPOS="1214" VPOS="2339" WIDTH="104" HEIGHT="60" WC="0.964">
                            <Shape>
                                <Polygon POINTS="1217 2339 1214 2390 1315 2390 1318 2342"/>
                            </Shape>
                            <Glyph ID="char_840" CONTENT="p" HPOS="1214" VPOS="2339" WIDTH="3" HEIGHT="51" GC="0.9995">
                                <Shape>
                                    <Polygon POINTS="1217 2339 1214 2390 1214 2390 1217 2339"/>
                                </Shape>
                            </Glyph>
                            <Glyph ID="char_841" CONTENT="n" HPOS="1237" VPOS="2348" WIDTH="3" HEIGHT="40" GC="0.9967">
                                <Shape>
                                    <Polygon POINTS="1240 2348 1237 2388 1237 2388 1240 2348"/>
                                </Shape>
                            </Glyph>
                            <Glyph ID="char_842" CONTENT="e" HPOS="1251" VPOS="2346" WIDTH="3" HEIGHT="46" GC="0.9976">
                                <Shape>
                                    <Polygon POINTS="1254 2346 1251 2392 1251 2392 1254 2346"/>
                                </Shape>
                            </Glyph>
                            <Glyph ID="char_843" CONTENT="c" HPOS="1264" VPOS="2345" WIDTH="3" HEIGHT="50" GC="0.9872">
                                <Shape>
                                    <Polygon POINTS="1267 2345 1264 2395 1264 2395 1267 2345"/>
                                </Shape>
                            </Glyph>
                            <Glyph ID="char_844" CONTENT="r" HPOS="1278" VPOS="2343" WIDTH="3" HEIGHT="56" GC="0.9995">
                                <Shape>
                                    <Polygon POINTS="1281 2343 1278 2399 1278 2399 1281 2343"/>
                                </Shape>
                            </Glyph>
                            <Glyph ID="char_845" CONTENT="i" HPOS="1292" VPOS="2341" WIDTH="3" HEIGHT="52" GC="0.7671">
                                <Shape>
                                    <Polygon POINTS="1295 2341 1292 2393 1292 2393 1295 2341"/>
                                </Shape>
                            </Glyph>
                            <Glyph ID="char_846" CONTENT="o" HPOS="1301" VPOS="2340" WIDTH="3" HEIGHT="50" GC="0.977">
                                <Shape>
                                    <Polygon POINTS="1304 2340 1301 2390 1301 2390 1304 2340"/>
                                </Shape>
                            </Glyph>
                            <Glyph ID="char_847" CONTENT="n" HPOS="1315" VPOS="2342" WIDTH="3" HEIGHT="48" GC="0.9876">
                                <Shape>
                                    <Polygon POINTS="1318 2342 1315 2390 1315 2390 1318 2342"/>
                                </Shape>
                            </Glyph>
                        </String>
                        <SP ID="segment_303" HPOS="1333"  VPOS="2348" WIDTH="3"  HEIGHT="45"/>
                        <String ID="segment_304" CONTENT="menten" HPOS="1338" VPOS="2349" WIDTH="79" HEIGHT="62" WC="0.8595">
                            <Shape>
                                <Polygon POINTS="1341 2349 1338 2395 1414 2411 1417 2358"/>
                            </Shape>
                            <Glyph ID="char_849" CONTENT="m" HPOS="1338" VPOS="2349" WIDTH="3" HEIGHT="46" GC="0.9659">
                                <Shape>
                                    <Polygon POINTS="1341 2349 1338 2395 1338 2395 1341 2349"/>
                                </Shape>
                            </Glyph>
                            <Glyph ID="char_850" CONTENT="e" HPOS="1351" VPOS="2353" WIDTH="7" HEIGHT="48" GC="0.7958">
                                <Shape>
                                    <Polygon POINTS="1353 2353 1351 2399 1356 2401 1358 2355"/>
                                </Shape>
                            </Glyph>
                            <Glyph ID="char_851" CONTENT="n" HPOS="1369" VPOS="2358" WIDTH="3" HEIGHT="48" GC="0.8217">
                                <Shape>
                                    <Polygon POINTS="1372 2358 1369 2406 1369 2406 1372 2358"/>
                                </Shape>
                            </Glyph>
                            <Glyph ID="char_852" CONTENT="t" HPOS="1382" VPOS="2358" WIDTH="3" HEIGHT="52" GC="0.8648">
                                <Shape>
                                    <Polygon POINTS="1385 2358 1382 2410 1382 2410 1385 2358"/>
                                </Shape>
                            </Glyph>
                            <Glyph ID="char_853" CONTENT="e" HPOS="1396" VPOS="2358" WIDTH="3" HEIGHT="53" GC="0.7541">
                                <Shape>
                                    <Polygon POINTS="1399 2358 1396 2411 1396 2411 1399 2358"/>
                                </Shape>
                            </Glyph>
                            <Glyph ID="char_854" CONTENT="n" HPOS="1414" VPOS="2358" WIDTH="3" HEIGHT="53" GC="0.9548">
                                <Shape>
                                    <Polygon POINTS="1417 2358 1414 2411 1414 2411 1417 2358"/>
                                </Shape>
                            </Glyph>
                        </String>
                    </TextLine>

                    <TextLine ID="92ed7488-23b9-4660-93c9-6bf4442f5b86" HPOS="1302.0" VPOS="2380.0" WIDTH="15.0" HEIGHT="38.0" BASELINE="1302.0 2402.0 1317.0 2402.0" TAGREFS="LINE_TYPE_1">
                        <Shape>
                            <Polygon POINTS="1302.0 2402.0 1302.0 2416.0 1316.0 2418.0 1317.0 2402.0 1317.0 2381.0 1302.0 2380.0 1302.0 2402.0"/>
                        </Shape>
                        <String ID="segment_305" CONTENT="D" HPOS="1302" VPOS="2402" WIDTH="0" HEIGHT="0" WC="0.9976">
                            <Shape>
                                <Polygon POINTS="1302 2402 1302 2402 1302 2402 1302 2402"/>
                            </Shape>
                            <Glyph ID="char_855" CONTENT="D" HPOS="1302" VPOS="2402" WIDTH="0" HEIGHT="0" GC="0.9976">
                                <Shape>
                                    <Polygon POINTS="1302 2402 1302 2402 1302 2402 1302 2402"/>
                                </Shape>
                            </Glyph>
                        </String>
                    </TextLine>

                    <TextLine ID="114bc811-4af8-43fb-addc-39a51a4d65cf" HPOS="1258.0" VPOS="2395.0" WIDTH="192.0" HEIGHT="79.0" BASELINE="1261.0 2428.0 1450.0 2438.0" TAGREFS="LINE_TYPE_1">
                        <Shape>
                            <Polygon POINTS="1307.0 2404.0 1303.0 2398.0 1261.0 2395.0 1261.0 2428.0 1258.0 2460.0 1445.0 2474.0 1450.0 2438.0 1450.0 2412.0 1310.0 2398.0 1307.0 2404.0"/>
                        </Shape>
                        <String ID="segment_306" CONTENT="MCRIrES" HPOS="1264" VPOS="2395" WIDTH="115" HEIGHT="74" WC="0.9296">
                            <Shape>
                                <Polygon POINTS="1268 2395 1264 2460 1376 2469 1379 2405"/>
                            </Shape>
                            <Glyph ID="char_856" CONTENT="M" HPOS="1264" VPOS="2395" WIDTH="4" HEIGHT="65" GC="0.999">
                                <Shape>
                                    <Polygon POINTS="1268 2395 1264 2460 1264 2460 1268 2395"/>
                                </Shape>
                            </Glyph>
                            <Glyph ID="char_857" CONTENT="C" HPOS="1296" VPOS="2398" WIDTH="4" HEIGHT="65" GC="0.9822">
                                <Shape>
                                    <Polygon POINTS="1300 2398 1296 2463 1296 2463 1300 2398"/>
                                </Shape>
                            </Glyph>
                            <Glyph ID="char_858" CONTENT="R" HPOS="1311" VPOS="2398" WIDTH="4" HEIGHT="66" GC="0.6827">
                                <Shape>
                                    <Polygon POINTS="1315 2398 1311 2464 1311 2464 1315 2398"/>
                                </Shape>
                            </Glyph>
                            <Glyph ID="char_859" CONTENT="I" HPOS="1329" VPOS="2400" WIDTH="4" HEIGHT="65" GC="0.9984">
                                <Shape>
                                    <Polygon POINTS="1333 2400 1329 2465 1329 2465 1333 2400"/>
                                </Shape>
                            </Glyph>
                            <Glyph ID="char_860" CONTENT="r" HPOS="1343" VPOS="2402" WIDTH="4" HEIGHT="64" GC="0.9847">
                                <Shape>
                                    <Polygon POINTS="1347 2402 1343 2466 1343 2466 1347 2402"/>
                                </Shape>
                            </Glyph>
                            <Glyph ID="char_861" CONTENT="E" HPOS="1357" VPOS="2403" WIDTH="3" HEIGHT="64" GC="0.9213">
                                <Shape>
                                    <Polygon POINTS="1360 2403 1357 2467 1357 2467 1360 2403"/>
                                </Shape>
                            </Glyph>
                            <Glyph ID="char_862" CONTENT="S" HPOS="1376" VPOS="2405" WIDTH="3" HEIGHT="64" GC="0.9388">
                                <Shape>
                                    <Polygon POINTS="1379 2405 1376 2469 1376 2469 1379 2405"/>
                                </Shape>
                            </Glyph>
                        </String>
                    </TextLine>
</TextBlock>
                <TextBlock ID="textblock_8"  TAGREFS="REGION_TYPE_2">

                    <TextLine ID="31cd8a69-04f7-44a0-bdb3-b58cbfec995b" HPOS="1798.0" VPOS="2302.0" WIDTH="15.0" HEIGHT="82.0" BASELINE="1798.0 2348.0 1813.0 2348.0" TAGREFS="LINE_TYPE_1">
                        <Shape>
                            <Polygon POINTS="1798.0 2348.0 1798.0 2381.0 1812.0 2384.0 1813.0 2348.0 1810.0 2302.0 1798.0 2305.0 1798.0 2348.0"/>
                        </Shape>
                        <String CONTENT=""/>
                    </TextLine>
</TextBlock>
            </PrintSpace>
        </Page>
    </Layout>
</alto>