3982 2753
436 266 220 82 aujourdhuy
705 289 12 37 à
761 264 68 60 M^r
873 263 113 67 Druis
1019 267 85 67 pour
1149 269 61 71 que
1255 274 73 64 mon
1373 271 51 65 vin
1480 262 28 59 de
1552 260 292 81 champagne

410 359 28 70 et
492 359 62 60 mes
601 356 103 63 autres
737 343 104 89 effets
874 338 233 96 embarqués
1168 338 48 86 sur
1263 336 49 98 les
1352 336 138 96 quatre
1536 336 213 98 fregattes,
1775 338 83 96 soine

413 420 189 70 débargués
640 424 12 56 à
712 418 161 65 morlain,
894 426 23 48 et
961 420 62 54 dus
1067 435 33 47 on
1144 428 39 52 me
1215 421 58 65 les
1304 423 184 75 envoyra
1536 442 12 40 à
1586 422 250 75 Landerneau

409 507 29 51 en
479 490 168 67 charette
694 491 23 75 et
758 497 35 75 je
839 492 47 67 tes
915 494 164 75 envoires
1112 496 153 75 prendre
1310 497 31 63 la
1391 501 72 64 par
1537 496 53 74 ma
1648 500 181 76 chaloupe

407 578 85 55 pour
538 570 119 56 éviter
697 563 39 72 les
782 563 119 80 frais,
935 572 51 67 car
1026 565 17 59 il
1087 566 42 80 n'y
1184 576 2 51 a
1229 578 59 55 que
1332 570 75 68 dien
1474 583 58 48 pai
1581 575 99 73 sache
1735 592 115 63 quand

405 645 50 63 ces
489 630 180 81 fregattes
713 635 158 73 pouront
910 639 109 66 venoi
1060 640 88 60 icy,
1173 643 25 58 il
1234 651 92 62 vaut
1369 653 126 76 mieux
1560 659 103 67 qu'il
1700 657 92 73 n'eu

404 698 76 78 coute
520 712 163 68 quelque
718 701 98 80 chose
875 721 52 59 que
967 705 29 79 de
1031 705 140 79 risquer
1204 710 27 65 de
1268 709 131 83 perdre
1448 712 32 80 le
1529 737 78 54 tout

405 783 48 71 Les
501 781 127 79 Dames
670 782 72 85 dicy
795 783 20 85 se
855 784 207 79 souvienent
1102 791 32 62 de
1168 808 98 46 vous
1300 806 26 53 et
1367 811 98 70 vous
1505 809 73 73 fout
1614 804 42 82 des
1680 809 223 78 compliments

422 871 23 60 je
484 873 80 66 vous
598 867 74 72 prie
729 879 34 47 ma
814 868 91 69 chere
962 873 57 62 M.
1057 870 31 64 de
1132 871 81 57 dire
1262 873 82 63 bien
1398 874 49 69 des
1494 878 121 69 choses
1677 890 12 60 à
1722 888 30 65 la
1785 885 98 72 chere

417 929 105 87 sœur,
561 939 13 79 à
626 948 53 75 més
712 933 137 93 parent
894 936 28 81 et
960 932 87 92 amis
1091 936 48 83 des
1183 939 74 83 deux
1307 966 99 47 foaes
1491 949 34 68 je
1576 948 100 100 desire
1719 955 75 95 fort
1825 973 54 71 que

407 1015 27 81 la
468 1018 81 81 paix
608 1019 26 83 se
681 1020 93 91 fasse
821 1023 81 90 pour
960 1040 33 55 me
1040 1033 129 81 résenir
1234 1057 14 45 à
1289 1053 88 63 vous
1408 1059 29 68 et
1477 1064 31 67 ne
1538 1058 85 77 vous
1666 1057 146 80 jamais

408 1096 171 84 quitter,
634 1105 19 77 je
691 1114 81 47 vous
810 1110 184 66 embrasse
1025 1114 32 60 et
1105 1121 90 60 aime
1232 1137 88 67 plus
1359 1151 63 56 que
1461 1137 76 71 moy
1590 1160 133 50 même.
1783 1164 59 55 mes

409 1166 255 88 compliments
706 1174 34 67 au
795 1174 73 66 Ch^r
908 1181 29 61 de
984 1186 168 73 Vienne,
1174 1200 123 85 Adien
1370 1215 72 83 M.
1496 1228 143 76 femme
1680 1217 41 95 du
1775 1222 35 90 G.
1826 1222 3 90 L

404 1247 22 58 et
473 1242 27 64 de
546 1241 44 75 N.
610 1249 2 67 N
679 1247 23 71 et
747 1248 66 67 M.
848 1253 39 69 du
933 1254 39 61 C^t
