2118 2768
226 331 2 77 3

859 260 21 62 à
944 241 165 84 Brest
1175 259 33 72 ce
1286 265 46 71 14
1411 245 92 94 may
1555 255 138 82 1756

447 647 45 54 ma
555 615 135 92 santé
759 617 116 86 Chere
937 648 2 58 M

203 695 16 64 re
297 690 30 71 les
366 688 119 67 susadiee
529 690 104 65 Mrpe
696 684 135 55 saseu

1066 341 38 77 1^e
1152 338 113 91 Piece
1320 356 130 69 cottée
1524 338 1 77 O

1396 413 52 75 Led

1382 496 0 68 C

1139 578 1 79 D

1045 661 41 63 va
1155 647 188 86 demieux
1404 657 38 77 en
1509 662 125 77 mieux
1694 685 21 66 à
1758 673 28 85 la
1822 691 193 76 prrmenade

419 737 83 68 pres
570 744 29 46 le
646 739 105 64 tems
791 743 29 68 ne
873 755 44 60 me
962 738 176 102 l'ayont
1188 750 81 93 pas
1312 763 178 98 permis,
1525 768 170 105 j'espere
1738 804 66 72 que
1857 796 79 70 cela

1451 833 3 38 .

109 783 62 64 pare
229 781 0 67 d
492 783 7 60 i
521 786 2 57 s
621 784 2 47 d
665 783 35 48 nn

411 824 204 86 changera
679 844 15 50 à
738 824 29 84 la
822 826 102 94 fin,
972 839 76 78 j'ai
1077 841 56 72 eû
1188 845 30 71 la
1260 847 88 75 dent
1391 859 252 106 inferieure
1704 881 73 87 sur
1828 892 191 89 laqu'elle

1340 919 0 44 a
1376 918 0 52 C

417 922 92 73 vous
557 910 113 95 savés
723 924 62 86 que
826 928 37 76 je
917 934 176 86 mange,
1128 939 62 88 qui
1231 952 4 76 a
1282 952 79 70 pris
1396 968 90 64 vent
1526 982 27 56 et
1590 985 46 63 est
1666 988 131 68 percée
1853 997 27 68 ce
1917 980 60 86 qui

1261 1001 93 44 Coai

383 948 51 49 13

417 995 51 87 m'a
521 1004 72 91 fait
653 1004 100 84 mal,
778 1008 31 75 et
847 1011 262 88 deviendroit
1158 1051 48 75 un
1241 1034 127 99 grand
1424 1045 308 101 desagrement
1792 1079 108 67 pour
1944 1082 73 79 moy

998 1092 56 41 an
1088 1091 47 37 1301

413 1094 28 64 si
474 1095 61 60 elle
576 1108 131 54 venoit
759 1122 16 50 à
828 1122 36 52 ne
903 1122 49 52 me
1005 1123 171 87 pouvoir
1210 1134 102 83 plus
1358 1133 142 96 seroir,
1539 1140 39 91 je
1631 1143 83 94 l'ai
1752 1154 92 87 fais
1868 1166 152 78 plombe

932 1175 20 43 de

413 1191 25 70 ce
486 1187 161 90 matin,
679 1206 88 76 peut
795 1208 63 68 etre
910 1216 70 61 que
1019 1217 71 66 cela
1152 1234 4 60 y
1200 1235 205 76 apportera
1455 1240 168 85 quelque
1663 1262 142 83 remede
1862 1273 95 78 pour

421 1273 47 68 un
519 1272 117 76 tems.

932 1264 34 41 Ca

709 1292 34 59 je
787 1300 102 77 crois
927 1324 60 59 que
1026 1324 29 63 je
1100 1319 180 67 n'aurai
1327 1335 145 69 qu'une
1520 1350 166 64 Escadre
1729 1356 34 69 de
1812 1367 106 64 douze

1475 1311 210 56 Rarouis

698 1357 0 43 3

400 1360 212 75 vaisseaux
656 1385 31 49 et
755 1380 84 73 trois
891 1388 188 79 frehattes
1132 1399 97 66 dans
1268 1411 32 65 la
1353 1419 148 69 suitte,
1536 1432 20 50 à
1599 1448 126 66 moins
1759 1454 116 66 qu'on
1923 1462 34 59 ne

413 1438 66 90 soit
540 1446 112 86 forcé
705 1467 3 53 a
769 1486 59 51 une
881 1483 368 93 augmentation,
1286 1494 89 82 tout
1408 1511 68 69 cela
1527 1532 49 49 va
1628 1526 98 76 assez
1788 1543 116 59 mal;
1934 1543 40 59 on

420 1540 47 57 me
530 1560 131 44 mande
710 1551 31 59 de
786 1567 32 72 ne
851 1562 95 70 plus
989 1566 144 64 donner
1188 1576 154 85 d'ordre
1382 1604 99 64 pour
1533 1596 58 84 les
1639 1622 151 63 gardes
1833 1628 100 65 côtes

1399 1567 48 45 103
1467 1568 61 43 e00

424 1597 73 48 ande
547 1598 52 40 e11

419 1633 91 70 qu'on
578 1633 128 60 Laisse
749 1639 81 56 M^r
879 1640 209 85 Drguay
1122 1649 35 74 et
1216 1654 283 93 l'intendant
1569 1695 142 67 maitres
1753 1693 66 72 des
1848 1695 173 84 dispotien

423 1690 77 80 pour
557 1695 51 70 les
658 1699 136 92 usages
846 1713 43 89 du
935 1744 126 68 port,
1093 1731 83 86 par
1208 1735 239 95 consequent
1493 1776 36 62 je
1576 1788 23 50 ne
1651 1793 46 60 me
1761 1780 184 73 meslerai

412 1785 60 75 que
515 1787 26 64 de
596 1809 82 45 mon
740 1800 191 89 Escadre,
962 1819 33 72 on
1054 1827 44 60 me
1152 1827 180 83 nurque
1387 1845 107 61 qu'il
1542 1856 106 58 faut
1709 1859 179 82 toujours
1927 1881 64 62 que

393 1863 210 79 L'escadre
662 1868 56 71 ait
782 1882 90 62 trois
930 1883 80 82 mois
1061 1895 30 67 de
1133 1892 136 77 vivres
1306 1900 34 79 et
1378 1909 150 74 daau,
1565 1935 111 56 ainsi
1730 1940 94 56 essee
1900 1939 50 62 M^r

1530 1899 2 50 8

391 1946 57 71 les
496 1949 228 83 capitaines
766 1976 103 69 pour
914 1966 87 84 leur
1053 1976 112 76 table
1216 1992 47 58 au
1303 1983 66 82 cas
1417 1986 34 82 de
1492 1990 303 83 dessination,
1824 2023 27 60 et
1905 2027 58 56 que

394 2029 58 76 s'il
494 2032 39 64 en
588 2035 138 77 falloit
780 2049 263 91 d'avantage
1090 2059 40 70 on
1189 2063 326 93 m'avertiroit.
1568 2076 121 81 quand
1724 2091 89 78 cecy
1867 2104 83 63 sera

398 2117 93 91 fini,
521 2119 28 86 je
587 2131 97 76 vous
728 2145 190 61 promest
974 2147 34 75 de
1057 2158 42 62 ne
1148 2144 95 84 vous
1291 2144 94 89 plus
1439 2149 186 85 quitter,
1654 2152 27 67 il
1732 2175 46 46 est
1835 2172 105 65 tems

163 614 132 60 maia

160 931 21 76 35

245 1032 36 56 025

704 422 52 67 REE

644 486 103 46 MREMAION
768 493 81 50 FERERE

730 521 0 37 1

725 544 70 60 ERTS

406 2219 59 64 que
506 2221 23 65 je
579 2220 113 61 soupe
738 2232 23 38 à
815 2233 83 38 mon
964 2229 156 65 repos,

1511 2254 12 46 de
1561 2243 96 57 ucin

396 2289 84 56 M^r
528 2275 31 82 Le
618 2277 85 78 Duc
744 2279 252 83 Daiguillon
1044 2307 31 49 et
1122 2293 25 60 la
1200 2305 169 71 Marine
1421 2297 80 81 sont
1559 2295 188 87 brouillés
1799 2311 188 69 ensemble

396 2364 11 64 à
439 2369 235 65 otrance,
695 2367 75 67 M^r
824 2366 182 68 Dugray
1048 2386 32 55 en
1129 2384 32 55 en
1209 2379 156 66 fairant
1411 2389 189 69 beaucoup
1657 2385 114 76 trop,
1801 2390 2 62 a
1855 2389 175 77 desobligé

1296 2429 62 42 a0

386 2437 80 74 l'un
510 2437 25 74 et
590 2438 163 73 l'autre,
795 2441 94 70 pour
950 2456 75 76 moi
1067 2455 39 80 je
1154 2475 32 60 ne
1241 2476 38 58 me
1340 2467 101 75 merle
1482 2467 120 79 point
1650 2463 94 75 dans
1786 2475 88 64 tout
1910 2482 69 72 cela

839 2509 0 36 4

387 2529 152 68 comme
576 2545 41 55 je
661 2539 107 62 resté
787 2535 92 65 chrz
937 2555 74 73 moy
1061 2555 15 70 à
1114 2543 93 86 terre
1258 2553 93 76 pour
1397 2538 229 94 reprendre
1685 2555 59 68 mes
1810 2543 124 93 fores
