<?xml version="1.0" encoding="UTF-8"?>
<alto xmlns:xsi="http://www.w3.org/2001/XMLSchema-instance"
    xmlns="http://www.loc.gov/standards/alto/ns-v4#"
    xsi:schemaLocation="http://www.loc.gov/standards/alto/ns-v4# http://www.loc.gov/standards/alto/v4/alto-4-3.xsd">
    <Description>
        <MeasurementUnit>pixel</MeasurementUnit>
        <sourceImageInformation>
            <fileName>images2/an_corresp_fougeu_conflans_2/T-586-14-O-208_fonduegdmegvv2.jpg</fileName>
        </sourceImageInformation>
        <Processing ID="OCR_f7fbc9c0-a0c2-4ff3-b076-574ae43a30b0">
            <processingCategory>contentGeneration</processingCategory>
            <processingStepDescription>Text line recognition</processingStepDescription>
            <processingStepSettings>text_direction: horizontal-tb; models: fondue_gd_megv_v2.mlmodel; pad: 16; bidi_reordering: True</processingStepSettings>
            <processingSoftware>
                <softwareName>kraken</softwareName>
                <softwareVersion>5.3.0</softwareVersion>
            </processingSoftware>
        </Processing>
    </Description>
    <Tags>
        <OtherTag DESCRIPTION="line type" ID="LINE_TYPE_1" TYPE="type" LABEL="default"/>
        <OtherTag DESCRIPTION="region type" ID="REGION_TYPE_1" TYPE="region" LABEL="MainZone"/>
        <OtherTag DESCRIPTION="region type" ID="REGION_TYPE_2" TYPE="region" LABEL="StampZone"/>
    </Tags>
    <Layout>
        <Page WIDTH="2101" HEIGHT="2753" PHYSICAL_IMG_NR="0" ID="page_0">
            <PrintSpace HPOS="0" VPOS="0" WIDTH="2101" HEIGHT="2753">
                <TextBlock ID="5e9511df-484e-457b-9d22-3ede1a23330a" HPOS="289.0" VPOS="173.0" WIDTH="1742.0" HEIGHT="1557.0" TAGREFS="REGION_TYPE_1">
<Shape>
                        <Polygon POINTS="289.0 173.0 2031.0 173.0 2031.0 1730.0 289.0 1730.0 289.0 173.0"/>
                    </Shape>
                    <TextLine ID="f0608312-e198-4ded-8f35-5129da33792b" HPOS="858.0" VPOS="217.0" WIDTH="835.0" HEIGHT="82.0" BASELINE="859.0 273.0 1693.0 269.0" TAGREFS="LINE_TYPE_1">
                        <Shape>
                            <Polygon POINTS="859.0 273.0 859.0 290.0 951.0 286.0 1000.0 298.0 1002.0 298.0 1003.0 298.0 1005.0 298.0 1006.0 298.0 1023.0 286.0 1074.0 293.0 1075.0 293.0 1077.0 293.0 1100.0 286.0 1133.0 298.0 1135.0 298.0 1136.0 298.0 1138.0 298.0 1140.0 298.0 1161.0 284.0 1190.0 298.0 1192.0 298.0 1193.0 298.0 1195.0 298.0 1230.0 286.0 1244.0 298.0 1244.0 299.0 1245.0 299.0 1247.0 299.0 1248.0 299.0 1299.0 290.0 1311.0 299.0 1312.0 299.0 1314.0 299.0 1315.0 299.0 1317.0 299.0 1348.0 284.0 1389.0 292.0 1390.0 292.0 1433.0 282.0 1455.0 298.0 1456.0 298.0 1458.0 298.0 1459.0 299.0 1508.0 299.0 1508.0 298.0 1510.0 298.0 1511.0 298.0 1521.0 289.0 1534.0 298.0 1536.0 298.0 1537.0 298.0 1539.0 298.0 1540.0 298.0 1562.0 290.0 1649.0 298.0 1651.0 298.0 1652.0 298.0 1693.0 279.0 1693.0 269.0 1687.0 221.0 1654.0 232.0 1586.0 229.0 1585.0 229.0 1583.0 229.0 1582.0 229.0 1571.0 238.0 1543.0 229.0 1542.0 229.0 1540.0 229.0 1539.0 229.0 1537.0 229.0 1524.0 241.0 1420.0 241.0 1366.0 217.0 1364.0 217.0 1328.0 217.0 1326.0 217.0 1325.0 217.0 1253.0 241.0 1153.0 240.0 1121.0 218.0 1120.0 218.0 1118.0 218.0 1117.0 218.0 1115.0 218.0 1094.0 227.0 1084.0 220.0 1083.0 220.0 1081.0 220.0 997.0 218.0 996.0 218.0 994.0 218.0 993.0 218.0 993.0 220.0 965.0 243.0 858.0 226.0 859.0 273.0"/>
                        </Shape>
                        <String ID="segment_0" CONTENT="à" HPOS="882" VPOS="230" WIDTH="23" HEIGHT="59" WC="0.9781">
                            <Shape>
                                <Polygon POINTS="882 230 882 289 905 288 905 233"/>
                            </Shape>
                            <Glyph ID="char_0" CONTENT="a" HPOS="882" VPOS="230" WIDTH="0" HEIGHT="59" GC="1.0">
                                <Shape>
                                    <Polygon POINTS="882 230 882 289 882 289 882 230"/>
                                </Shape>
                            </Glyph>
                            <Glyph ID="char_1" CONTENT="̀" HPOS="905" VPOS="233" WIDTH="0" HEIGHT="55" GC="0.9563">
                                <Shape>
                                    <Polygon POINTS="905 233 905 288 905 288 905 233"/>
                                </Shape>
                            </Glyph>
                        </String>
                        <SP ID="segment_1" HPOS="967"  VPOS="237" WIDTH="6"  HEIGHT="54"/>
                        <String ID="segment_2" CONTENT="Brest" HPOS="984" VPOS="218" WIDTH="137" HEIGHT="76" WC="0.9982">
                            <Shape>
                                <Polygon POINTS="984 228 984 294 1121 294 1121 218"/>
                            </Shape>
                            <Glyph ID="char_3" CONTENT="B" HPOS="984" VPOS="228" WIDTH="0" HEIGHT="66" GC="1.0">
                                <Shape>
                                    <Polygon POINTS="984 228 984 294 984 294 984 228"/>
                                </Shape>
                            </Glyph>
                            <Glyph ID="char_4" CONTENT="r" HPOS="1047" VPOS="219" WIDTH="0" HEIGHT="70" GC="0.999">
                                <Shape>
                                    <Polygon POINTS="1047 219 1047 289 1047 289 1047 219"/>
                                </Shape>
                            </Glyph>
                            <Glyph ID="char_5" CONTENT="e" HPOS="1081" VPOS="220" WIDTH="0" HEIGHT="72" GC="1.0">
                                <Shape>
                                    <Polygon POINTS="1081 220 1081 292 1081 292 1081 220"/>
                                </Shape>
                            </Glyph>
                            <Glyph ID="char_6" CONTENT="s" HPOS="1104" VPOS="223" WIDTH="0" HEIGHT="64" GC="0.9922">
                                <Shape>
                                    <Polygon POINTS="1104 223 1104 287 1104 287 1104 223"/>
                                </Shape>
                            </Glyph>
                            <Glyph ID="char_7" CONTENT="t" HPOS="1121" VPOS="218" WIDTH="0" HEIGHT="76" GC="1.0">
                                <Shape>
                                    <Polygon POINTS="1121 218 1121 294 1121 294 1121 218"/>
                                </Shape>
                            </Glyph>
                        </String>
                        <SP ID="segment_3" HPOS="1155"  VPOS="240" WIDTH="5"  HEIGHT="48"/>
                        <String ID="segment_4" CONTENT="ce" HPOS="1166" VPOS="240" WIDTH="34" HEIGHT="56" WC="0.9999">
                            <Shape>
                                <Polygon POINTS="1166 240 1166 286 1200 296 1200 240"/>
                            </Shape>
                            <Glyph ID="char_9" CONTENT="c" HPOS="1166" VPOS="240" WIDTH="0" HEIGHT="46" GC="0.9999">
                                <Shape>
                                    <Polygon POINTS="1166 240 1166 286 1166 286 1166 240"/>
                                </Shape>
                            </Glyph>
                            <Glyph ID="char_10" CONTENT="e" HPOS="1200" VPOS="240" WIDTH="0" HEIGHT="56" GC="1.0">
                                <Shape>
                                    <Polygon POINTS="1200 240 1200 296 1200 296 1200 240"/>
                                </Shape>
                            </Glyph>
                        </String>
                        <SP ID="segment_5" HPOS="1246"  VPOS="240" WIDTH="11"  HEIGHT="59"/>
                        <String ID="segment_6" CONTENT="26" HPOS="1274" VPOS="219" WIDTH="46" HEIGHT="78" WC="1.0">
                            <Shape>
                                <Polygon POINTS="1274 234 1274 294 1320 297 1320 219"/>
                            </Shape>
                            <Glyph ID="char_12" CONTENT="2" HPOS="1274" VPOS="234" WIDTH="0" HEIGHT="60" GC="1.0">
                                <Shape>
                                    <Polygon POINTS="1274 234 1274 294 1274 294 1274 234"/>
                                </Shape>
                            </Glyph>
                            <Glyph ID="char_13" CONTENT="6" HPOS="1320" VPOS="219" WIDTH="0" HEIGHT="78" GC="1.0">
                                <Shape>
                                    <Polygon POINTS="1320 219 1320 297 1320 297 1320 219"/>
                                </Shape>
                            </Glyph>
                        </String>
                        <SP ID="segment_7" HPOS="1359"  VPOS="217" WIDTH="12"  HEIGHT="72"/>
                        <String ID="segment_8" CONTENT="may" HPOS="1399" VPOS="232" WIDTH="108" HEIGHT="67" WC="0.9385">
                            <Shape>
                                <Polygon POINTS="1399 232 1399 290 1507 299 1507 241"/>
                            </Shape>
                            <Glyph ID="char_15" CONTENT="m" HPOS="1399" VPOS="232" WIDTH="0" HEIGHT="58" GC="0.8155">
                                <Shape>
                                    <Polygon POINTS="1399 232 1399 290 1399 290 1399 232"/>
                                </Shape>
                            </Glyph>
                            <Glyph ID="char_16" CONTENT="a" HPOS="1450" VPOS="241" WIDTH="0" HEIGHT="53" GC="1.0">
                                <Shape>
                                    <Polygon POINTS="1450 241 1450 294 1450 294 1450 241"/>
                                </Shape>
                            </Glyph>
                            <Glyph ID="char_17" CONTENT="y" HPOS="1507" VPOS="241" WIDTH="0" HEIGHT="58" GC="1.0">
                                <Shape>
                                    <Polygon POINTS="1507 241 1507 299 1507 299 1507 241"/>
                                </Shape>
                            </Glyph>
                        </String>
                        <SP ID="segment_9" HPOS="1541"  VPOS="229" WIDTH="6"  HEIGHT="69"/>
                        <String ID="segment_10" CONTENT="1756" HPOS="1553" VPOS="230" WIDTH="108" HEIGHT="66" WC="0.9322">
                            <Shape>
                                <Polygon POINTS="1553 232 1553 293 1661 294 1661 230"/>
                            </Shape>
                            <Glyph ID="char_19" CONTENT="1" HPOS="1553" VPOS="232" WIDTH="0" HEIGHT="61" GC="0.7292">
                                <Shape>
                                    <Polygon POINTS="1553 232 1553 293 1553 293 1553 232"/>
                                </Shape>
                            </Glyph>
                            <Glyph ID="char_20" CONTENT="7" HPOS="1604" VPOS="230" WIDTH="0" HEIGHT="64" GC="0.9999">
                                <Shape>
                                    <Polygon POINTS="1604 230 1604 294 1604 294 1604 230"/>
                                </Shape>
                            </Glyph>
                            <Glyph ID="char_21" CONTENT="5" HPOS="1632" VPOS="231" WIDTH="0" HEIGHT="65" GC="1.0">
                                <Shape>
                                    <Polygon POINTS="1632 231 1632 296 1632 296 1632 231"/>
                                </Shape>
                            </Glyph>
                            <Glyph ID="char_22" CONTENT="6" HPOS="1661" VPOS="230" WIDTH="0" HEIGHT="64" GC="0.9997">
                                <Shape>
                                    <Polygon POINTS="1661 230 1661 294 1661 294 1661 230"/>
                                </Shape>
                            </Glyph>
                        </String>
                    </TextLine>

                    <TextLine ID="0bfb773b-c112-4e25-bc9f-986b19a4467c" HPOS="1147.0" VPOS="287.0" WIDTH="683.0" HEIGHT="119.0" BASELINE="1149.0 370.0 1830.0 353.0" TAGREFS="LINE_TYPE_1">
                        <Shape>
                            <Polygon POINTS="1149.0 370.0 1149.0 406.0 1202.0 406.0 1202.0 405.0 1204.0 405.0 1205.0 405.0 1227.0 390.0 1257.0 397.0 1259.0 397.0 1260.0 397.0 1262.0 397.0 1263.0 397.0 1263.0 396.0 1283.0 379.0 1363.0 400.0 1364.0 400.0 1366.0 400.0 1368.0 400.0 1369.0 400.0 1390.0 383.0 1461.0 376.0 1591.0 386.0 1592.0 386.0 1654.0 377.0 1684.0 388.0 1686.0 388.0 1687.0 388.0 1689.0 388.0 1729.0 367.0 1772.0 376.0 1773.0 376.0 1775.0 376.0 1776.0 376.0 1776.0 374.0 1787.0 365.0 1830.0 365.0 1830.0 353.0 1827.0 287.0 1767.0 287.0 1765.0 287.0 1764.0 287.0 1718.0 302.0 1678.0 290.0 1677.0 290.0 1675.0 290.0 1674.0 290.0 1586.0 321.0 1517.0 322.0 1476.0 318.0 1455.0 298.0 1455.0 296.0 1453.0 296.0 1452.0 296.0 1398.0 296.0 1397.0 296.0 1395.0 296.0 1394.0 296.0 1394.0 298.0 1374.0 315.0 1335.0 312.0 1334.0 312.0 1332.0 312.0 1314.0 321.0 1279.0 307.0 1277.0 307.0 1276.0 307.0 1274.0 307.0 1273.0 307.0 1247.0 330.0 1147.0 331.0 1149.0 370.0"/>
                        </Shape>
                        <String ID="segment_11" CONTENT="M6^e" HPOS="1162" VPOS="307" WIDTH="137" HEIGHT="99" WC="0.9958">
                            <Shape>
                                <Polygon POINTS="1162 331 1164 406 1299 383 1298 314"/>
                            </Shape>
                            <Glyph ID="char_23" CONTENT="M" HPOS="1162" VPOS="331" WIDTH="2" HEIGHT="75" GC="0.9999">
                                <Shape>
                                    <Polygon POINTS="1162 331 1164 406 1164 406 1162 331"/>
                                </Shape>
                            </Glyph>
                            <Glyph ID="char_24" CONTENT="6" HPOS="1241" VPOS="330" WIDTH="2" HEIGHT="64" GC="0.9999">
                                <Shape>
                                    <Polygon POINTS="1241 330 1243 394 1243 394 1241 330"/>
                                </Shape>
                            </Glyph>
                            <Glyph ID="char_25" CONTENT="^" HPOS="1275" VPOS="307" WIDTH="9" HEIGHT="77" GC="0.9855">
                                <Shape>
                                    <Polygon POINTS="1275 307 1277 384 1284 379 1283 308"/>
                                </Shape>
                            </Glyph>
                            <Glyph ID="char_26" CONTENT="e" HPOS="1298" VPOS="314" WIDTH="1" HEIGHT="69" GC="0.9978">
                                <Shape>
                                    <Polygon POINTS="1298 314 1299 383 1299 383 1298 314"/>
                                </Shape>
                            </Glyph>
                        </String>
                        <SP ID="segment_12" HPOS="1340"  VPOS="312" WIDTH="10"  HEIGHT="85"/>
                        <String ID="segment_13" CONTENT="Piece" HPOS="1362" VPOS="296" WIDTH="122" HEIGHT="104" WC="0.9947">
                            <Shape>
                                <Polygon POINTS="1362 314 1364 400 1484 378 1483 319"/>
                            </Shape>
                            <Glyph ID="char_28" CONTENT="P" HPOS="1362" VPOS="314" WIDTH="2" HEIGHT="86" GC="0.9751">
                                <Shape>
                                    <Polygon POINTS="1362 314 1364 400 1364 400 1362 314"/>
                                </Shape>
                            </Glyph>
                            <Glyph ID="char_29" CONTENT="i" HPOS="1396" VPOS="296" WIDTH="10" HEIGHT="86" GC="1.0">
                                <Shape>
                                    <Polygon POINTS="1396 296 1398 382 1406 381 1404 296"/>
                                </Shape>
                            </Glyph>
                            <Glyph ID="char_30" CONTENT="e" HPOS="1425" VPOS="296" WIDTH="2" HEIGHT="83" GC="0.9984">
                                <Shape>
                                    <Polygon POINTS="1425 296 1427 379 1427 379 1425 296"/>
                                </Shape>
                            </Glyph>
                            <Glyph ID="char_31" CONTENT="c" HPOS="1453" VPOS="296" WIDTH="2" HEIGHT="81" GC="0.9998">
                                <Shape>
                                    <Polygon POINTS="1453 296 1455 377 1455 377 1453 296"/>
                                </Shape>
                            </Glyph>
                            <Glyph ID="char_32" CONTENT="e" HPOS="1483" VPOS="319" WIDTH="1" HEIGHT="59" GC="1.0">
                                <Shape>
                                    <Polygon POINTS="1483 319 1484 378 1484 378 1483 319"/>
                                </Shape>
                            </Glyph>
                        </String>
                        <SP ID="segment_14" HPOS="1518"  VPOS="322" WIDTH="9"  HEIGHT="59"/>
                        <String ID="segment_15" CONTENT="cottée" HPOS="1540" VPOS="292" WIDTH="129" HEIGHT="93" WC="0.9904">
                            <Shape>
                                <Polygon POINTS="1540 322 1541 382 1669 383 1667 292"/>
                            </Shape>
                            <Glyph ID="char_34" CONTENT="c" HPOS="1540" VPOS="322" WIDTH="1" HEIGHT="60" GC="0.9997">
                                <Shape>
                                    <Polygon POINTS="1540 322 1541 382 1541 382 1540 322"/>
                                </Shape>
                            </Glyph>
                            <Glyph ID="char_35" CONTENT="o" HPOS="1568" VPOS="321" WIDTH="1" HEIGHT="63" GC="1.0">
                                <Shape>
                                    <Polygon POINTS="1568 321 1569 384 1569 384 1568 321"/>
                                </Shape>
                            </Glyph>
                            <Glyph ID="char_36" CONTENT="t" HPOS="1597" VPOS="317" WIDTH="2" HEIGHT="68" GC="0.9996">
                                <Shape>
                                    <Polygon POINTS="1597 317 1599 385 1599 385 1597 317"/>
                                </Shape>
                            </Glyph>
                            <Glyph ID="char_37" CONTENT="t" HPOS="1618" VPOS="310" WIDTH="1" HEIGHT="72" GC="0.9997">
                                <Shape>
                                    <Polygon POINTS="1618 310 1619 382 1619 382 1618 310"/>
                                </Shape>
                            </Glyph>
                            <Glyph ID="char_38" CONTENT="e" HPOS="1639" VPOS="302" WIDTH="2" HEIGHT="77" GC="0.9498">
                                <Shape>
                                    <Polygon POINTS="1639 302 1641 379 1641 379 1639 302"/>
                                </Shape>
                            </Glyph>
                            <Glyph ID="char_39" CONTENT="́" HPOS="1646" VPOS="297" WIDTH="9" HEIGHT="81" GC="0.9999">
                                <Shape>
                                    <Polygon POINTS="1646 300 1648 378 1655 377 1653 297"/>
                                </Shape>
                            </Glyph>
                            <Glyph ID="char_40" CONTENT="e" HPOS="1667" VPOS="292" WIDTH="2" HEIGHT="91" GC="0.984">
                                <Shape>
                                    <Polygon POINTS="1667 292 1669 383 1669 383 1667 292"/>
                                </Shape>
                            </Glyph>
                        </String>
                        <SP ID="segment_16" HPOS="1717"  VPOS="300" WIDTH="9"  HEIGHT="72"/>
                        <String ID="segment_17" CONTENT="O." HPOS="1738" VPOS="287" WIDTH="88" HEIGHT="82" WC="0.95">
                            <Shape>
                                <Polygon POINTS="1738 295 1740 369 1826 365 1824 287"/>
                            </Shape>
                            <Glyph ID="char_42" CONTENT="O" HPOS="1738" VPOS="295" WIDTH="2" HEIGHT="74" GC="0.9029">
                                <Shape>
                                    <Polygon POINTS="1738 295 1740 369 1740 369 1738 295"/>
                                </Shape>
                            </Glyph>
                            <Glyph ID="char_43" CONTENT="." HPOS="1824" VPOS="287" WIDTH="2" HEIGHT="78" GC="0.9971">
                                <Shape>
                                    <Polygon POINTS="1824 287 1826 365 1826 365 1824 287"/>
                                </Shape>
                            </Glyph>
                        </String>
                    </TextLine>

                    <TextLine ID="247e2c04-cd2d-4fb4-b292-3b73ca7a4b29" HPOS="405.0" VPOS="463.0" WIDTH="1596.0" HEIGHT="116.0" BASELINE="407.0 521.0 1628.0 542.0 2001.0 556.0" TAGREFS="LINE_TYPE_1">
                        <Shape>
                            <Polygon POINTS="405.0 550.0 459.0 552.0 460.0 552.0 462.0 552.0 495.0 536.0 572.0 555.0 713.0 556.0 714.0 556.0 804.0 539.0 882.0 549.0 884.0 549.0 936.0 542.0 964.0 553.0 965.0 553.0 967.0 553.0 968.0 553.0 985.0 547.0 1061.0 559.0 1063.0 559.0 1192.0 550.0 1267.0 567.0 1268.0 567.0 1270.0 567.0 1302.0 556.0 1404.0 570.0 1406.0 570.0 1407.0 570.0 1449.0 553.0 1467.0 561.0 1469.0 561.0 1470.0 561.0 1513.0 553.0 1678.0 555.0 1719.0 570.0 1721.0 570.0 1723.0 570.0 1724.0 570.0 1756.0 561.0 1787.0 573.0 1788.0 573.0 1790.0 573.0 1932.0 565.0 1964.0 579.0 1966.0 579.0 1967.0 579.0 2000.0 575.0 2001.0 556.0 2001.0 513.0 1925.0 490.0 1923.0 490.0 1921.0 490.0 1755.0 503.0 1693.0 497.0 1692.0 497.0 1690.0 497.0 1667.0 506.0 1608.0 484.0 1606.0 484.0 1605.0 484.0 1455.0 489.0 1441.0 481.0 1439.0 481.0 1438.0 481.0 1436.0 481.0 1435.0 481.0 1369.0 503.0 1288.0 503.0 1244.0 503.0 1196.0 477.0 1195.0 477.0 1152.0 477.0 1150.0 477.0 1149.0 477.0 1100.0 500.0 1051.0 500.0 986.0 498.0 941.0 478.0 939.0 478.0 938.0 478.0 936.0 478.0 889.0 495.0 677.0 492.0 622.0 466.0 621.0 466.0 472.0 463.0 471.0 463.0 469.0 463.0 428.0 477.0 408.0 471.0 407.0 521.0 405.0 550.0"/>
                        </Shape>
                        <String ID="segment_18" CONTENT="je" HPOS="424" VPOS="467" WIDTH="32" HEIGHT="85" WC="1.0">
                            <Shape>
                                <Polygon POINTS="426 476 424 551 454 552 456 467"/>
                            </Shape>
                            <Glyph ID="char_44" CONTENT="j" HPOS="424" VPOS="476" WIDTH="2" HEIGHT="75" GC="1.0">
                                <Shape>
                                    <Polygon POINTS="426 476 424 551 424 551 426 476"/>
                                </Shape>
                            </Glyph>
                            <Glyph ID="char_45" CONTENT="e" HPOS="454" VPOS="467" WIDTH="2" HEIGHT="85" GC="1.0">
                                <Shape>
                                    <Polygon POINTS="456 467 454 552 454 552 456 467"/>
                                </Shape>
                            </Glyph>
                        </String>
                        <SP ID="segment_19" HPOS="491"  VPOS="463" WIDTH="7"  HEIGHT="75"/>
                        <String ID="segment_20" CONTENT="n&#39;ai" HPOS="515" VPOS="464" WIDTH="97" HEIGHT="91" WC="0.9966">
                            <Shape>
                                <Polygon POINTS="516 464 515 541 610 555 612 466"/>
                            </Shape>
                            <Glyph ID="char_47" CONTENT="n" HPOS="515" VPOS="464" WIDTH="1" HEIGHT="77" GC="0.9863">
                                <Shape>
                                    <Polygon POINTS="516 464 515 541 515 541 516 464"/>
                                </Shape>
                            </Glyph>
                            <Glyph ID="char_48" CONTENT="&#39;" HPOS="551" VPOS="465" WIDTH="7" HEIGHT="86" GC="1.0">
                                <Shape>
                                    <Polygon POINTS="552 465 551 550 557 551 558 465"/>
                                </Shape>
                            </Glyph>
                            <Glyph ID="char_49" CONTENT="a" HPOS="574" VPOS="465" WIDTH="2" HEIGHT="90" GC="0.9999">
                                <Shape>
                                    <Polygon POINTS="576 465 574 555 574 555 576 465"/>
                                </Shape>
                            </Glyph>
                            <Glyph ID="char_50" CONTENT="i" HPOS="610" VPOS="466" WIDTH="2" HEIGHT="89" GC="1.0">
                                <Shape>
                                    <Polygon POINTS="612 466 610 555 610 555 612 466"/>
                                </Shape>
                            </Glyph>
                        </String>
                        <SP ID="segment_21" HPOS="640"  VPOS="475" WIDTH="8"  HEIGHT="81"/>
                        <String ID="segment_22" CONTENT="point" HPOS="658" VPOS="484" WIDTH="116" HEIGHT="72" WC="0.9963">
                            <Shape>
                                <Polygon POINTS="660 484 658 556 773 545 774 493"/>
                            </Shape>
                            <Glyph ID="char_52" CONTENT="p" HPOS="658" VPOS="484" WIDTH="2" HEIGHT="72" GC="1.0">
                                <Shape>
                                    <Polygon POINTS="660 484 658 556 658 556 660 484"/>
                                </Shape>
                            </Glyph>
                            <Glyph ID="char_53" CONTENT="o" HPOS="700" VPOS="492" WIDTH="2" HEIGHT="64" GC="0.9994">
                                <Shape>
                                    <Polygon POINTS="702 492 700 556 700 556 702 492"/>
                                </Shape>
                            </Glyph>
                            <Glyph ID="char_54" CONTENT="i" HPOS="718" VPOS="493" WIDTH="8" HEIGHT="62" GC="1.0">
                                <Shape>
                                    <Polygon POINTS="720 493 718 555 724 554 726 493"/>
                                </Shape>
                            </Glyph>
                            <Glyph ID="char_55" CONTENT="n" HPOS="743" VPOS="493" WIDTH="1" HEIGHT="58" GC="0.982">
                                <Shape>
                                    <Polygon POINTS="744 493 743 551 743 551 744 493"/>
                                </Shape>
                            </Glyph>
                            <Glyph ID="char_56" CONTENT="t" HPOS="773" VPOS="493" WIDTH="1" HEIGHT="52" GC="1.0">
                                <Shape>
                                    <Polygon POINTS="774 493 773 545 773 545 774 493"/>
                                </Shape>
                            </Glyph>
                        </String>
                        <SP ID="segment_23" HPOS="803"  VPOS="494" WIDTH="7"  HEIGHT="46"/>
                        <String ID="segment_24" CONTENT="eû" HPOS="821" VPOS="494" WIDTH="55" HEIGHT="54" WC="0.9993">
                            <Shape>
                                <Polygon POINTS="822 494 821 541 875 548 876 495"/>
                            </Shape>
                            <Glyph ID="char_58" CONTENT="e" HPOS="821" VPOS="494" WIDTH="1" HEIGHT="47" GC="0.9999">
                                <Shape>
                                    <Polygon POINTS="822 494 821 541 821 541 822 494"/>
                                </Shape>
                            </Glyph>
                            <Glyph ID="char_59" CONTENT="u" HPOS="863" VPOS="495" WIDTH="1" HEIGHT="52" GC="0.998">
                                <Shape>
                                    <Polygon POINTS="864 495 863 547 863 547 864 495"/>
                                </Shape>
                            </Glyph>
                            <Glyph ID="char_60" CONTENT="̂" HPOS="869" VPOS="495" WIDTH="7" HEIGHT="53" GC="0.9999">
                                <Shape>
                                    <Polygon POINTS="870 495 869 547 875 548 876 495"/>
                                </Shape>
                            </Glyph>
                        </String>
                        <SP ID="segment_25" HPOS="911"  VPOS="485" WIDTH="7"  HEIGHT="60"/>
                        <String ID="segment_26" CONTENT="de" HPOS="929" VPOS="480" WIDTH="31" HEIGHT="71" WC="1.0">
                            <Shape>
                                <Polygon POINTS="930 480 929 543 959 551 960 486"/>
                            </Shape>
                            <Glyph ID="char_62" CONTENT="d" HPOS="929" VPOS="480" WIDTH="1" HEIGHT="63" GC="1.0">
                                <Shape>
                                    <Polygon POINTS="930 480 929 543 929 543 930 480"/>
                                </Shape>
                            </Glyph>
                            <Glyph ID="char_63" CONTENT="e" HPOS="959" VPOS="486" WIDTH="1" HEIGHT="65" GC="1.0">
                                <Shape>
                                    <Polygon POINTS="960 486 959 551 959 551 960 486"/>
                                </Shape>
                            </Glyph>
                        </String>
                        <SP ID="segment_27" HPOS="989"  VPOS="498" WIDTH="6"  HEIGHT="51"/>
                        <String ID="segment_28" CONTENT="vos" HPOS="1013" VPOS="499" WIDTH="66" HEIGHT="59" WC="0.9996">
                            <Shape>
                                <Polygon POINTS="1013 499 1013 551 1078 558 1079 500"/>
                            </Shape>
                            <Glyph ID="char_65" CONTENT="v" HPOS="1013" VPOS="499" WIDTH="0" HEIGHT="52" GC="0.9989">
                                <Shape>
                                    <Polygon POINTS="1013 499 1013 551 1013 551 1013 499"/>
                                </Shape>
                            </Glyph>
                            <Glyph ID="char_66" CONTENT="o" HPOS="1042" VPOS="500" WIDTH="1" HEIGHT="56" GC="0.9999">
                                <Shape>
                                    <Polygon POINTS="1043 500 1042 556 1042 556 1043 500"/>
                                </Shape>
                            </Glyph>
                            <Glyph ID="char_67" CONTENT="s" HPOS="1078" VPOS="500" WIDTH="1" HEIGHT="58" GC="1.0">
                                <Shape>
                                    <Polygon POINTS="1079 500 1078 558 1078 558 1079 500"/>
                                </Shape>
                            </Glyph>
                        </String>
                        <SP ID="segment_29" HPOS="1115"  VPOS="490" WIDTH="7"  HEIGHT="65"/>
                        <String ID="segment_30" CONTENT="Lettres" HPOS="1139" VPOS="477" WIDTH="144" HEIGHT="88" WC="0.9964">
                            <Shape>
                                <Polygon POINTS="1140 481 1139 554 1282 563 1283 503"/>
                            </Shape>
                            <Glyph ID="char_69" CONTENT="L" HPOS="1139" VPOS="481" WIDTH="1" HEIGHT="73" GC="1.0">
                                <Shape>
                                    <Polygon POINTS="1140 481 1139 554 1139 554 1140 481"/>
                                </Shape>
                            </Glyph>
                            <Glyph ID="char_70" CONTENT="e" HPOS="1175" VPOS="477" WIDTH="1" HEIGHT="74" GC="0.9999">
                                <Shape>
                                    <Polygon POINTS="1176 477 1175 551 1175 551 1176 477"/>
                                </Shape>
                            </Glyph>
                            <Glyph ID="char_71" CONTENT="t" HPOS="1205" VPOS="482" WIDTH="1" HEIGHT="71" GC="0.9999">
                                <Shape>
                                    <Polygon POINTS="1206 482 1205 553 1205 553 1206 482"/>
                                </Shape>
                            </Glyph>
                            <Glyph ID="char_72" CONTENT="t" HPOS="1217" VPOS="489" WIDTH="1" HEIGHT="67" GC="0.9999">
                                <Shape>
                                    <Polygon POINTS="1218 489 1217 556 1217 556 1218 489"/>
                                </Shape>
                            </Glyph>
                            <Glyph ID="char_73" CONTENT="r" HPOS="1240" VPOS="502" WIDTH="1" HEIGHT="59" GC="0.9991">
                                <Shape>
                                    <Polygon POINTS="1241 502 1240 561 1240 561 1241 502"/>
                                </Shape>
                            </Glyph>
                            <Glyph ID="char_74" CONTENT="e" HPOS="1258" VPOS="503" WIDTH="1" HEIGHT="62" GC="0.9761">
                                <Shape>
                                    <Polygon POINTS="1259 503 1258 565 1258 565 1259 503"/>
                                </Shape>
                            </Glyph>
                            <Glyph ID="char_75" CONTENT="s" HPOS="1282" VPOS="503" WIDTH="1" HEIGHT="60" GC="0.9999">
                                <Shape>
                                    <Polygon POINTS="1283 503 1282 563 1282 563 1283 503"/>
                                </Shape>
                            </Glyph>
                        </String>
                        <SP ID="segment_31" HPOS="1318"  VPOS="503" WIDTH="7"  HEIGHT="56"/>
                        <String ID="segment_32" CONTENT="aujourdhuÿ" HPOS="1336" VPOS="481" WIDTH="332" HEIGHT="89" WC="0.9773">
                            <Shape>
                                <Polygon POINTS="1337 503 1336 561 1666 555 1668 506"/>
                            </Shape>
                            <Glyph ID="char_77" CONTENT="a" HPOS="1336" VPOS="503" WIDTH="1" HEIGHT="58" GC="1.0">
                                <Shape>
                                    <Polygon POINTS="1337 503 1336 561 1336 561 1337 503"/>
                                </Shape>
                            </Glyph>
                            <Glyph ID="char_78" CONTENT="u" HPOS="1372" VPOS="502" WIDTH="1" HEIGHT="64" GC="1.0">
                                <Shape>
                                    <Polygon POINTS="1373 502 1372 566 1372 566 1373 502"/>
                                </Shape>
                            </Glyph>
                            <Glyph ID="char_79" CONTENT="j" HPOS="1402" VPOS="491" WIDTH="2" HEIGHT="79" GC="0.997">
                                <Shape>
                                    <Polygon POINTS="1404 491 1402 570 1402 570 1404 491"/>
                                </Shape>
                            </Glyph>
                            <Glyph ID="char_80" CONTENT="o" HPOS="1432" VPOS="481" WIDTH="2" HEIGHT="79" GC="1.0">
                                <Shape>
                                    <Polygon POINTS="1434 481 1432 560 1432 560 1434 481"/>
                                </Shape>
                            </Glyph>
                            <Glyph ID="char_81" CONTENT="u" HPOS="1474" VPOS="488" WIDTH="2" HEIGHT="72" GC="0.9998">
                                <Shape>
                                    <Polygon POINTS="1476 488 1474 560 1474 560 1476 488"/>
                                </Shape>
                            </Glyph>
                            <Glyph ID="char_82" CONTENT="r" HPOS="1505" VPOS="487" WIDTH="1" HEIGHT="68" GC="1.0">
                                <Shape>
                                    <Polygon POINTS="1506 487 1505 555 1505 555 1506 487"/>
                                </Shape>
                            </Glyph>
                            <Glyph ID="char_83" CONTENT="d" HPOS="1541" VPOS="486" WIDTH="1" HEIGHT="67" GC="1.0">
                                <Shape>
                                    <Polygon POINTS="1542 486 1541 553 1541 553 1542 486"/>
                                </Shape>
                            </Glyph>
                            <Glyph ID="char_84" CONTENT="h" HPOS="1571" VPOS="485" WIDTH="1" HEIGHT="69" GC="1.0">
                                <Shape>
                                    <Polygon POINTS="1572 485 1571 554 1571 554 1572 485"/>
                                </Shape>
                            </Glyph>
                            <Glyph ID="char_85" CONTENT="u" HPOS="1613" VPOS="486" WIDTH="1" HEIGHT="68" GC="0.9063">
                                <Shape>
                                    <Polygon POINTS="1614 486 1613 554 1613 554 1614 486"/>
                                </Shape>
                            </Glyph>
                            <Glyph ID="char_86" CONTENT="y" HPOS="1660" VPOS="504" WIDTH="2" HEIGHT="51" GC="0.9998">
                                <Shape>
                                    <Polygon POINTS="1662 504 1660 555 1660 555 1662 504"/>
                                </Shape>
                            </Glyph>
                            <Glyph ID="char_87" CONTENT="̈" HPOS="1666" VPOS="506" WIDTH="2" HEIGHT="49" GC="0.8477">
                                <Shape>
                                    <Polygon POINTS="1668 506 1666 555 1666 555 1668 506"/>
                                </Shape>
                            </Glyph>
                        </String>
                        <SP ID="segment_33" HPOS="1684"  VPOS="497" WIDTH="9"  HEIGHT="62"/>
                        <String ID="segment_34" CONTENT="Ma" HPOS="1708" VPOS="498" WIDTH="105" HEIGHT="74" WC="0.9827">
                            <Shape>
                                <Polygon POINTS="1711 499 1708 566 1810 572 1813 498"/>
                            </Shape>
                            <Glyph ID="char_89" CONTENT="M" HPOS="1708" VPOS="499" WIDTH="3" HEIGHT="67" GC="0.9654">
                                <Shape>
                                    <Polygon POINTS="1711 499 1708 566 1708 566 1711 499"/>
                                </Shape>
                            </Glyph>
                            <Glyph ID="char_90" CONTENT="a" HPOS="1810" VPOS="498" WIDTH="3" HEIGHT="74" GC="1.0">
                                <Shape>
                                    <Polygon POINTS="1813 498 1810 572 1810 572 1813 498"/>
                                </Shape>
                            </Glyph>
                        </String>
                        <SP ID="segment_35" HPOS="1834"  VPOS="496" WIDTH="9"  HEIGHT="75"/>
                        <String ID="segment_36" CONTENT="Chere" HPOS="1852" VPOS="491" WIDTH="117" HEIGHT="88" WC="0.9956">
                            <Shape>
                                <Polygon POINTS="1855 495 1852 570 1966 579 1969 503"/>
                            </Shape>
                            <Glyph ID="char_92" CONTENT="C" HPOS="1852" VPOS="495" WIDTH="3" HEIGHT="75" GC="0.9919">
                                <Shape>
                                    <Polygon POINTS="1855 495 1852 570 1852 570 1855 495"/>
                                </Shape>
                            </Glyph>
                            <Glyph ID="char_93" CONTENT="h" HPOS="1888" VPOS="492" WIDTH="3" HEIGHT="75" GC="0.9997">
                                <Shape>
                                    <Polygon POINTS="1891 492 1888 567 1888 567 1891 492"/>
                                </Shape>
                            </Glyph>
                            <Glyph ID="char_94" CONTENT="e" HPOS="1924" VPOS="491" WIDTH="3" HEIGHT="74" GC="0.9871">
                                <Shape>
                                    <Polygon POINTS="1927 491 1924 565 1924 565 1927 491"/>
                                </Shape>
                            </Glyph>
                            <Glyph ID="char_95" CONTENT="r" HPOS="1948" VPOS="498" WIDTH="3" HEIGHT="74" GC="0.9997">
                                <Shape>
                                    <Polygon POINTS="1951 498 1948 572 1948 572 1951 498"/>
                                </Shape>
                            </Glyph>
                            <Glyph ID="char_96" CONTENT="e" HPOS="1966" VPOS="503" WIDTH="3" HEIGHT="76" GC="0.9998">
                                <Shape>
                                    <Polygon POINTS="1969 503 1966 579 1966 579 1969 503"/>
                                </Shape>
                            </Glyph>
                        </String>
                    </TextLine>

                    <TextLine ID="62839f6a-26c3-4f64-8cd3-5d6f3a60bece" HPOS="384.0" VPOS="570.0" WIDTH="1586.0" HEIGHT="102.0" BASELINE="385.0 617.0 1970.0 637.0" TAGREFS="LINE_TYPE_1">
                        <Shape>
                            <Polygon POINTS="385.0 617.0 384.0 656.0 416.0 657.0 417.0 657.0 419.0 657.0 485.0 633.0 650.0 642.0 688.0 660.0 690.0 660.0 771.0 662.0 772.0 662.0 774.0 662.0 823.0 637.0 869.0 637.0 899.0 637.0 942.0 663.0 944.0 663.0 945.0 663.0 1003.0 665.0 1005.0 665.0 1006.0 665.0 1092.0 640.0 1172.0 666.0 1173.0 666.0 1175.0 668.0 1218.0 668.0 1218.0 666.0 1219.0 666.0 1271.0 643.0 1338.0 643.0 1404.0 645.0 1461.0 669.0 1462.0 669.0 1605.0 672.0 1606.0 672.0 1825.0 650.0 1899.0 660.0 1900.0 660.0 1969.0 650.0 1970.0 637.0 1969.0 608.0 1611.0 608.0 1517.0 591.0 1516.0 591.0 1514.0 591.0 1482.0 605.0 1423.0 605.0 1332.0 581.0 1331.0 581.0 1329.0 581.0 1328.0 581.0 1291.0 599.0 1254.0 599.0 1153.0 579.0 1152.0 579.0 1016.0 590.0 953.0 576.0 951.0 576.0 950.0 576.0 873.0 598.0 823.0 576.0 821.0 576.0 820.0 576.0 818.0 576.0 777.0 587.0 743.0 584.0 742.0 584.0 740.0 584.0 719.0 596.0 639.0 596.0 612.0 579.0 610.0 579.0 609.0 579.0 385.0 570.0 385.0 617.0"/>
                        </Shape>
                        <String ID="segment_37" CONTENT="femme," HPOS="391" VPOS="570" WIDTH="222" HEIGHT="86" WC="0.9851">
                            <Shape>
                                <Polygon POINTS="392 570 391 656 613 640 613 580"/>
                            </Shape>
                            <Glyph ID="char_97" CONTENT="f" HPOS="391" VPOS="570" WIDTH="1" HEIGHT="86" GC="1.0">
                                <Shape>
                                    <Polygon POINTS="392 570 391 656 391 656 392 570"/>
                                </Shape>
                            </Glyph>
                            <Glyph ID="char_98" CONTENT="e" HPOS="447" VPOS="573" WIDTH="1" HEIGHT="74" GC="0.9994">
                                <Shape>
                                    <Polygon POINTS="448 573 447 647 447 647 448 573"/>
                                </Shape>
                            </Glyph>
                            <Glyph ID="char_99" CONTENT="m" HPOS="483" VPOS="574" WIDTH="1" HEIGHT="60" GC="0.9999">
                                <Shape>
                                    <Polygon POINTS="484 574 483 634 483 634 484 574"/>
                                </Shape>
                            </Glyph>
                            <Glyph ID="char_100" CONTENT="m" HPOS="539" VPOS="576" WIDTH="1" HEIGHT="60" GC="1.0">
                                <Shape>
                                    <Polygon POINTS="540 576 539 636 539 636 540 576"/>
                                </Shape>
                            </Glyph>
                            <Glyph ID="char_101" CONTENT="e" HPOS="576" VPOS="578" WIDTH="1" HEIGHT="60" GC="0.9116">
                                <Shape>
                                    <Polygon POINTS="577 578 576 638 576 638 577 578"/>
                                </Shape>
                            </Glyph>
                            <Glyph ID="char_102" CONTENT="," HPOS="613" VPOS="580" WIDTH="0" HEIGHT="60" GC="1.0">
                                <Shape>
                                    <Polygon POINTS="613 580 613 640 613 640 613 580"/>
                                </Shape>
                            </Glyph>
                        </String>
                        <SP ID="segment_38" HPOS="631"  VPOS="591" WIDTH="6"  HEIGHT="50"/>
                        <String ID="segment_39" CONTENT="ce" HPOS="650" VPOS="596" WIDTH="30" HEIGHT="60" WC="0.9972">
                            <Shape>
                                <Polygon POINTS="650 596 650 642 680 656 680 596"/>
                            </Shape>
                            <Glyph ID="char_104" CONTENT="c" HPOS="650" VPOS="596" WIDTH="0" HEIGHT="46" GC="0.9943">
                                <Shape>
                                    <Polygon POINTS="650 596 650 642 650 642 650 596"/>
                                </Shape>
                            </Glyph>
                            <Glyph ID="char_105" CONTENT="e" HPOS="680" VPOS="596" WIDTH="0" HEIGHT="60" GC="1.0">
                                <Shape>
                                    <Polygon POINTS="680 596 680 656 680 656 680 596"/>
                                </Shape>
                            </Glyph>
                        </String>
                        <SP ID="segment_40" HPOS="710"  VPOS="596" WIDTH="7"  HEIGHT="65"/>
                        <String ID="segment_41" CONTENT="qui" HPOS="735" VPOS="580" WIDTH="69" HEIGHT="82" WC="1.0">
                            <Shape>
                                <Polygon POINTS="736 586 735 661 803 647 804 580"/>
                            </Shape>
                            <Glyph ID="char_107" CONTENT="q" HPOS="735" VPOS="586" WIDTH="1" HEIGHT="75" GC="1.0">
                                <Shape>
                                    <Polygon POINTS="736 586 735 661 735 661 736 586"/>
                                </Shape>
                            </Glyph>
                            <Glyph ID="char_108" CONTENT="u" HPOS="772" VPOS="587" WIDTH="1" HEIGHT="75" GC="1.0">
                                <Shape>
                                    <Polygon POINTS="773 587 772 662 772 662 773 587"/>
                                </Shape>
                            </Glyph>
                            <Glyph ID="char_109" CONTENT="i" HPOS="803" VPOS="580" WIDTH="1" HEIGHT="67" GC="1.0">
                                <Shape>
                                    <Polygon POINTS="804 580 803 647 803 647 804 580"/>
                                </Shape>
                            </Glyph>
                        </String>
                        <SP ID="segment_42" HPOS="840"  VPOS="584" WIDTH="6"  HEIGHT="53"/>
                        <String ID="segment_43" CONTENT="m&#39;inquiete." HPOS="865" VPOS="577" WIDTH="302" HEIGHT="88" WC="0.9922">
                            <Shape>
                                <Polygon POINTS="865 595 865 637 1165 664 1167 582"/>
                            </Shape>
                            <Glyph ID="char_111" CONTENT="m" HPOS="865" VPOS="595" WIDTH="0" HEIGHT="42" GC="1.0">
                                <Shape>
                                    <Polygon POINTS="865 595 865 637 865 637 865 595"/>
                                </Shape>
                            </Glyph>
                            <Glyph ID="char_112" CONTENT="&#39;" HPOS="914" VPOS="584" WIDTH="6" HEIGHT="65" GC="0.9999">
                                <Shape>
                                    <Polygon POINTS="914 586 914 646 920 649 920 584"/>
                                </Shape>
                            </Glyph>
                            <Glyph ID="char_113" CONTENT="i" HPOS="926" VPOS="581" WIDTH="6" HEIGHT="76" GC="0.9864">
                                <Shape>
                                    <Polygon POINTS="926 583 926 653 932 657 932 581"/>
                                </Shape>
                            </Glyph>
                            <Glyph ID="char_114" CONTENT="n" HPOS="956" VPOS="577" WIDTH="2" HEIGHT="86" GC="0.928">
                                <Shape>
                                    <Polygon POINTS="958 577 956 663 956 663 958 577"/>
                                </Shape>
                            </Glyph>
                            <Glyph ID="char_115" CONTENT="q" HPOS="999" VPOS="587" WIDTH="1" HEIGHT="78" GC="1.0">
                                <Shape>
                                    <Polygon POINTS="1000 587 999 665 999 665 1000 587"/>
                                </Shape>
                            </Glyph>
                            <Glyph ID="char_116" CONTENT="u" HPOS="1031" VPOS="589" WIDTH="0" HEIGHT="69" GC="1.0">
                                <Shape>
                                    <Polygon POINTS="1031 589 1031 658 1031 658 1031 589"/>
                                </Shape>
                            </Glyph>
                            <Glyph ID="char_117" CONTENT="i" HPOS="1062" VPOS="586" WIDTH="0" HEIGHT="63" GC="1.0">
                                <Shape>
                                    <Polygon POINTS="1062 586 1062 649 1062 649 1062 586"/>
                                </Shape>
                            </Glyph>
                            <Glyph ID="char_118" CONTENT="e" HPOS="1086" VPOS="584" WIDTH="0" HEIGHT="58" GC="1.0">
                                <Shape>
                                    <Polygon POINTS="1086 584 1086 642 1086 642 1086 584"/>
                                </Shape>
                            </Glyph>
                            <Glyph ID="char_119" CONTENT="t" HPOS="1111" VPOS="582" WIDTH="0" HEIGHT="64" GC="1.0">
                                <Shape>
                                    <Polygon POINTS="1111 582 1111 646 1111 646 1111 582"/>
                                </Shape>
                            </Glyph>
                            <Glyph ID="char_120" CONTENT="e" HPOS="1129" VPOS="581" WIDTH="1" HEIGHT="71" GC="1.0">
                                <Shape>
                                    <Polygon POINTS="1130 581 1129 652 1129 652 1130 581"/>
                                </Shape>
                            </Glyph>
                            <Glyph ID="char_121" CONTENT="." HPOS="1165" VPOS="582" WIDTH="2" HEIGHT="82" GC="0.9999">
                                <Shape>
                                    <Polygon POINTS="1167 582 1165 664 1165 664 1167 582"/>
                                </Shape>
                            </Glyph>
                        </String>
                        <SP ID="segment_44" HPOS="1196"  VPOS="588" WIDTH="7"  HEIGHT="80"/>
                        <String ID="segment_45" CONTENT="pour" HPOS="1214" VPOS="588" WIDTH="100" HEIGHT="80" WC="0.9961">
                            <Shape>
                                <Polygon POINTS="1215 591 1214 668 1314 643 1314 588"/>
                            </Shape>
                            <Glyph ID="char_123" CONTENT="p" HPOS="1214" VPOS="591" WIDTH="1" HEIGHT="77" GC="1.0">
                                <Shape>
                                    <Polygon POINTS="1215 591 1214 668 1214 668 1215 591"/>
                                </Shape>
                            </Glyph>
                            <Glyph ID="char_124" CONTENT="o" HPOS="1258" VPOS="599" WIDTH="0" HEIGHT="50" GC="0.9975">
                                <Shape>
                                    <Polygon POINTS="1258 599 1258 649 1258 649 1258 599"/>
                                </Shape>
                            </Glyph>
                            <Glyph ID="char_125" CONTENT="u" HPOS="1283" VPOS="599" WIDTH="0" HEIGHT="44" GC="0.9875">
                                <Shape>
                                    <Polygon POINTS="1283 599 1283 643 1283 643 1283 599"/>
                                </Shape>
                            </Glyph>
                            <Glyph ID="char_126" CONTENT="r" HPOS="1314" VPOS="588" WIDTH="0" HEIGHT="55" GC="0.9995">
                                <Shape>
                                    <Polygon POINTS="1314 588 1314 643 1314 643 1314 588"/>
                                </Shape>
                            </Glyph>
                        </String>
                        <SP ID="segment_46" HPOS="1338"  VPOS="583" WIDTH="7"  HEIGHT="60"/>
                        <String ID="segment_47" CONTENT="moi" HPOS="1369" VPOS="591" WIDTH="80" HEIGHT="73" WC="0.9992">
                            <Shape>
                                <Polygon POINTS="1369 591 1369 644 1448 664 1449 605"/>
                            </Shape>
                            <Glyph ID="char_128" CONTENT="m" HPOS="1369" VPOS="591" WIDTH="0" HEIGHT="53" GC="0.9998">
                                <Shape>
                                    <Polygon POINTS="1369 591 1369 644 1369 644 1369 591"/>
                                </Shape>
                            </Glyph>
                            <Glyph ID="char_129" CONTENT="o" HPOS="1418" VPOS="604" WIDTH="0" HEIGHT="47" GC="1.0">
                                <Shape>
                                    <Polygon POINTS="1418 604 1418 651 1418 651 1418 604"/>
                                </Shape>
                            </Glyph>
                            <Glyph ID="char_130" CONTENT="i" HPOS="1448" VPOS="605" WIDTH="1" HEIGHT="59" GC="0.9978">
                                <Shape>
                                    <Polygon POINTS="1449 605 1448 664 1448 664 1449 605"/>
                                </Shape>
                            </Glyph>
                        </String>
                        <SP ID="segment_48" HPOS="1479"  VPOS="603" WIDTH="7"  HEIGHT="66"/>
                        <String ID="segment_49" CONTENT="je" HPOS="1497" VPOS="593" WIDTH="32" HEIGHT="77" WC="0.996">
                            <Shape>
                                <Polygon POINTS="1498 598 1497 670 1528 670 1529 593"/>
                            </Shape>
                            <Glyph ID="char_132" CONTENT="j" HPOS="1497" VPOS="598" WIDTH="1" HEIGHT="72" GC="0.9996">
                                <Shape>
                                    <Polygon POINTS="1498 598 1497 670 1497 670 1498 598"/>
                                </Shape>
                            </Glyph>
                            <Glyph ID="char_133" CONTENT="e" HPOS="1528" VPOS="593" WIDTH="1" HEIGHT="77" GC="0.9924">
                                <Shape>
                                    <Polygon POINTS="1529 593 1528 670 1528 670 1529 593"/>
                                </Shape>
                            </Glyph>
                        </String>
                        <SP ID="segment_50" HPOS="1565"  VPOS="600" WIDTH="7"  HEIGHT="71"/>
                        <String ID="segment_51" CONTENT="suis" HPOS="1583" VPOS="603" WIDTH="94" HEIGHT="69" WC="0.968">
                            <Shape>
                                <Polygon POINTS="1584 603 1583 672 1676 665 1677 608"/>
                            </Shape>
                            <Glyph ID="char_135" CONTENT="s" HPOS="1583" VPOS="603" WIDTH="1" HEIGHT="69" GC="0.9337">
                                <Shape>
                                    <Polygon POINTS="1584 603 1583 672 1583 672 1584 603"/>
                                </Shape>
                            </Glyph>
                            <Glyph ID="char_136" CONTENT="u" HPOS="1627" VPOS="608" WIDTH="1" HEIGHT="62" GC="0.9927">
                                <Shape>
                                    <Polygon POINTS="1628 608 1627 670 1627 670 1628 608"/>
                                </Shape>
                            </Glyph>
                            <Glyph ID="char_137" CONTENT="i" HPOS="1651" VPOS="608" WIDTH="1" HEIGHT="59" GC="0.9473">
                                <Shape>
                                    <Polygon POINTS="1652 608 1651 667 1651 667 1652 608"/>
                                </Shape>
                            </Glyph>
                            <Glyph ID="char_138" CONTENT="s" HPOS="1676" VPOS="608" WIDTH="1" HEIGHT="57" GC="0.9984">
                                <Shape>
                                    <Polygon POINTS="1677 608 1676 665 1676 665 1677 608"/>
                                </Shape>
                            </Glyph>
                        </String>
                        <SP ID="segment_52" HPOS="1701"  VPOS="608" WIDTH="6"  HEIGHT="55"/>
                        <String ID="segment_53" CONTENT="encore" HPOS="1720" VPOS="608" WIDTH="154" HEIGHT="53" WC="0.9994">
                            <Shape>
                                <Polygon POINTS="1720 608 1720 661 1874 657 1874 608"/>
                            </Shape>
                            <Glyph ID="char_140" CONTENT="e" HPOS="1720" VPOS="608" WIDTH="0" HEIGHT="53" GC="0.9989">
                                <Shape>
                                    <Polygon POINTS="1720 608 1720 661 1720 661 1720 608"/>
                                </Shape>
                            </Glyph>
                            <Glyph ID="char_141" CONTENT="n" HPOS="1757" VPOS="608" WIDTH="0" HEIGHT="49" GC="0.9996">
                                <Shape>
                                    <Polygon POINTS="1757 608 1757 657 1757 657 1757 608"/>
                                </Shape>
                            </Glyph>
                            <Glyph ID="char_142" CONTENT="c" HPOS="1794" VPOS="608" WIDTH="0" HEIGHT="45" GC="0.9997">
                                <Shape>
                                    <Polygon POINTS="1794 608 1794 653 1794 653 1794 608"/>
                                </Shape>
                            </Glyph>
                            <Glyph ID="char_143" CONTENT="o" HPOS="1818" VPOS="608" WIDTH="0" HEIGHT="43" GC="0.9993">
                                <Shape>
                                    <Polygon POINTS="1818 608 1818 651 1818 651 1818 608"/>
                                </Shape>
                            </Glyph>
                            <Glyph ID="char_144" CONTENT="r" HPOS="1849" VPOS="608" WIDTH="0" HEIGHT="45" GC="0.9991">
                                <Shape>
                                    <Polygon POINTS="1849 608 1849 653 1849 653 1849 608"/>
                                </Shape>
                            </Glyph>
                            <Glyph ID="char_145" CONTENT="e" HPOS="1874" VPOS="608" WIDTH="0" HEIGHT="49" GC="0.9998">
                                <Shape>
                                    <Polygon POINTS="1874 608 1874 657 1874 657 1874 608"/>
                                </Shape>
                            </Glyph>
                        </String>
                    </TextLine>

                    <TextLine ID="fbfb0018-78a7-46be-814e-6bc02d43ef11" HPOS="388.0" VPOS="651.0" WIDTH="1598.0" HEIGHT="95.0" BASELINE="390.0 694.0 1684.0 712.0 1986.0 726.0" TAGREFS="LINE_TYPE_1">
                        <Shape>
                            <Polygon POINTS="390.0 694.0 388.0 705.0 449.0 717.0 451.0 717.0 557.0 709.0 619.0 718.0 621.0 718.0 657.0 711.0 677.0 720.0 679.0 720.0 680.0 720.0 722.0 715.0 743.0 726.0 745.0 726.0 746.0 726.0 748.0 726.0 795.0 712.0 859.0 723.0 861.0 723.0 863.0 723.0 886.0 714.0 1006.0 715.0 1039.0 726.0 1040.0 726.0 1042.0 726.0 1198.0 718.0 1306.0 732.0 1308.0 732.0 1309.0 732.0 1338.0 723.0 1406.0 738.0 1407.0 740.0 1498.0 740.0 1498.0 738.0 1583.0 724.0 1622.0 741.0 1623.0 741.0 1625.0 743.0 1684.0 743.0 1684.0 741.0 1686.0 741.0 1733.0 728.0 1765.0 738.0 1767.0 738.0 1768.0 738.0 1820.0 734.0 1848.0 744.0 1850.0 744.0 1983.0 746.0 1986.0 726.0 1983.0 685.0 1848.0 689.0 1776.0 671.0 1775.0 671.0 1667.0 669.0 1666.0 669.0 1664.0 669.0 1635.0 679.0 1600.0 668.0 1599.0 668.0 1597.0 668.0 1485.0 683.0 1332.0 683.0 1297.0 668.0 1296.0 668.0 1294.0 668.0 1293.0 668.0 1253.0 680.0 1199.0 669.0 1198.0 669.0 1196.0 669.0 1162.0 679.0 1115.0 660.0 1114.0 660.0 1112.0 660.0 1031.0 676.0 951.0 659.0 950.0 659.0 948.0 659.0 892.0 676.0 840.0 676.0 794.0 659.0 792.0 659.0 791.0 659.0 732.0 671.0 676.0 654.0 674.0 654.0 673.0 654.0 573.0 669.0 532.0 651.0 530.0 651.0 529.0 651.0 527.0 651.0 475.0 668.0 417.0 657.0 416.0 657.0 414.0 657.0 390.0 666.0 390.0 694.0"/>
                        </Shape>
                        <String ID="segment_54" CONTENT="enrhumé" HPOS="411" VPOS="657" WIDTH="232" HEIGHT="59" WC="0.9987">
                            <Shape>
                                <Polygon POINTS="412 658 411 709 642 714 643 659"/>
                            </Shape>
                            <Glyph ID="char_146" CONTENT="e" HPOS="411" VPOS="658" WIDTH="1" HEIGHT="51" GC="0.9933">
                                <Shape>
                                    <Polygon POINTS="412 658 411 709 411 709 412 658"/>
                                </Shape>
                            </Glyph>
                            <Glyph ID="char_147" CONTENT="n" HPOS="436" VPOS="661" WIDTH="0" HEIGHT="53" GC="0.9999">
                                <Shape>
                                    <Polygon POINTS="436 661 436 714 436 714 436 661"/>
                                </Shape>
                            </Glyph>
                            <Glyph ID="char_148" CONTENT="r" HPOS="472" VPOS="668" WIDTH="0" HEIGHT="47" GC="1.0">
                                <Shape>
                                    <Polygon POINTS="472 668 472 715 472 715 472 668"/>
                                </Shape>
                            </Glyph>
                            <Glyph ID="char_149" CONTENT="h" HPOS="503" VPOS="659" WIDTH="1" HEIGHT="54" GC="0.9999">
                                <Shape>
                                    <Polygon POINTS="504 659 503 713 503 713 504 659"/>
                                </Shape>
                            </Glyph>
                            <Glyph ID="char_150" CONTENT="u" HPOS="544" VPOS="657" WIDTH="1" HEIGHT="53" GC="0.9998">
                                <Shape>
                                    <Polygon POINTS="545 657 544 710 544 710 545 657"/>
                                </Shape>
                            </Glyph>
                            <Glyph ID="char_151" CONTENT="m" HPOS="590" VPOS="666" WIDTH="0" HEIGHT="48" GC="0.999">
                                <Shape>
                                    <Polygon POINTS="590 666 590 714 590 714 590 666"/>
                                </Shape>
                            </Glyph>
                            <Glyph ID="char_152" CONTENT="e" HPOS="632" VPOS="660" WIDTH="0" HEIGHT="56" GC="0.9981">
                                <Shape>
                                    <Polygon POINTS="632 660 632 716 632 716 632 660"/>
                                </Shape>
                            </Glyph>
                            <Glyph ID="char_153" CONTENT="́" HPOS="637" VPOS="659" WIDTH="6" HEIGHT="56" GC="1.0">
                                <Shape>
                                    <Polygon POINTS="638 659 637 715 642 714 643 659"/>
                                </Shape>
                            </Glyph>
                        </String>
                        <SP ID="segment_55" HPOS="657"  VPOS="656" WIDTH="6"  HEIGHT="57"/>
                        <String ID="segment_56" CONTENT="et" HPOS="667" VPOS="655" WIDTH="31" HEIGHT="63" WC="0.9999">
                            <Shape>
                                <Polygon POINTS="668 655 667 715 698 718 698 661"/>
                            </Shape>
                            <Glyph ID="char_155" CONTENT="e" HPOS="667" VPOS="655" WIDTH="1" HEIGHT="60" GC="0.9999">
                                <Shape>
                                    <Polygon POINTS="668 655 667 715 667 715 668 655"/>
                                </Shape>
                            </Glyph>
                            <Glyph ID="char_156" CONTENT="t" HPOS="698" VPOS="661" WIDTH="0" HEIGHT="57" GC="0.9999">
                                <Shape>
                                    <Polygon POINTS="698 661 698 718 698 718 698 661"/>
                                </Shape>
                            </Glyph>
                        </String>
                        <SP ID="segment_57" HPOS="729"  VPOS="670" WIDTH="5"  HEIGHT="51"/>
                        <String ID="segment_58" CONTENT="ai" HPOS="745" VPOS="662" WIDTH="30" HEIGHT="64" WC="1.0">
                            <Shape>
                                <Polygon POINTS="745 668 745 726 775 718 775 662"/>
                            </Shape>
                            <Glyph ID="char_158" CONTENT="a" HPOS="745" VPOS="668" WIDTH="0" HEIGHT="58" GC="1.0">
                                <Shape>
                                    <Polygon POINTS="745 668 745 726 745 726 745 668"/>
                                </Shape>
                            </Glyph>
                            <Glyph ID="char_159" CONTENT="i" HPOS="775" VPOS="662" WIDTH="0" HEIGHT="56" GC="1.0">
                                <Shape>
                                    <Polygon POINTS="775 662 775 718 775 718 775 662"/>
                                </Shape>
                            </Glyph>
                        </String>
                        <SP ID="segment_59" HPOS="816"  VPOS="667" WIDTH="6"  HEIGHT="50"/>
                        <String ID="segment_60" CONTENT="mal" HPOS="847" VPOS="664" WIDTH="83" HEIGHT="57" WC="0.9998">
                            <Shape>
                                <Polygon POINTS="847 676 847 721 930 714 930 664"/>
                            </Shape>
                            <Glyph ID="char_161" CONTENT="m" HPOS="847" VPOS="676" WIDTH="0" HEIGHT="45" GC="0.9996">
                                <Shape>
                                    <Polygon POINTS="847 676 847 721 847 721 847 676"/>
                                </Shape>
                            </Glyph>
                            <Glyph ID="char_162" CONTENT="a" HPOS="894" VPOS="675" WIDTH="0" HEIGHT="39" GC="1.0">
                                <Shape>
                                    <Polygon POINTS="894 675 894 714 894 714 894 675"/>
                                </Shape>
                            </Glyph>
                            <Glyph ID="char_163" CONTENT="l" HPOS="930" VPOS="664" WIDTH="0" HEIGHT="50" GC="0.9998">
                                <Shape>
                                    <Polygon POINTS="930 664 930 714 930 714 930 664"/>
                                </Shape>
                            </Glyph>
                        </String>
                        <SP ID="segment_61" HPOS="976"  VPOS="664" WIDTH="5"  HEIGHT="51"/>
                        <String ID="segment_62" CONTENT="au" HPOS="996" VPOS="669" WIDTH="41" HEIGHT="56" WC="0.9967">
                            <Shape>
                                <Polygon POINTS="996 669 996 715 1037 725 1037 675"/>
                            </Shape>
                            <Glyph ID="char_165" CONTENT="a" HPOS="996" VPOS="669" WIDTH="0" HEIGHT="46" GC="1.0">
                                <Shape>
                                    <Polygon POINTS="996 669 996 715 996 715 996 669"/>
                                </Shape>
                            </Glyph>
                            <Glyph ID="char_166" CONTENT="u" HPOS="1037" VPOS="675" WIDTH="0" HEIGHT="50" GC="0.9933">
                                <Shape>
                                    <Polygon POINTS="1037 675 1037 725 1037 725 1037 675"/>
                                </Shape>
                            </Glyph>
                        </String>
                        <SP ID="segment_63" HPOS="1073"  VPOS="666" WIDTH="6"  HEIGHT="58"/>
                        <String ID="segment_64" CONTENT="dents" HPOS="1094" VPOS="663" WIDTH="123" HEIGHT="60" WC="0.9974">
                            <Shape>
                                <Polygon POINTS="1094 663 1094 723 1217 720 1217 673"/>
                            </Shape>
                            <Glyph ID="char_168" CONTENT="d" HPOS="1094" VPOS="663" WIDTH="0" HEIGHT="60" GC="0.9959">
                                <Shape>
                                    <Polygon POINTS="1094 663 1094 723 1094 723 1094 663"/>
                                </Shape>
                            </Glyph>
                            <Glyph ID="char_169" CONTENT="e" HPOS="1125" VPOS="664" WIDTH="0" HEIGHT="58" GC="1.0">
                                <Shape>
                                    <Polygon POINTS="1125 664 1125 722 1125 722 1125 664"/>
                                </Shape>
                            </Glyph>
                            <Glyph ID="char_170" CONTENT="n" HPOS="1161" VPOS="679" WIDTH="0" HEIGHT="41" GC="1.0">
                                <Shape>
                                    <Polygon POINTS="1161 679 1161 720 1161 720 1161 679"/>
                                </Shape>
                            </Glyph>
                            <Glyph ID="char_171" CONTENT="t" HPOS="1192" VPOS="670" WIDTH="0" HEIGHT="48" GC="0.9911">
                                <Shape>
                                    <Polygon POINTS="1192 670 1192 718 1192 718 1192 670"/>
                                </Shape>
                            </Glyph>
                            <Glyph ID="char_172" CONTENT="s" HPOS="1212" VPOS="672" WIDTH="5" HEIGHT="48" GC="1.0">
                                <Shape>
                                    <Polygon POINTS="1212 672 1212 720 1217 720 1217 673"/>
                                </Shape>
                            </Glyph>
                        </String>
                        <SP ID="segment_65" HPOS="1243"  VPOS="678" WIDTH="5"  HEIGHT="46"/>
                        <String ID="segment_66" CONTENT="et" HPOS="1258" VPOS="669" WIDTH="31" HEIGHT="61" WC="1.0">
                            <Shape>
                                <Polygon POINTS="1258 678 1258 726 1289 730 1289 669"/>
                            </Shape>
                            <Glyph ID="char_174" CONTENT="e" HPOS="1258" VPOS="678" WIDTH="0" HEIGHT="48" GC="1.0">
                                <Shape>
                                    <Polygon POINTS="1258 678 1258 726 1258 726 1258 678"/>
                                </Shape>
                            </Glyph>
                            <Glyph ID="char_175" CONTENT="t" HPOS="1289" VPOS="669" WIDTH="0" HEIGHT="61" GC="1.0">
                                <Shape>
                                    <Polygon POINTS="1289 669 1289 730 1289 730 1289 669"/>
                                </Shape>
                            </Glyph>
                        </String>
                        <SP ID="segment_67" HPOS="1315"  VPOS="676" WIDTH="5"  HEIGHT="54"/>
                        <String ID="segment_68" CONTENT="une" HPOS="1341" VPOS="683" WIDTH="66" HEIGHT="56" WC="0.9979">
                            <Shape>
                                <Polygon POINTS="1341 683 1341 724 1406 739 1407 683"/>
                            </Shape>
                            <Glyph ID="char_177" CONTENT="u" HPOS="1341" VPOS="683" WIDTH="0" HEIGHT="41" GC="1.0">
                                <Shape>
                                    <Polygon POINTS="1341 683 1341 724 1341 724 1341 683"/>
                                </Shape>
                            </Glyph>
                            <Glyph ID="char_178" CONTENT="n" HPOS="1382" VPOS="683" WIDTH="0" HEIGHT="50" GC="0.9937">
                                <Shape>
                                    <Polygon POINTS="1382 683 1382 733 1382 733 1382 683"/>
                                </Shape>
                            </Glyph>
                            <Glyph ID="char_179" CONTENT="e" HPOS="1406" VPOS="683" WIDTH="1" HEIGHT="56" GC="1.0">
                                <Shape>
                                    <Polygon POINTS="1407 683 1406 739 1406 739 1407 683"/>
                                </Shape>
                            </Glyph>
                        </String>
                        <SP ID="segment_69" HPOS="1453"  VPOS="683" WIDTH="6"  HEIGHT="57"/>
                        <String ID="segment_70" CONTENT="petitte" HPOS="1473" VPOS="669" WIDTH="150" HEIGHT="72" WC="0.9582">
                            <Shape>
                                <Polygon POINTS="1474 683 1473 740 1622 741 1623 675"/>
                            </Shape>
                            <Glyph ID="char_181" CONTENT="p" HPOS="1473" VPOS="683" WIDTH="1" HEIGHT="57" GC="0.9998">
                                <Shape>
                                    <Polygon POINTS="1474 683 1473 740 1473 740 1474 683"/>
                                </Shape>
                            </Glyph>
                            <Glyph ID="char_182" CONTENT="e" HPOS="1505" VPOS="680" WIDTH="0" HEIGHT="57" GC="0.9868">
                                <Shape>
                                    <Polygon POINTS="1505 680 1505 737 1505 737 1505 680"/>
                                </Shape>
                            </Glyph>
                            <Glyph ID="char_183" CONTENT="t" HPOS="1536" VPOS="676" WIDTH="0" HEIGHT="56" GC="0.9999">
                                <Shape>
                                    <Polygon POINTS="1536 676 1536 732 1536 732 1536 676"/>
                                </Shape>
                            </Glyph>
                            <Glyph ID="char_184" CONTENT="i" HPOS="1562" VPOS="673" WIDTH="0" HEIGHT="55" GC="0.9993">
                                <Shape>
                                    <Polygon POINTS="1562 673 1562 728 1562 728 1562 673"/>
                                </Shape>
                            </Glyph>
                            <Glyph ID="char_185" CONTENT="t" HPOS="1582" VPOS="670" WIDTH="0" HEIGHT="54" GC="0.9975">
                                <Shape>
                                    <Polygon POINTS="1582 670 1582 724 1582 724 1582 670"/>
                                </Shape>
                            </Glyph>
                            <Glyph ID="char_186" CONTENT="t" HPOS="1603" VPOS="669" WIDTH="0" HEIGHT="64" GC="1.0">
                                <Shape>
                                    <Polygon POINTS="1603 669 1603 733 1603 733 1603 669"/>
                                </Shape>
                            </Glyph>
                            <Glyph ID="char_187" CONTENT="e" HPOS="1622" VPOS="675" WIDTH="1" HEIGHT="66" GC="0.7242">
                                <Shape>
                                    <Polygon POINTS="1623 675 1622 741 1622 741 1623 675"/>
                                </Shape>
                            </Glyph>
                        </String>
                        <SP ID="segment_71" HPOS="1658"  VPOS="669" WIDTH="6"  HEIGHT="74"/>
                        <String ID="segment_72" CONTENT="fluction," HPOS="1679" VPOS="669" WIDTH="218" HEIGHT="76" WC="0.9393">
                            <Shape>
                                <Polygon POINTS="1680 669 1679 743 1895 745 1897 688"/>
                            </Shape>
                            <Glyph ID="char_189" CONTENT="f" HPOS="1679" VPOS="669" WIDTH="1" HEIGHT="74" GC="0.6452">
                                <Shape>
                                    <Polygon POINTS="1680 669 1679 743 1679 743 1680 669"/>
                                </Shape>
                            </Glyph>
                            <Glyph ID="char_190" CONTENT="l" HPOS="1704" VPOS="670" WIDTH="3" HEIGHT="66" GC="0.8431">
                                <Shape>
                                    <Polygon POINTS="1707 670 1704 736 1704 736 1707 670"/>
                                </Shape>
                            </Glyph>
                            <Glyph ID="char_191" CONTENT="u" HPOS="1735" VPOS="670" WIDTH="3" HEIGHT="59" GC="0.9726">
                                <Shape>
                                    <Polygon POINTS="1738 670 1735 729 1735 729 1738 670"/>
                                </Shape>
                            </Glyph>
                            <Glyph ID="char_192" CONTENT="c" HPOS="1761" VPOS="671" WIDTH="3" HEIGHT="66" GC="0.9986">
                                <Shape>
                                    <Polygon POINTS="1764 671 1761 737 1761 737 1764 671"/>
                                </Shape>
                            </Glyph>
                            <Glyph ID="char_193" CONTENT="t" HPOS="1781" VPOS="673" WIDTH="3" HEIGHT="64" GC="0.9988">
                                <Shape>
                                    <Polygon POINTS="1784 673 1781 737 1781 737 1784 673"/>
                                </Shape>
                            </Glyph>
                            <Glyph ID="char_194" CONTENT="i" HPOS="1807" VPOS="679" WIDTH="3" HEIGHT="56" GC="0.9998">
                                <Shape>
                                    <Polygon POINTS="1810 679 1807 735 1807 735 1810 679"/>
                                </Shape>
                            </Glyph>
                            <Glyph ID="char_195" CONTENT="o" HPOS="1828" VPOS="685" WIDTH="2" HEIGHT="52" GC="0.999">
                                <Shape>
                                    <Polygon POINTS="1830 685 1828 737 1828 737 1830 685"/>
                                </Shape>
                            </Glyph>
                            <Glyph ID="char_196" CONTENT="n" HPOS="1859" VPOS="689" WIDTH="2" HEIGHT="55" GC="0.9972">
                                <Shape>
                                    <Polygon POINTS="1861 689 1859 744 1859 744 1861 689"/>
                                </Shape>
                            </Glyph>
                            <Glyph ID="char_197" CONTENT="," HPOS="1895" VPOS="688" WIDTH="2" HEIGHT="57" GC="0.9993">
                                <Shape>
                                    <Polygon POINTS="1897 688 1895 745 1895 745 1897 688"/>
                                </Shape>
                            </Glyph>
                        </String>
                        <SP ID="segment_73" HPOS="1915"  VPOS="687" WIDTH="7"  HEIGHT="58"/>
                        <String ID="segment_74" CONTENT="je" HPOS="1930" VPOS="685" WIDTH="38" HEIGHT="61" WC="0.9992">
                            <Shape>
                                <Polygon POINTS="1932 687 1930 745 1966 746 1968 685"/>
                            </Shape>
                            <Glyph ID="char_199" CONTENT="j" HPOS="1930" VPOS="687" WIDTH="2" HEIGHT="58" GC="0.9999">
                                <Shape>
                                    <Polygon POINTS="1932 687 1930 745 1930 745 1932 687"/>
                                </Shape>
                            </Glyph>
                            <Glyph ID="char_200" CONTENT="e" HPOS="1966" VPOS="685" WIDTH="2" HEIGHT="61" GC="0.9984">
                                <Shape>
                                    <Polygon POINTS="1968 685 1966 746 1966 746 1968 685"/>
                                </Shape>
                            </Glyph>
                        </String>
                    </TextLine>

                    <TextLine ID="b889d84e-d458-41b4-b60b-f0d119a02736" HPOS="384.0" VPOS="726.0" WIDTH="1605.0" HEIGHT="113.0" BASELINE="385.0 775.0 1989.0 806.0" TAGREFS="LINE_TYPE_1">
                        <Shape>
                            <Polygon POINTS="385.0 775.0 384.0 786.0 403.0 796.0 405.0 796.0 407.0 796.0 465.0 792.0 500.0 810.0 501.0 810.0 503.0 810.0 504.0 810.0 561.0 795.0 609.0 804.0 610.0 804.0 691.0 793.0 786.0 819.0 788.0 819.0 789.0 821.0 846.0 821.0 846.0 819.0 847.0 819.0 882.0 801.0 1023.0 799.0 1040.0 807.0 1042.0 807.0 1043.0 807.0 1248.0 804.0 1279.0 815.0 1280.0 815.0 1282.0 815.0 1325.0 806.0 1361.0 824.0 1363.0 824.0 1427.0 832.0 1429.0 833.0 1472.0 833.0 1472.0 832.0 1473.0 832.0 1514.0 813.0 1560.0 813.0 1617.0 835.0 1618.0 835.0 1700.0 836.0 1701.0 836.0 1773.0 824.0 1811.0 824.0 1842.0 839.0 1843.0 839.0 1845.0 839.0 1987.0 832.0 1989.0 806.0 1989.0 773.0 1914.0 773.0 1877.0 760.0 1876.0 760.0 1874.0 760.0 1814.0 764.0 1779.0 754.0 1778.0 754.0 1776.0 754.0 1775.0 754.0 1738.0 769.0 1690.0 769.0 1615.0 749.0 1614.0 749.0 1612.0 749.0 1551.0 760.0 1501.0 749.0 1499.0 749.0 1465.0 755.0 1418.0 744.0 1416.0 744.0 1415.0 744.0 1392.0 752.0 1300.0 743.0 1299.0 743.0 1241.0 750.0 1187.0 740.0 1143.0 740.0 1141.0 740.0 1140.0 740.0 1097.0 755.0 951.0 755.0 910.0 754.0 870.0 734.0 869.0 734.0 867.0 734.0 866.0 734.0 811.0 750.0 710.0 750.0 590.0 729.0 385.0 726.0 385.0 775.0"/>
                        </Shape>
                        <String ID="segment_75" CONTENT="renarde" HPOS="403" VPOS="726" WIDTH="184" HEIGHT="81" WC="0.9971">
                            <Shape>
                                <Polygon POINTS="404 726 403 796 586 800 587 729"/>
                            </Shape>
                            <Glyph ID="char_201" CONTENT="r" HPOS="403" VPOS="726" WIDTH="1" HEIGHT="70" GC="0.9997">
                                <Shape>
                                    <Polygon POINTS="404 726 403 796 403 796 404 726"/>
                                </Shape>
                            </Glyph>
                            <Glyph ID="char_202" CONTENT="e" HPOS="428" VPOS="727" WIDTH="1" HEIGHT="68" GC="0.9917">
                                <Shape>
                                    <Polygon POINTS="429 727 428 795 428 795 429 727"/>
                                </Shape>
                            </Glyph>
                            <Glyph ID="char_203" CONTENT="n" HPOS="458" VPOS="727" WIDTH="1" HEIGHT="66" GC="0.9994">
                                <Shape>
                                    <Polygon POINTS="459 727 458 793 458 793 459 727"/>
                                </Shape>
                            </Glyph>
                            <Glyph ID="char_204" CONTENT="a" HPOS="494" VPOS="728" WIDTH="2" HEIGHT="79" GC="0.9999">
                                <Shape>
                                    <Polygon POINTS="496 728 494 807 494 807 496 728"/>
                                </Shape>
                            </Glyph>
                            <Glyph ID="char_205" CONTENT="r" HPOS="524" VPOS="728" WIDTH="2" HEIGHT="77" GC="1.0">
                                <Shape>
                                    <Polygon POINTS="526 728 524 805 524 805 526 728"/>
                                </Shape>
                            </Glyph>
                            <Glyph ID="char_206" CONTENT="d" HPOS="561" VPOS="729" WIDTH="1" HEIGHT="66" GC="0.9984">
                                <Shape>
                                    <Polygon POINTS="562 729 561 795 561 795 562 729"/>
                                </Shape>
                            </Glyph>
                            <Glyph ID="char_207" CONTENT="e" HPOS="586" VPOS="729" WIDTH="1" HEIGHT="71" GC="0.9905">
                                <Shape>
                                    <Polygon POINTS="587 729 586 800 586 800 587 729"/>
                                </Shape>
                            </Glyph>
                        </String>
                        <SP ID="segment_76" HPOS="634"  VPOS="737" WIDTH="14"  HEIGHT="64"/>
                        <String ID="segment_77" CONTENT="a" HPOS="659" VPOS="741" WIDTH="1" HEIGHT="56" WC="1.0">
                            <Shape>
                                <Polygon POINTS="660 741 659 797 659 797 660 741"/>
                            </Shape>
                            <Glyph ID="char_209" CONTENT="a" HPOS="659" VPOS="741" WIDTH="1" HEIGHT="56" GC="1.0">
                                <Shape>
                                    <Polygon POINTS="660 741 659 797 659 797 660 741"/>
                                </Shape>
                            </Glyph>
                        </String>
                        <SP ID="segment_78" HPOS="689"  VPOS="746" WIDTH="7"  HEIGHT="48"/>
                        <String ID="segment_79" CONTENT="me" HPOS="714" VPOS="750" WIDTH="43" HEIGHT="61" WC="1.0">
                            <Shape>
                                <Polygon POINTS="715 750 714 799 755 811 757 750"/>
                            </Shape>
                            <Glyph ID="char_211" CONTENT="m" HPOS="714" VPOS="750" WIDTH="1" HEIGHT="49" GC="1.0">
                                <Shape>
                                    <Polygon POINTS="715 750 714 799 714 799 715 750"/>
                                </Shape>
                            </Glyph>
                            <Glyph ID="char_212" CONTENT="e" HPOS="755" VPOS="750" WIDTH="2" HEIGHT="61" GC="1.0">
                                <Shape>
                                    <Polygon POINTS="757 750 755 811 755 811 757 750"/>
                                </Shape>
                            </Glyph>
                        </String>
                        <SP ID="segment_80" HPOS="798"  VPOS="750" WIDTH="8"  HEIGHT="71"/>
                        <String ID="segment_81" CONTENT="faire" HPOS="816" VPOS="735" WIDTH="129" HEIGHT="86" WC="0.9948">
                            <Shape>
                                <Polygon POINTS="818 748 816 821 945 800 945 755"/>
                            </Shape>
                            <Glyph ID="char_214" CONTENT="f" HPOS="816" VPOS="748" WIDTH="2" HEIGHT="73" GC="0.974">
                                <Shape>
                                    <Polygon POINTS="818 748 816 821 816 821 818 748"/>
                                </Shape>
                            </Glyph>
                            <Glyph ID="char_215" CONTENT="a" HPOS="859" VPOS="735" WIDTH="2" HEIGHT="78" GC="1.0">
                                <Shape>
                                    <Polygon POINTS="861 735 859 813 859 813 861 735"/>
                                </Shape>
                            </Glyph>
                            <Glyph ID="char_216" CONTENT="i" HPOS="896" VPOS="747" WIDTH="1" HEIGHT="54" GC="1.0">
                                <Shape>
                                    <Polygon POINTS="897 747 896 801 896 801 897 747"/>
                                </Shape>
                            </Glyph>
                            <Glyph ID="char_217" CONTENT="r" HPOS="920" VPOS="754" WIDTH="1" HEIGHT="46" GC="1.0">
                                <Shape>
                                    <Polygon POINTS="921 754 920 800 920 800 921 754"/>
                                </Shape>
                            </Glyph>
                            <Glyph ID="char_218" CONTENT="e" HPOS="945" VPOS="755" WIDTH="0" HEIGHT="45" GC="1.0">
                                <Shape>
                                    <Polygon POINTS="945 755 945 800 945 800 945 755"/>
                                </Shape>
                            </Glyph>
                        </String>
                        <SP ID="segment_82" HPOS="987"  VPOS="755" WIDTH="7"  HEIGHT="45"/>
                        <String ID="segment_83" CONTENT="arracher" HPOS="1012" VPOS="740" WIDTH="220" HEIGHT="67" WC="0.9888">
                            <Shape>
                                <Polygon POINTS="1013 755 1012 799 1231 804 1232 748"/>
                            </Shape>
                            <Glyph ID="char_220" CONTENT="a" HPOS="1012" VPOS="755" WIDTH="1" HEIGHT="44" GC="0.9994">
                                <Shape>
                                    <Polygon POINTS="1013 755 1012 799 1012 799 1013 755"/>
                                </Shape>
                            </Glyph>
                            <Glyph ID="char_221" CONTENT="r" HPOS="1042" VPOS="755" WIDTH="1" HEIGHT="52" GC="0.9728">
                                <Shape>
                                    <Polygon POINTS="1043 755 1042 807 1042 807 1043 755"/>
                                </Shape>
                            </Glyph>
                            <Glyph ID="char_222" CONTENT="r" HPOS="1066" VPOS="755" WIDTH="1" HEIGHT="52" GC="0.999">
                                <Shape>
                                    <Polygon POINTS="1067 755 1066 807 1066 807 1067 755"/>
                                </Shape>
                            </Glyph>
                            <Glyph ID="char_223" CONTENT="a" HPOS="1103" VPOS="753" WIDTH="1" HEIGHT="53" GC="0.9405">
                                <Shape>
                                    <Polygon POINTS="1104 753 1103 806 1103 806 1104 753"/>
                                </Shape>
                            </Glyph>
                            <Glyph ID="char_224" CONTENT="c" HPOS="1133" VPOS="742" WIDTH="1" HEIGHT="64" GC="1.0">
                                <Shape>
                                    <Polygon POINTS="1134 742 1133 806 1133 806 1134 742"/>
                                </Shape>
                            </Glyph>
                            <Glyph ID="char_225" CONTENT="h" HPOS="1164" VPOS="740" WIDTH="1" HEIGHT="65" GC="0.9999">
                                <Shape>
                                    <Polygon POINTS="1165 740 1164 805 1164 805 1165 740"/>
                                </Shape>
                            </Glyph>
                            <Glyph ID="char_226" CONTENT="e" HPOS="1200" VPOS="743" WIDTH="1" HEIGHT="62" GC="0.9991">
                                <Shape>
                                    <Polygon POINTS="1201 743 1200 805 1200 805 1201 743"/>
                                </Shape>
                            </Glyph>
                            <Glyph ID="char_227" CONTENT="r" HPOS="1231" VPOS="748" WIDTH="1" HEIGHT="56" GC="1.0">
                                <Shape>
                                    <Polygon POINTS="1232 748 1231 804 1231 804 1232 748"/>
                                </Shape>
                            </Glyph>
                        </String>
                        <SP ID="segment_84" HPOS="1266"  VPOS="746" WIDTH="8"  HEIGHT="67"/>
                        <String ID="segment_85" CONTENT="celle" HPOS="1284" VPOS="745" WIDTH="112" HEIGHT="83" WC="1.0">
                            <Shape>
                                <Polygon POINTS="1286 745 1284 814 1394 828 1396 751"/>
                            </Shape>
                            <Glyph ID="char_229" CONTENT="c" HPOS="1284" VPOS="745" WIDTH="2" HEIGHT="69" GC="1.0">
                                <Shape>
                                    <Polygon POINTS="1286 745 1284 814 1284 814 1286 745"/>
                                </Shape>
                            </Glyph>
                            <Glyph ID="char_230" CONTENT="e" HPOS="1316" VPOS="745" WIDTH="1" HEIGHT="63" GC="0.9999">
                                <Shape>
                                    <Polygon POINTS="1317 745 1316 808 1316 808 1317 745"/>
                                </Shape>
                            </Glyph>
                            <Glyph ID="char_231" CONTENT="l" HPOS="1345" VPOS="748" WIDTH="2" HEIGHT="68" GC="1.0">
                                <Shape>
                                    <Polygon POINTS="1347 748 1345 816 1345 816 1347 748"/>
                                </Shape>
                            </Glyph>
                            <Glyph ID="char_232" CONTENT="l" HPOS="1369" VPOS="750" WIDTH="2" HEIGHT="75" GC="1.0">
                                <Shape>
                                    <Polygon POINTS="1371 750 1369 825 1369 825 1371 750"/>
                                </Shape>
                            </Glyph>
                            <Glyph ID="char_233" CONTENT="e" HPOS="1394" VPOS="751" WIDTH="2" HEIGHT="77" GC="1.0">
                                <Shape>
                                    <Polygon POINTS="1396 751 1394 828 1394 828 1396 751"/>
                                </Shape>
                            </Glyph>
                        </String>
                        <SP ID="segment_86" HPOS="1436"  VPOS="749" WIDTH="8"  HEIGHT="84"/>
                        <String ID="segment_87" CONTENT="sur" HPOS="1455" VPOS="749" WIDTH="75" HEIGHT="84" WC="0.9982">
                            <Shape>
                                <Polygon POINTS="1457 753 1455 833 1528 813 1530 755"/>
                            </Shape>
                            <Glyph ID="char_235" CONTENT="s" HPOS="1455" VPOS="753" WIDTH="2" HEIGHT="80" GC="0.9997">
                                <Shape>
                                    <Polygon POINTS="1457 753 1455 833 1455 833 1457 753"/>
                                </Shape>
                            </Glyph>
                            <Glyph ID="char_236" CONTENT="u" HPOS="1497" VPOS="749" WIDTH="2" HEIGHT="72" GC="1.0">
                                <Shape>
                                    <Polygon POINTS="1499 749 1497 821 1497 821 1499 749"/>
                                </Shape>
                            </Glyph>
                            <Glyph ID="char_237" CONTENT="r" HPOS="1528" VPOS="755" WIDTH="2" HEIGHT="58" GC="0.9949">
                                <Shape>
                                    <Polygon POINTS="1530 755 1528 813 1528 813 1530 755"/>
                                </Shape>
                            </Glyph>
                        </String>
                        <SP ID="segment_88" HPOS="1564"  VPOS="756" WIDTH="8"  HEIGHT="61"/>
                        <String ID="segment_89" CONTENT="la" HPOS="1582" VPOS="751" WIDTH="39" HEIGHT="84" WC="0.999">
                            <Shape>
                                <Polygon POINTS="1584 754 1582 822 1619 835 1621 751"/>
                            </Shape>
                            <Glyph ID="char_239" CONTENT="l" HPOS="1582" VPOS="754" WIDTH="2" HEIGHT="68" GC="0.9993">
                                <Shape>
                                    <Polygon POINTS="1584 754 1582 822 1582 822 1584 754"/>
                                </Shape>
                            </Glyph>
                            <Glyph ID="char_240" CONTENT="a" HPOS="1619" VPOS="751" WIDTH="2" HEIGHT="84" GC="0.9987">
                                <Shape>
                                    <Polygon POINTS="1621 751 1619 835 1619 835 1621 751"/>
                                </Shape>
                            </Glyph>
                        </String>
                        <SP ID="segment_90" HPOS="1655"  VPOS="760" WIDTH="7"  HEIGHT="76"/>
                        <String ID="segment_91" CONTENT="qu&#39;elle" HPOS="1680" VPOS="755" WIDTH="172" HEIGHT="84" WC="0.9433">
                            <Shape>
                                <Polygon POINTS="1681 767 1680 836 1850 839 1852 761"/>
                            </Shape>
                            <Glyph ID="char_242" CONTENT="q" HPOS="1680" VPOS="767" WIDTH="1" HEIGHT="69" GC="0.9124">
                                <Shape>
                                    <Polygon POINTS="1681 767 1680 836 1680 836 1681 767"/>
                                </Shape>
                            </Glyph>
                            <Glyph ID="char_243" CONTENT="u" HPOS="1722" VPOS="769" WIDTH="1" HEIGHT="63" GC="0.6939">
                                <Shape>
                                    <Polygon POINTS="1723 769 1722 832 1722 832 1723 769"/>
                                </Shape>
                            </Glyph>
                            <Glyph ID="char_244" CONTENT="&#39;" HPOS="1765" VPOS="755" WIDTH="8" HEIGHT="70" GC="0.9993">
                                <Shape>
                                    <Polygon POINTS="1767 757 1765 825 1771 824 1773 755"/>
                                </Shape>
                            </Glyph>
                            <Glyph ID="char_245" CONTENT="e" HPOS="1783" VPOS="756" WIDTH="2" HEIGHT="68" GC="0.9991">
                                <Shape>
                                    <Polygon POINTS="1785 756 1783 824 1783 824 1785 756"/>
                                </Shape>
                            </Glyph>
                            <Glyph ID="char_246" CONTENT="l" HPOS="1814" VPOS="764" WIDTH="1" HEIGHT="62" GC="0.9991">
                                <Shape>
                                    <Polygon POINTS="1815 764 1814 826 1814 826 1815 764"/>
                                </Shape>
                            </Glyph>
                            <Glyph ID="char_247" CONTENT="l" HPOS="1832" VPOS="763" WIDTH="2" HEIGHT="71" GC="0.9999">
                                <Shape>
                                    <Polygon POINTS="1834 763 1832 834 1832 834 1834 763"/>
                                </Shape>
                            </Glyph>
                            <Glyph ID="char_248" CONTENT="e" HPOS="1850" VPOS="761" WIDTH="2" HEIGHT="78" GC="0.9998">
                                <Shape>
                                    <Polygon POINTS="1852 761 1850 839 1850 839 1852 761"/>
                                </Shape>
                            </Glyph>
                        </String>
                        <SP ID="segment_92" HPOS="1887"  VPOS="764" WIDTH="7"  HEIGHT="73"/>
                        <String ID="segment_93" CONTENT="je" HPOS="1905" VPOS="770" WIDTH="31" HEIGHT="66" WC="0.9999">
                            <Shape>
                                <Polygon POINTS="1906 770 1905 836 1935 835 1936 773"/>
                            </Shape>
                            <Glyph ID="char_250" CONTENT="j" HPOS="1905" VPOS="770" WIDTH="1" HEIGHT="66" GC="0.9998">
                                <Shape>
                                    <Polygon POINTS="1906 770 1905 836 1905 836 1906 770"/>
                                </Shape>
                            </Glyph>
                            <Glyph ID="char_251" CONTENT="e" HPOS="1935" VPOS="773" WIDTH="1" HEIGHT="62" GC="0.9999">
                                <Shape>
                                    <Polygon POINTS="1936 773 1935 835 1935 835 1936 773"/>
                                </Shape>
                            </Glyph>
                        </String>
                    </TextLine>

                    <TextLine ID="f9f031b6-e654-4e42-a2f0-39f2679cd059" HPOS="379.0" VPOS="809.0" WIDTH="1624.0" HEIGHT="101.0" BASELINE="379.0 854.0 811.0 862.0 1403.0 884.0 2003.0 891.0" TAGREFS="LINE_TYPE_1">
                        <Shape>
                            <Polygon POINTS="379.0 854.0 379.0 879.0 468.0 868.0 586.0 882.0 587.0 882.0 631.0 873.0 736.0 890.0 737.0 891.0 812.0 891.0 812.0 890.0 867.0 877.0 1039.0 880.0 1071.0 897.0 1072.0 897.0 1227.0 900.0 1228.0 900.0 1282.0 891.0 1372.0 902.0 1374.0 902.0 1375.0 902.0 1413.0 891.0 1429.0 900.0 1430.0 900.0 1432.0 900.0 1498.0 905.0 1499.0 905.0 1501.0 905.0 1524.0 894.0 1603.0 910.0 1605.0 910.0 1654.0 900.0 1750.0 910.0 1752.0 910.0 1753.0 910.0 1770.0 902.0 1801.0 910.0 1802.0 910.0 1804.0 910.0 2001.0 905.0 2003.0 891.0 2000.0 858.0 1972.0 861.0 1906.0 845.0 1905.0 845.0 1840.0 859.0 1810.0 844.0 1808.0 844.0 1807.0 844.0 1805.0 844.0 1773.0 858.0 1680.0 858.0 1605.0 828.0 1603.0 828.0 1543.0 827.0 1542.0 827.0 1540.0 827.0 1478.0 851.0 1398.0 842.0 1397.0 842.0 1346.0 848.0 1277.0 821.0 1276.0 821.0 1052.0 816.0 1051.0 816.0 1049.0 816.0 1020.0 830.0 994.0 825.0 993.0 825.0 991.0 825.0 944.0 839.0 833.0 816.0 832.0 816.0 830.0 816.0 792.0 827.0 745.0 809.0 743.0 809.0 684.0 809.0 682.0 809.0 680.0 809.0 613.0 832.0 445.0 828.0 379.0 813.0 379.0 854.0"/>
                        </Shape>
                        <String ID="segment_94" CONTENT="mange." HPOS="415" VPOS="821" WIDTH="186" HEIGHT="58" WC="0.9996">
                            <Shape>
                                <Polygon POINTS="416 821 415 875 601 879 601 832"/>
                            </Shape>
                            <Glyph ID="char_252" CONTENT="m" HPOS="415" VPOS="821" WIDTH="1" HEIGHT="54" GC="0.9998">
                                <Shape>
                                    <Polygon POINTS="416 821 415 875 415 875 416 821"/>
                                </Shape>
                            </Glyph>
                            <Glyph ID="char_253" CONTENT="a" HPOS="457" VPOS="828" WIDTH="0" HEIGHT="41" GC="1.0">
                                <Shape>
                                    <Polygon POINTS="457 828 457 869 457 869 457 828"/>
                                </Shape>
                            </Glyph>
                            <Glyph ID="char_254" CONTENT="n" HPOS="499" VPOS="829" WIDTH="0" HEIGHT="43" GC="0.9999">
                                <Shape>
                                    <Polygon POINTS="499 829 499 872 499 872 499 829"/>
                                </Shape>
                            </Glyph>
                            <Glyph ID="char_255" CONTENT="g" HPOS="529" VPOS="830" WIDTH="0" HEIGHT="45" GC="0.9998">
                                <Shape>
                                    <Polygon POINTS="529 830 529 875 529 875 529 830"/>
                                </Shape>
                            </Glyph>
                            <Glyph ID="char_256" CONTENT="e" HPOS="559" VPOS="831" WIDTH="0" HEIGHT="48" GC="0.9984">
                                <Shape>
                                    <Polygon POINTS="559 831 559 879 559 879 559 831"/>
                                </Shape>
                            </Glyph>
                            <Glyph ID="char_257" CONTENT="." HPOS="601" VPOS="832" WIDTH="0" HEIGHT="47" GC="1.0">
                                <Shape>
                                    <Polygon POINTS="601 832 601 879 601 879 601 832"/>
                                </Shape>
                            </Glyph>
                        </String>
                        <SP ID="segment_95" HPOS="655"  VPOS="817" WIDTH="1"  HEIGHT="60"/>
                        <String ID="segment_96" CONTENT="L&#39;aquilon" HPOS="673" VPOS="809" WIDTH="229" HEIGHT="82" WC="0.9915">
                            <Shape>
                                <Polygon POINTS="674 811 673 880 900 878 902 830"/>
                            </Shape>
                            <Glyph ID="char_259" CONTENT="L" HPOS="673" VPOS="811" WIDTH="1" HEIGHT="69" GC="0.9999">
                                <Shape>
                                    <Polygon POINTS="674 811 673 880 673 880 674 811"/>
                                </Shape>
                            </Glyph>
                            <Glyph ID="char_260" CONTENT="&#39;" HPOS="708" VPOS="809" WIDTH="2" HEIGHT="77" GC="1.0">
                                <Shape>
                                    <Polygon POINTS="710 809 708 886 708 886 710 809"/>
                                </Shape>
                            </Glyph>
                            <Glyph ID="char_261" CONTENT="a" HPOS="726" VPOS="809" WIDTH="2" HEIGHT="79" GC="0.9958">
                                <Shape>
                                    <Polygon POINTS="728 809 726 888 726 888 728 809"/>
                                </Shape>
                            </Glyph>
                            <Glyph ID="char_262" CONTENT="q" HPOS="762" VPOS="816" WIDTH="2" HEIGHT="75" GC="0.9999">
                                <Shape>
                                    <Polygon POINTS="764 816 762 891 762 891 764 816"/>
                                </Shape>
                            </Glyph>
                            <Glyph ID="char_263" CONTENT="u" HPOS="798" VPOS="825" WIDTH="2" HEIGHT="66" GC="1.0">
                                <Shape>
                                    <Polygon POINTS="800 825 798 891 798 891 800 825"/>
                                </Shape>
                            </Glyph>
                            <Glyph ID="char_264" CONTENT="i" HPOS="822" VPOS="818" WIDTH="3" HEIGHT="70" GC="0.9998">
                                <Shape>
                                    <Polygon POINTS="825 818 822 888 822 888 825 818"/>
                                </Shape>
                            </Glyph>
                            <Glyph ID="char_265" CONTENT="l" HPOS="846" VPOS="819" WIDTH="3" HEIGHT="63" GC="0.9615">
                                <Shape>
                                    <Polygon POINTS="849 819 846 882 846 882 849 819"/>
                                </Shape>
                            </Glyph>
                            <Glyph ID="char_266" CONTENT="o" HPOS="870" VPOS="824" WIDTH="2" HEIGHT="53" GC="0.967">
                                <Shape>
                                    <Polygon POINTS="872 824 870 877 870 877 872 824"/>
                                </Shape>
                            </Glyph>
                            <Glyph ID="char_267" CONTENT="n" HPOS="900" VPOS="830" WIDTH="2" HEIGHT="48" GC="1.0">
                                <Shape>
                                    <Polygon POINTS="902 830 900 878 900 878 902 830"/>
                                </Shape>
                            </Glyph>
                        </String>
                        <SP ID="segment_97" HPOS="942"  VPOS="837" WIDTH="8"  HEIGHT="41"/>
                        <String ID="segment_98" CONTENT="et" HPOS="954" VPOS="826" WIDTH="32" HEIGHT="53" WC="1.0">
                            <Shape>
                                <Polygon POINTS="956 835 954 879 984 879 986 826"/>
                            </Shape>
                            <Glyph ID="char_269" CONTENT="e" HPOS="954" VPOS="835" WIDTH="2" HEIGHT="44" GC="1.0">
                                <Shape>
                                    <Polygon POINTS="956 835 954 879 954 879 956 835"/>
                                </Shape>
                            </Glyph>
                            <Glyph ID="char_270" CONTENT="t" HPOS="984" VPOS="826" WIDTH="2" HEIGHT="53" GC="1.0">
                                <Shape>
                                    <Polygon POINTS="986 826 984 879 984 879 986 826"/>
                                </Shape>
                            </Glyph>
                        </String>
                        <SP ID="segment_99" HPOS="1032"  VPOS="820" WIDTH="9"  HEIGHT="60"/>
                        <String ID="segment_100" CONTENT="la" HPOS="1044" VPOS="817" WIDTH="33" HEIGHT="80" WC="0.9997">
                            <Shape>
                                <Polygon POINTS="1047 817 1044 883 1074 897 1077 817"/>
                            </Shape>
                            <Glyph ID="char_272" CONTENT="l" HPOS="1044" VPOS="817" WIDTH="3" HEIGHT="66" GC="1.0">
                                <Shape>
                                    <Polygon POINTS="1047 817 1044 883 1044 883 1047 817"/>
                                </Shape>
                            </Glyph>
                            <Glyph ID="char_273" CONTENT="a" HPOS="1074" VPOS="817" WIDTH="3" HEIGHT="80" GC="0.9994">
                                <Shape>
                                    <Polygon POINTS="1077 817 1074 897 1074 897 1077 817"/>
                                </Shape>
                            </Glyph>
                        </String>
                        <SP ID="segment_101" HPOS="1116"  VPOS="817" WIDTH="9"  HEIGHT="81"/>
                        <String ID="segment_102" CONTENT="fidele" HPOS="1134" VPOS="818" WIDTH="135" HEIGHT="82" WC="0.9797">
                            <Shape>
                                <Polygon POINTS="1137 818 1134 898 1266 894 1269 821"/>
                            </Shape>
                            <Glyph ID="char_275" CONTENT="f" HPOS="1134" VPOS="818" WIDTH="3" HEIGHT="80" GC="1.0">
                                <Shape>
                                    <Polygon POINTS="1137 818 1134 898 1134 898 1137 818"/>
                                </Shape>
                            </Glyph>
                            <Glyph ID="char_276" CONTENT="i" HPOS="1170" VPOS="819" WIDTH="3" HEIGHT="80" GC="0.9999">
                                <Shape>
                                    <Polygon POINTS="1173 819 1170 899 1170 899 1173 819"/>
                                </Shape>
                            </Glyph>
                            <Glyph ID="char_277" CONTENT="d" HPOS="1194" VPOS="819" WIDTH="3" HEIGHT="80" GC="0.8783">
                                <Shape>
                                    <Polygon POINTS="1197 819 1194 899 1194 899 1197 819"/>
                                </Shape>
                            </Glyph>
                            <Glyph ID="char_278" CONTENT="e" HPOS="1224" VPOS="820" WIDTH="3" HEIGHT="80" GC="0.9999">
                                <Shape>
                                    <Polygon POINTS="1227 820 1224 900 1224 900 1227 820"/>
                                </Shape>
                            </Glyph>
                            <Glyph ID="char_279" CONTENT="l" HPOS="1254" VPOS="821" WIDTH="3" HEIGHT="75" GC="1.0">
                                <Shape>
                                    <Polygon POINTS="1257 821 1254 896 1254 896 1257 821"/>
                                </Shape>
                            </Glyph>
                            <Glyph ID="char_280" CONTENT="e" HPOS="1266" VPOS="821" WIDTH="3" HEIGHT="73" GC="0.9999">
                                <Shape>
                                    <Polygon POINTS="1269 821 1266 894 1266 894 1269 821"/>
                                </Shape>
                            </Glyph>
                        </String>
                        <SP ID="segment_103" HPOS="1314"  VPOS="836" WIDTH="8"  HEIGHT="60"/>
                        <String ID="segment_104" CONTENT="ont" HPOS="1332" VPOS="842" WIDTH="62" HEIGHT="59" WC="0.9733">
                            <Shape>
                                <Polygon POINTS="1334 843 1332 897 1392 897 1394 842"/>
                            </Shape>
                            <Glyph ID="char_282" CONTENT="o" HPOS="1332" VPOS="843" WIDTH="2" HEIGHT="54" GC="0.9971">
                                <Shape>
                                    <Polygon POINTS="1334 843 1332 897 1332 897 1334 843"/>
                                </Shape>
                            </Glyph>
                            <Glyph ID="char_283" CONTENT="n" HPOS="1362" VPOS="846" WIDTH="2" HEIGHT="55" GC="0.9254">
                                <Shape>
                                    <Polygon POINTS="1364 846 1362 901 1362 901 1364 846"/>
                                </Shape>
                            </Glyph>
                            <Glyph ID="char_284" CONTENT="t" HPOS="1392" VPOS="842" WIDTH="2" HEIGHT="55" GC="0.9973">
                                <Shape>
                                    <Polygon POINTS="1394 842 1392 897 1392 897 1394 842"/>
                                </Shape>
                            </Glyph>
                        </String>
                        <SP ID="segment_105" HPOS="1422"  VPOS="845" WIDTH="7"  HEIGHT="55"/>
                        <String ID="segment_106" CONTENT="rendû̈es" HPOS="1440" VPOS="828" WIDTH="187" HEIGHT="82" WC="0.9908">
                            <Shape>
                                <Polygon POINTS="1441 847 1440 901 1626 906 1627 837"/>
                            </Shape>
                            <Glyph ID="char_286" CONTENT="r" HPOS="1440" VPOS="847" WIDTH="1" HEIGHT="54" GC="0.9999">
                                <Shape>
                                    <Polygon POINTS="1441 847 1440 901 1440 901 1441 847"/>
                                </Shape>
                            </Glyph>
                            <Glyph ID="char_287" CONTENT="e" HPOS="1470" VPOS="850" WIDTH="1" HEIGHT="53" GC="1.0">
                                <Shape>
                                    <Polygon POINTS="1471 850 1470 903 1470 903 1471 850"/>
                                </Shape>
                            </Glyph>
                            <Glyph ID="char_288" CONTENT="n" HPOS="1506" VPOS="840" WIDTH="1" HEIGHT="62" GC="1.0">
                                <Shape>
                                    <Polygon POINTS="1507 840 1506 902 1506 902 1507 840"/>
                                </Shape>
                            </Glyph>
                            <Glyph ID="char_289" CONTENT="d" HPOS="1536" VPOS="828" WIDTH="1" HEIGHT="69" GC="0.9997">
                                <Shape>
                                    <Polygon POINTS="1537 828 1536 897 1536 897 1537 828"/>
                                </Shape>
                            </Glyph>
                            <Glyph ID="char_290" CONTENT="u" HPOS="1578" VPOS="828" WIDTH="1" HEIGHT="77" GC="0.9999">
                                <Shape>
                                    <Polygon POINTS="1579 828 1578 905 1578 905 1579 828"/>
                                </Shape>
                            </Glyph>
                            <Glyph ID="char_291" CONTENT="̂" HPOS="1584" VPOS="828" WIDTH="1" HEIGHT="78" GC="0.9981">
                                <Shape>
                                    <Polygon POINTS="1585 828 1584 906 1584 906 1585 828"/>
                                </Shape>
                            </Glyph>
                            <Glyph ID="char_292" CONTENT="̈" HPOS="1590" VPOS="828" WIDTH="1" HEIGHT="79" GC="0.9303">
                                <Shape>
                                    <Polygon POINTS="1591 828 1590 907 1590 907 1591 828"/>
                                </Shape>
                            </Glyph>
                            <Glyph ID="char_293" CONTENT="e" HPOS="1602" VPOS="828" WIDTH="1" HEIGHT="82" GC="1.0">
                                <Shape>
                                    <Polygon POINTS="1603 828 1602 910 1602 910 1603 828"/>
                                </Shape>
                            </Glyph>
                            <Glyph ID="char_294" CONTENT="s" HPOS="1626" VPOS="837" WIDTH="1" HEIGHT="69" GC="0.9891">
                                <Shape>
                                    <Polygon POINTS="1627 837 1626 906 1626 906 1627 837"/>
                                </Shape>
                            </Glyph>
                        </String>
                        <SP ID="segment_107" HPOS="1656"  VPOS="849" WIDTH="1"  HEIGHT="51"/>
                        <String ID="segment_108" CONTENT="un" HPOS="1686" VPOS="858" WIDTH="37" HEIGHT="49" WC="0.6118">
                            <Shape>
                                <Polygon POINTS="1687 858 1686 903 1722 907 1723 858"/>
                            </Shape>
                            <Glyph ID="char_296" CONTENT="u" HPOS="1686" VPOS="858" WIDTH="1" HEIGHT="45" GC="0.5599">
                                <Shape>
                                    <Polygon POINTS="1687 858 1686 903 1686 903 1687 858"/>
                                </Shape>
                            </Glyph>
                            <Glyph ID="char_297" CONTENT="n" HPOS="1722" VPOS="858" WIDTH="1" HEIGHT="49" GC="0.6637">
                                <Shape>
                                    <Polygon POINTS="1723 858 1722 907 1722 907 1723 858"/>
                                </Shape>
                            </Glyph>
                        </String>
                        <SP ID="segment_109" HPOS="1758"  VPOS="858" WIDTH="7"  HEIGHT="50"/>
                        <String ID="segment_110" CONTENT="combat" HPOS="1776" VPOS="844" WIDTH="181" HEIGHT="66" WC="0.999">
                            <Shape>
                                <Polygon POINTS="1777 856 1776 904 1956 906 1957 857"/>
                            </Shape>
                            <Glyph ID="char_299" CONTENT="c" HPOS="1776" VPOS="856" WIDTH="1" HEIGHT="48" GC="0.9998">
                                <Shape>
                                    <Polygon POINTS="1777 856 1776 904 1776 904 1777 856"/>
                                </Shape>
                            </Glyph>
                            <Glyph ID="char_300" CONTENT="o" HPOS="1806" VPOS="844" WIDTH="1" HEIGHT="66" GC="0.9997">
                                <Shape>
                                    <Polygon POINTS="1807 844 1806 910 1806 910 1807 844"/>
                                </Shape>
                            </Glyph>
                            <Glyph ID="char_301" CONTENT="m" HPOS="1836" VPOS="857" WIDTH="1" HEIGHT="52" GC="0.9999">
                                <Shape>
                                    <Polygon POINTS="1837 857 1836 909 1836 909 1837 857"/>
                                </Shape>
                            </Glyph>
                            <Glyph ID="char_302" CONTENT="b" HPOS="1884" VPOS="849" WIDTH="1" HEIGHT="59" GC="0.9971">
                                <Shape>
                                    <Polygon POINTS="1885 849 1884 908 1884 908 1885 849"/>
                                </Shape>
                            </Glyph>
                            <Glyph ID="char_303" CONTENT="a" HPOS="1920" VPOS="849" WIDTH="1" HEIGHT="58" GC="0.9974">
                                <Shape>
                                    <Polygon POINTS="1921 849 1920 907 1920 907 1921 849"/>
                                </Shape>
                            </Glyph>
                            <Glyph ID="char_304" CONTENT="t" HPOS="1956" VPOS="857" WIDTH="1" HEIGHT="49" GC="0.9999">
                                <Shape>
                                    <Polygon POINTS="1957 857 1956 906 1956 906 1957 857"/>
                                </Shape>
                            </Glyph>
                        </String>
                    </TextLine>

                    <TextLine ID="56c78580-b466-45f2-b83e-ea0f615bdb7d" HPOS="381.0" VPOS="888.0" WIDTH="1611.0" HEIGHT="107.0" BASELINE="382.0 937.0 884.0 943.0 1487.0 968.0 1992.0 975.0" TAGREFS="LINE_TYPE_1">
                        <Shape>
                            <Polygon POINTS="382.0 937.0 381.0 955.0 656.0 954.0 739.0 966.0 740.0 966.0 823.0 957.0 859.0 965.0 861.0 965.0 982.0 962.0 1011.0 971.0 1013.0 971.0 1014.0 972.0 1355.0 972.0 1446.0 984.0 1641.0 989.0 1643.0 989.0 1644.0 989.0 1669.0 980.0 1692.0 989.0 1693.0 989.0 1695.0 989.0 1744.0 981.0 1808.0 994.0 1810.0 994.0 1857.0 986.0 1914.0 995.0 1915.0 995.0 1990.0 989.0 1992.0 975.0 1990.0 948.0 1834.0 945.0 1813.0 934.0 1811.0 934.0 1810.0 934.0 1762.0 942.0 1724.0 925.0 1723.0 925.0 1721.0 925.0 1637.0 939.0 1404.0 934.0 1369.0 911.0 1368.0 911.0 1366.0 911.0 1364.0 911.0 1210.0 914.0 1092.0 905.0 1091.0 905.0 993.0 922.0 967.0 906.0 965.0 906.0 964.0 906.0 962.0 906.0 893.0 916.0 846.0 899.0 844.0 899.0 843.0 899.0 772.0 911.0 723.0 896.0 722.0 896.0 612.0 893.0 610.0 893.0 527.0 911.0 436.0 888.0 434.0 888.0 433.0 888.0 382.0 896.0 382.0 937.0"/>
                        </Shape>
                        <String ID="segment_111" CONTENT="fort" HPOS="401" VPOS="889" WIDTH="69" HEIGHT="66" WC="0.9999">
                            <Shape>
                                <Polygon POINTS="402 893 401 955 470 955 470 897"/>
                            </Shape>
                            <Glyph ID="char_305" CONTENT="f" HPOS="401" VPOS="893" WIDTH="1" HEIGHT="62" GC="1.0">
                                <Shape>
                                    <Polygon POINTS="402 893 401 955 401 955 402 893"/>
                                </Shape>
                            </Glyph>
                            <Glyph ID="char_306" CONTENT="o" HPOS="426" VPOS="889" WIDTH="1" HEIGHT="66" GC="1.0">
                                <Shape>
                                    <Polygon POINTS="427 889 426 955 426 955 427 889"/>
                                </Shape>
                            </Glyph>
                            <Glyph ID="char_307" CONTENT="r" HPOS="445" VPOS="890" WIDTH="1" HEIGHT="65" GC="1.0">
                                <Shape>
                                    <Polygon POINTS="446 890 445 955 445 955 446 890"/>
                                </Shape>
                            </Glyph>
                            <Glyph ID="char_308" CONTENT="t" HPOS="470" VPOS="897" WIDTH="0" HEIGHT="58" GC="0.9997">
                                <Shape>
                                    <Polygon POINTS="470 897 470 955 470 955 470 897"/>
                                </Shape>
                            </Glyph>
                        </String>
                        <SP ID="segment_112" HPOS="504"  VPOS="905" WIDTH="5"  HEIGHT="50"/>
                        <String ID="segment_113" CONTENT="opindatre" HPOS="523" VPOS="894" WIDTH="215" HEIGHT="72" WC="0.9961">
                            <Shape>
                                <Polygon POINTS="523 910 523 954 738 966 738 901"/>
                            </Shape>
                            <Glyph ID="char_310" CONTENT="o" HPOS="523" VPOS="910" WIDTH="0" HEIGHT="44" GC="0.9803">
                                <Shape>
                                    <Polygon POINTS="523 910 523 954 523 954 523 910"/>
                                </Shape>
                            </Glyph>
                            <Glyph ID="char_311" CONTENT="p" HPOS="548" VPOS="906" WIDTH="0" HEIGHT="48" GC="1.0">
                                <Shape>
                                    <Polygon POINTS="548 906 548 954 548 954 548 906"/>
                                </Shape>
                            </Glyph>
                            <Glyph ID="char_312" CONTENT="i" HPOS="582" VPOS="899" WIDTH="0" HEIGHT="55" GC="0.9963">
                                <Shape>
                                    <Polygon POINTS="582 899 582 954 582 954 582 899"/>
                                </Shape>
                            </Glyph>
                            <Glyph ID="char_313" CONTENT="n" HPOS="606" VPOS="894" WIDTH="1" HEIGHT="60" GC="0.9968">
                                <Shape>
                                    <Polygon POINTS="607 894 606 954 606 954 607 894"/>
                                </Shape>
                            </Glyph>
                            <Glyph ID="char_314" CONTENT="d" HPOS="640" VPOS="894" WIDTH="1" HEIGHT="60" GC="1.0">
                                <Shape>
                                    <Polygon POINTS="641 894 640 954 640 954 641 894"/>
                                </Shape>
                            </Glyph>
                            <Glyph ID="char_315" CONTENT="a" HPOS="664" VPOS="894" WIDTH="1" HEIGHT="61" GC="0.9937">
                                <Shape>
                                    <Polygon POINTS="665 894 664 955 664 955 665 894"/>
                                </Shape>
                            </Glyph>
                            <Glyph ID="char_316" CONTENT="t" HPOS="694" VPOS="895" WIDTH="1" HEIGHT="64" GC="0.9983">
                                <Shape>
                                    <Polygon POINTS="695 895 694 959 694 959 695 895"/>
                                </Shape>
                            </Glyph>
                            <Glyph ID="char_317" CONTENT="r" HPOS="713" VPOS="896" WIDTH="1" HEIGHT="66" GC="1.0">
                                <Shape>
                                    <Polygon POINTS="714 896 713 962 713 962 714 896"/>
                                </Shape>
                            </Glyph>
                            <Glyph ID="char_318" CONTENT="e" HPOS="738" VPOS="901" WIDTH="0" HEIGHT="65" GC="1.0">
                                <Shape>
                                    <Polygon POINTS="738 901 738 966 738 966 738 901"/>
                                </Shape>
                            </Glyph>
                        </String>
                        <SP ID="segment_114" HPOS="776"  VPOS="909" WIDTH="5"  HEIGHT="53"/>
                        <String ID="segment_115" CONTENT="contre" HPOS="791" VPOS="899" WIDTH="118" HEIGHT="66" WC="0.9966">
                            <Shape>
                                <Polygon POINTS="791 908 791 960 907 964 909 914"/>
                            </Shape>
                            <Glyph ID="char_320" CONTENT="c" HPOS="791" VPOS="908" WIDTH="0" HEIGHT="52" GC="0.9965">
                                <Shape>
                                    <Polygon POINTS="791 908 791 960 791 960 791 908"/>
                                </Shape>
                            </Glyph>
                            <Glyph ID="char_321" CONTENT="o" HPOS="811" VPOS="904" WIDTH="0" HEIGHT="54" GC="0.9935">
                                <Shape>
                                    <Polygon POINTS="811 904 811 958 811 958 811 904"/>
                                </Shape>
                            </Glyph>
                            <Glyph ID="char_322" CONTENT="n" HPOS="840" VPOS="899" WIDTH="0" HEIGHT="62" GC="0.9949">
                                <Shape>
                                    <Polygon POINTS="840 899 840 961 840 961 840 899"/>
                                </Shape>
                            </Glyph>
                            <Glyph ID="char_323" CONTENT="t" HPOS="869" VPOS="907" WIDTH="0" HEIGHT="58" GC="0.996">
                                <Shape>
                                    <Polygon POINTS="869 907 869 965 869 965 869 907"/>
                                </Shape>
                            </Glyph>
                            <Glyph ID="char_324" CONTENT="r" HPOS="884" VPOS="913" WIDTH="0" HEIGHT="51" GC="0.9986">
                                <Shape>
                                    <Polygon POINTS="884 913 884 964 884 964 884 913"/>
                                </Shape>
                            </Glyph>
                            <Glyph ID="char_325" CONTENT="e" HPOS="902" VPOS="914" WIDTH="7" HEIGHT="50" GC="1.0">
                                <Shape>
                                    <Polygon POINTS="904 914 902 964 907 964 909 914"/>
                                </Shape>
                            </Glyph>
                        </String>
                        <SP ID="segment_116" HPOS="926"  VPOS="910" WIDTH="7"  HEIGHT="53"/>
                        <String ID="segment_117" CONTENT="an" HPOS="946" VPOS="908" WIDTH="46" HEIGHT="57" WC="0.9904">
                            <Shape>
                                <Polygon POINTS="948 908 946 963 990 965 992 921"/>
                            </Shape>
                            <Glyph ID="char_327" CONTENT="a" HPOS="946" VPOS="908" WIDTH="2" HEIGHT="55" GC="0.9991">
                                <Shape>
                                    <Polygon POINTS="948 908 946 963 946 963 948 908"/>
                                </Shape>
                            </Glyph>
                            <Glyph ID="char_328" CONTENT="n" HPOS="990" VPOS="921" WIDTH="2" HEIGHT="44" GC="0.9818">
                                <Shape>
                                    <Polygon POINTS="992 921 990 965 990 965 992 921"/>
                                </Shape>
                            </Glyph>
                        </String>
                        <SP ID="segment_118" HPOS="1029"  VPOS="914" WIDTH="7"  HEIGHT="58"/>
                        <String ID="segment_119" CONTENT="V^n" HPOS="1038" VPOS="905" WIDTH="77" HEIGHT="67" WC="0.9888">
                            <Shape>
                                <Polygon POINTS="1040 914 1038 972 1112 972 1115 907"/>
                            </Shape>
                            <Glyph ID="char_330" CONTENT="V" HPOS="1038" VPOS="914" WIDTH="2" HEIGHT="58" GC="0.9675">
                                <Shape>
                                    <Polygon POINTS="1040 914 1038 972 1038 972 1040 914"/>
                                </Shape>
                            </Glyph>
                            <Glyph ID="char_331" CONTENT="^" HPOS="1087" VPOS="905" WIDTH="13" HEIGHT="67" GC="1.0">
                                <Shape>
                                    <Polygon POINTS="1090 905 1087 972 1097 972 1100 906"/>
                                </Shape>
                            </Glyph>
                            <Glyph ID="char_332" CONTENT="n" HPOS="1112" VPOS="907" WIDTH="3" HEIGHT="65" GC="0.9991">
                                <Shape>
                                    <Polygon POINTS="1115 907 1112 972 1112 972 1115 907"/>
                                </Shape>
                            </Glyph>
                        </String>
                        <SP ID="segment_120" HPOS="1160"  VPOS="910" WIDTH="8"  HEIGHT="62"/>
                        <String ID="segment_121" CONTENT="de" HPOS="1175" VPOS="912" WIDTH="31" HEIGHT="60" WC="0.9973">
                            <Shape>
                                <Polygon POINTS="1178 912 1175 972 1204 972 1206 914"/>
                            </Shape>
                            <Glyph ID="char_334" CONTENT="d" HPOS="1175" VPOS="912" WIDTH="3" HEIGHT="60" GC="0.995">
                                <Shape>
                                    <Polygon POINTS="1178 912 1175 972 1175 972 1178 912"/>
                                </Shape>
                            </Glyph>
                            <Glyph ID="char_335" CONTENT="e" HPOS="1204" VPOS="914" WIDTH="2" HEIGHT="58" GC="0.9995">
                                <Shape>
                                    <Polygon POINTS="1206 914 1204 972 1204 972 1206 914"/>
                                </Shape>
                            </Glyph>
                        </String>
                        <SP ID="segment_122" HPOS="1233"  VPOS="913" WIDTH="7"  HEIGHT="59"/>
                        <String ID="segment_123" CONTENT="60" HPOS="1248" VPOS="912" WIDTH="42" HEIGHT="60" WC="0.9999">
                            <Shape>
                                <Polygon POINTS="1251 913 1248 972 1287 972 1290 912"/>
                            </Shape>
                            <Glyph ID="char_337" CONTENT="6" HPOS="1248" VPOS="913" WIDTH="3" HEIGHT="59" GC="0.9999">
                                <Shape>
                                    <Polygon POINTS="1251 913 1248 972 1248 972 1251 913"/>
                                </Shape>
                            </Glyph>
                            <Glyph ID="char_338" CONTENT="0" HPOS="1287" VPOS="912" WIDTH="3" HEIGHT="60" GC="1.0">
                                <Shape>
                                    <Polygon POINTS="1290 912 1287 972 1287 972 1290 912"/>
                                </Shape>
                            </Glyph>
                        </String>
                        <SP ID="segment_124" HPOS="1331"  VPOS="912" WIDTH="3"  HEIGHT="60"/>
                        <String ID="segment_125" CONTENT="Canons" HPOS="1345" VPOS="911" WIDTH="162" HEIGHT="75" WC="0.9948">
                            <Shape>
                                <Polygon POINTS="1348 911 1345 972 1506 986 1507 936"/>
                            </Shape>
                            <Glyph ID="char_340" CONTENT="C" HPOS="1345" VPOS="911" WIDTH="3" HEIGHT="61" GC="0.9692">
                                <Shape>
                                    <Polygon POINTS="1348 911 1345 972 1345 972 1348 911"/>
                                </Shape>
                            </Glyph>
                            <Glyph ID="char_341" CONTENT="a" HPOS="1379" VPOS="919" WIDTH="2" HEIGHT="56" GC="1.0">
                                <Shape>
                                    <Polygon POINTS="1381 919 1379 975 1379 975 1381 919"/>
                                </Shape>
                            </Glyph>
                            <Glyph ID="char_342" CONTENT="n" HPOS="1413" VPOS="934" WIDTH="2" HEIGHT="46" GC="1.0">
                                <Shape>
                                    <Polygon POINTS="1415 934 1413 980 1413 980 1415 934"/>
                                </Shape>
                            </Glyph>
                            <Glyph ID="char_343" CONTENT="o" HPOS="1448" VPOS="935" WIDTH="2" HEIGHT="49" GC="1.0">
                                <Shape>
                                    <Polygon POINTS="1450 935 1448 984 1448 984 1450 935"/>
                                </Shape>
                            </Glyph>
                            <Glyph ID="char_344" CONTENT="n" HPOS="1477" VPOS="936" WIDTH="2" HEIGHT="49" GC="0.9998">
                                <Shape>
                                    <Polygon POINTS="1479 936 1477 985 1477 985 1479 936"/>
                                </Shape>
                            </Glyph>
                            <Glyph ID="char_345" CONTENT="s" HPOS="1506" VPOS="936" WIDTH="1" HEIGHT="50" GC="0.9999">
                                <Shape>
                                    <Polygon POINTS="1507 936 1506 986 1506 986 1507 936"/>
                                </Shape>
                            </Glyph>
                        </String>
                        <SP ID="segment_126" HPOS="1525"  VPOS="937" WIDTH="6"  HEIGHT="49"/>
                        <String ID="segment_127" CONTENT="anglois" HPOS="1545" VPOS="926" WIDTH="181" HEIGHT="63" WC="0.9949">
                            <Shape>
                                <Polygon POINTS="1546 937 1545 987 1725 984 1726 926"/>
                            </Shape>
                            <Glyph ID="char_347" CONTENT="a" HPOS="1545" VPOS="937" WIDTH="1" HEIGHT="50" GC="0.9995">
                                <Shape>
                                    <Polygon POINTS="1546 937 1545 987 1545 987 1546 937"/>
                                </Shape>
                            </Glyph>
                            <Glyph ID="char_348" CONTENT="n" HPOS="1589" VPOS="938" WIDTH="1" HEIGHT="50" GC="0.9873">
                                <Shape>
                                    <Polygon POINTS="1590 938 1589 988 1589 988 1590 938"/>
                                </Shape>
                            </Glyph>
                            <Glyph ID="char_349" CONTENT="g" HPOS="1637" VPOS="939" WIDTH="1" HEIGHT="50" GC="0.9939">
                                <Shape>
                                    <Polygon POINTS="1638 939 1637 989 1637 989 1638 939"/>
                                </Shape>
                            </Glyph>
                            <Glyph ID="char_350" CONTENT="l" HPOS="1662" VPOS="935" WIDTH="1" HEIGHT="47" GC="0.9992">
                                <Shape>
                                    <Polygon POINTS="1663 935 1662 982 1662 982 1663 935"/>
                                </Shape>
                            </Glyph>
                            <Glyph ID="char_351" CONTENT="o" HPOS="1681" VPOS="932" WIDTH="1" HEIGHT="53" GC="0.9999">
                                <Shape>
                                    <Polygon POINTS="1682 932 1681 985 1681 985 1682 932"/>
                                </Shape>
                            </Glyph>
                            <Glyph ID="char_352" CONTENT="i" HPOS="1706" VPOS="927" WIDTH="1" HEIGHT="60" GC="0.9854">
                                <Shape>
                                    <Polygon POINTS="1707 927 1706 987 1706 987 1707 927"/>
                                </Shape>
                            </Glyph>
                            <Glyph ID="char_353" CONTENT="s" HPOS="1725" VPOS="926" WIDTH="1" HEIGHT="58" GC="0.9991">
                                <Shape>
                                    <Polygon POINTS="1726 926 1725 984 1725 984 1726 926"/>
                                </Shape>
                            </Glyph>
                        </String>
                        <SP ID="segment_128" HPOS="1754"  VPOS="939" WIDTH="6"  HEIGHT="45"/>
                        <String ID="segment_129" CONTENT="et" HPOS="1769" VPOS="936" WIDTH="30" HEIGHT="56" WC="0.9686">
                            <Shape>
                                <Polygon POINTS="1770 941 1769 986 1798 992 1799 936"/>
                            </Shape>
                            <Glyph ID="char_355" CONTENT="e" HPOS="1769" VPOS="941" WIDTH="1" HEIGHT="45" GC="0.9971">
                                <Shape>
                                    <Polygon POINTS="1770 941 1769 986 1769 986 1770 941"/>
                                </Shape>
                            </Glyph>
                            <Glyph ID="char_356" CONTENT="t" HPOS="1798" VPOS="936" WIDTH="1" HEIGHT="56" GC="0.94">
                                <Shape>
                                    <Polygon POINTS="1799 936 1798 992 1798 992 1799 936"/>
                                </Shape>
                            </Glyph>
                        </String>
                        <SP ID="segment_130" HPOS="1823"  VPOS="940" WIDTH="10"  HEIGHT="52"/>
                        <String ID="segment_131" CONTENT="une" HPOS="1847" VPOS="945" WIDTH="79" HEIGHT="49" WC="0.9993">
                            <Shape>
                                <Polygon POINTS="1848 945 1847 988 1925 994 1926 947"/>
                            </Shape>
                            <Glyph ID="char_358" CONTENT="u" HPOS="1847" VPOS="945" WIDTH="1" HEIGHT="43" GC="0.9999">
                                <Shape>
                                    <Polygon POINTS="1848 945 1847 988 1847 988 1848 945"/>
                                </Shape>
                            </Glyph>
                            <Glyph ID="char_359" CONTENT="n" HPOS="1891" VPOS="946" WIDTH="1" HEIGHT="45" GC="0.9983">
                                <Shape>
                                    <Polygon POINTS="1892 946 1891 991 1891 991 1892 946"/>
                                </Shape>
                            </Glyph>
                            <Glyph ID="char_360" CONTENT="e" HPOS="1925" VPOS="947" WIDTH="1" HEIGHT="47" GC="0.9997">
                                <Shape>
                                    <Polygon POINTS="1926 947 1925 994 1925 994 1926 947"/>
                                </Shape>
                            </Glyph>
                        </String>
                    </TextLine>

                    <TextLine ID="1b095a18-3eb7-446f-99ff-3efae90ff1ef" HPOS="374.0" VPOS="968.0" WIDTH="1619.0" HEIGHT="143.0" BASELINE="376.0 1021.0 667.0 1026.0 1671.0 1070.0 1993.0 1075.0" TAGREFS="LINE_TYPE_1">
                        <Shape>
                            <Polygon POINTS="376.0 1021.0 374.0 1049.0 486.0 1053.0 488.0 1053.0 673.0 1038.0 696.0 1050.0 697.0 1050.0 699.0 1050.0 755.0 1041.0 990.0 1059.0 991.0 1059.0 1100.0 1056.0 1140.0 1075.0 1141.0 1075.0 1143.0 1075.0 1244.0 1062.0 1507.0 1084.0 1508.0 1084.0 1551.0 1078.0 1643.0 1099.0 1761.0 1104.0 1762.0 1104.0 1764.0 1104.0 1798.0 1087.0 1830.0 1087.0 1876.0 1104.0 1877.0 1104.0 1989.0 1111.0 1993.0 1075.0 1992.0 1033.0 1920.0 1043.0 1879.0 1030.0 1877.0 1030.0 1876.0 1030.0 1765.0 1038.0 1732.0 1027.0 1730.0 1027.0 1729.0 1027.0 1689.0 1035.0 1648.0 1017.0 1646.0 1017.0 1644.0 1017.0 1540.0 1023.0 1455.0 1009.0 1453.0 1009.0 1394.0 1023.0 1303.0 1021.0 1277.0 1020.0 1250.0 1001.0 1248.0 1001.0 1247.0 1001.0 1245.0 1001.0 1167.0 1007.0 1146.0 997.0 1144.0 997.0 1068.0 994.0 1066.0 994.0 1065.0 994.0 1009.0 1007.0 954.0 1007.0 875.0 986.0 873.0 986.0 872.0 986.0 812.0 998.0 719.0 984.0 717.0 984.0 667.0 991.0 604.0 975.0 602.0 975.0 601.0 975.0 599.0 975.0 566.0 991.0 451.0 988.0 410.0 968.0 408.0 968.0 377.0 968.0 376.0 1021.0"/>
                        </Shape>
                        <String ID="segment_132" CONTENT="fregatte" HPOS="394" VPOS="968" WIDTH="171" HEIGHT="84" WC="0.999">
                            <Shape>
                                <Polygon POINTS="395 968 394 1050 564 1047 565 991"/>
                            </Shape>
                            <Glyph ID="char_361" CONTENT="f" HPOS="394" VPOS="968" WIDTH="1" HEIGHT="82" GC="1.0">
                                <Shape>
                                    <Polygon POINTS="395 968 394 1050 394 1050 395 968"/>
                                </Shape>
                            </Glyph>
                            <Glyph ID="char_362" CONTENT="r" HPOS="411" VPOS="969" WIDTH="1" HEIGHT="81" GC="1.0">
                                <Shape>
                                    <Polygon POINTS="412 969 411 1050 411 1050 412 969"/>
                                </Shape>
                            </Glyph>
                            <Glyph ID="char_363" CONTENT="e" HPOS="434" VPOS="981" WIDTH="2" HEIGHT="70" GC="0.9999">
                                <Shape>
                                    <Polygon POINTS="436 981 434 1051 434 1051 436 981"/>
                                </Shape>
                            </Glyph>
                            <Glyph ID="char_364" CONTENT="g" HPOS="463" VPOS="988" WIDTH="2" HEIGHT="64" GC="1.0">
                                <Shape>
                                    <Polygon POINTS="465 988 463 1052 463 1052 465 988"/>
                                </Shape>
                            </Glyph>
                            <Glyph ID="char_365" CONTENT="a" HPOS="504" VPOS="989" WIDTH="2" HEIGHT="63" GC="1.0">
                                <Shape>
                                    <Polygon POINTS="506 989 504 1052 504 1052 506 989"/>
                                </Shape>
                            </Glyph>
                            <Glyph ID="char_366" CONTENT="t" HPOS="529" VPOS="990" WIDTH="1" HEIGHT="60" GC="0.9929">
                                <Shape>
                                    <Polygon POINTS="530 990 529 1050 529 1050 530 990"/>
                                </Shape>
                            </Glyph>
                            <Glyph ID="char_367" CONTENT="t" HPOS="546" VPOS="990" WIDTH="1" HEIGHT="58" GC="0.9995">
                                <Shape>
                                    <Polygon POINTS="547 990 546 1048 546 1048 547 990"/>
                                </Shape>
                            </Glyph>
                            <Glyph ID="char_368" CONTENT="e" HPOS="564" VPOS="991" WIDTH="1" HEIGHT="56" GC="1.0">
                                <Shape>
                                    <Polygon POINTS="565 991 564 1047 564 1047 565 991"/>
                                </Shape>
                            </Glyph>
                        </String>
                        <SP ID="segment_133" HPOS="593"  VPOS="975" WIDTH="7"  HEIGHT="70"/>
                        <String ID="segment_134" CONTENT="de" HPOS="611" VPOS="977" WIDTH="30" HEIGHT="66" WC="1.0">
                            <Shape>
                                <Polygon POINTS="612 977 611 1043 640 1041 641 984"/>
                            </Shape>
                            <Glyph ID="char_370" CONTENT="d" HPOS="611" VPOS="977" WIDTH="1" HEIGHT="66" GC="1.0">
                                <Shape>
                                    <Polygon POINTS="612 977 611 1043 611 1043 612 977"/>
                                </Shape>
                            </Glyph>
                            <Glyph ID="char_371" CONTENT="e" HPOS="640" VPOS="984" WIDTH="1" HEIGHT="57" GC="0.9999">
                                <Shape>
                                    <Polygon POINTS="641 984 640 1041 640 1041 641 984"/>
                                </Shape>
                            </Glyph>
                        </String>
                        <SP ID="segment_135" HPOS="674"  VPOS="989" WIDTH="9"  HEIGHT="53"/>
                        <String ID="segment_136" CONTENT="30," HPOS="692" VPOS="987" WIDTH="90" HEIGHT="61" WC="0.9996">
                            <Shape>
                                <Polygon POINTS="695 987 692 1048 780 1043 782 994"/>
                            </Shape>
                            <Glyph ID="char_373" CONTENT="3" HPOS="692" VPOS="987" WIDTH="3" HEIGHT="61" GC="1.0">
                                <Shape>
                                    <Polygon POINTS="695 987 692 1048 692 1048 695 987"/>
                                </Shape>
                            </Glyph>
                            <Glyph ID="char_374" CONTENT="0" HPOS="739" VPOS="987" WIDTH="3" HEIGHT="57" GC="0.9999">
                                <Shape>
                                    <Polygon POINTS="742 987 739 1044 739 1044 742 987"/>
                                </Shape>
                            </Glyph>
                            <Glyph ID="char_375" CONTENT="," HPOS="780" VPOS="994" WIDTH="2" HEIGHT="49" GC="0.9989">
                                <Shape>
                                    <Polygon POINTS="782 994 780 1043 780 1043 782 994"/>
                                </Shape>
                            </Glyph>
                        </String>
                        <SP ID="segment_137" HPOS="815"  VPOS="996" WIDTH="8"  HEIGHT="50"/>
                        <String ID="segment_138" CONTENT="il" HPOS="833" VPOS="989" WIDTH="26" HEIGHT="60" WC="0.9999">
                            <Shape>
                                <Polygon POINTS="836 993 833 1047 856 1049 859 989"/>
                            </Shape>
                            <Glyph ID="char_377" CONTENT="i" HPOS="833" VPOS="993" WIDTH="3" HEIGHT="54" GC="0.9999">
                                <Shape>
                                    <Polygon POINTS="836 993 833 1047 833 1047 836 993"/>
                                </Shape>
                            </Glyph>
                            <Glyph ID="char_378" CONTENT="l" HPOS="856" VPOS="989" WIDTH="3" HEIGHT="60" GC="0.9999">
                                <Shape>
                                    <Polygon POINTS="859 989 856 1049 856 1049 859 989"/>
                                </Shape>
                            </Glyph>
                        </String>
                        <SP ID="segment_139" HPOS="880"  VPOS="988" WIDTH="15"  HEIGHT="63"/>
                        <String ID="segment_140" CONTENT="y" HPOS="909" VPOS="996" WIDTH="3" HEIGHT="57" WC="0.9996">
                            <Shape>
                                <Polygon POINTS="912 996 909 1053 909 1053 912 996"/>
                            </Shape>
                            <Glyph ID="char_380" CONTENT="y" HPOS="909" VPOS="996" WIDTH="3" HEIGHT="57" GC="0.9996">
                                <Shape>
                                    <Polygon POINTS="912 996 909 1053 909 1053 912 996"/>
                                </Shape>
                            </Glyph>
                        </String>
                        <SP ID="segment_141" HPOS="933"  VPOS="1002" WIDTH="7"  HEIGHT="53"/>
                        <String ID="segment_142" CONTENT="a" HPOS="950" VPOS="1006" WIDTH="2" HEIGHT="50" WC="1.0">
                            <Shape>
                                <Polygon POINTS="952 1006 950 1056 950 1056 952 1006"/>
                            </Shape>
                            <Glyph ID="char_382" CONTENT="a" HPOS="950" VPOS="1006" WIDTH="2" HEIGHT="50" GC="1.0">
                                <Shape>
                                    <Polygon POINTS="952 1006 950 1056 950 1056 952 1006"/>
                                </Shape>
                            </Glyph>
                        </String>
                        <SP ID="segment_143" HPOS="985"  VPOS="1007" WIDTH="2"  HEIGHT="52"/>
                        <String ID="segment_144" CONTENT="eu" HPOS="997" VPOS="1000" WIDTH="43" HEIGHT="59" WC="1.0">
                            <Shape>
                                <Polygon POINTS="999 1007 997 1059 1038 1058 1040 1000"/>
                            </Shape>
                            <Glyph ID="char_384" CONTENT="e" HPOS="997" VPOS="1007" WIDTH="2" HEIGHT="52" GC="1.0">
                                <Shape>
                                    <Polygon POINTS="999 1007 997 1059 997 1059 999 1007"/>
                                </Shape>
                            </Glyph>
                            <Glyph ID="char_385" CONTENT="u" HPOS="1038" VPOS="1000" WIDTH="2" HEIGHT="58" GC="1.0">
                                <Shape>
                                    <Polygon POINTS="1040 1000 1038 1058 1038 1058 1040 1000"/>
                                </Shape>
                            </Glyph>
                        </String>
                        <SP ID="segment_145" HPOS="1073"  VPOS="994" WIDTH="9"  HEIGHT="63"/>
                        <String ID="segment_146" CONTENT="bien" HPOS="1091" VPOS="995" WIDTH="78" HEIGHT="80" WC="0.9999">
                            <Shape>
                                <Polygon POINTS="1094 995 1091 1056 1166 1072 1169 1007"/>
                            </Shape>
                            <Glyph ID="char_387" CONTENT="b" HPOS="1091" VPOS="995" WIDTH="3" HEIGHT="61" GC="1.0">
                                <Shape>
                                    <Polygon POINTS="1094 995 1091 1056 1091 1056 1094 995"/>
                                </Shape>
                            </Glyph>
                            <Glyph ID="char_388" CONTENT="i" HPOS="1126" VPOS="996" WIDTH="3" HEIGHT="72" GC="1.0">
                                <Shape>
                                    <Polygon POINTS="1129 996 1126 1068 1126 1068 1129 996"/>
                                </Shape>
                            </Glyph>
                            <Glyph ID="char_389" CONTENT="e" HPOS="1137" VPOS="997" WIDTH="10" HEIGHT="78" GC="1.0">
                                <Shape>
                                    <Polygon POINTS="1141 997 1137 1074 1143 1075 1147 997"/>
                                </Shape>
                            </Glyph>
                            <Glyph ID="char_390" CONTENT="n" HPOS="1166" VPOS="1007" WIDTH="3" HEIGHT="65" GC="0.9998">
                                <Shape>
                                    <Polygon POINTS="1169 1007 1166 1072 1166 1072 1169 1007"/>
                                </Shape>
                            </Glyph>
                        </String>
                        <SP ID="segment_147" HPOS="1208"  VPOS="1003" WIDTH="8"  HEIGHT="64"/>
                        <String ID="segment_148" CONTENT="du" HPOS="1226" VPOS="1002" WIDTH="43" HEIGHT="62" WC="0.9302">
                            <Shape>
                                <Polygon POINTS="1229 1002 1226 1064 1267 1064 1269 1014"/>
                            </Shape>
                            <Glyph ID="char_392" CONTENT="d" HPOS="1226" VPOS="1002" WIDTH="3" HEIGHT="62" GC="0.8612">
                                <Shape>
                                    <Polygon POINTS="1229 1002 1226 1064 1226 1064 1229 1002"/>
                                </Shape>
                            </Glyph>
                            <Glyph ID="char_393" CONTENT="u" HPOS="1267" VPOS="1014" WIDTH="2" HEIGHT="50" GC="0.9993">
                                <Shape>
                                    <Polygon POINTS="1269 1014 1267 1064 1267 1064 1269 1014"/>
                                </Shape>
                            </Glyph>
                        </String>
                        <SP ID="segment_149" HPOS="1302"  VPOS="1021" WIDTH="2"  HEIGHT="46"/>
                        <String ID="segment_150" CONTENT="monde" HPOS="1326" VPOS="1009" WIDTH="154" HEIGHT="73" WC="0.9056">
                            <Shape>
                                <Polygon POINTS="1328 1022 1326 1069 1477 1082 1480 1013"/>
                            </Shape>
                            <Glyph ID="char_395" CONTENT="m" HPOS="1326" VPOS="1022" WIDTH="2" HEIGHT="47" GC="0.7651">
                                <Shape>
                                    <Polygon POINTS="1328 1022 1326 1069 1326 1069 1328 1022"/>
                                </Shape>
                            </Glyph>
                            <Glyph ID="char_396" CONTENT="o" HPOS="1379" VPOS="1023" WIDTH="2" HEIGHT="50" GC="0.763">
                                <Shape>
                                    <Polygon POINTS="1381 1023 1379 1073 1379 1073 1381 1023"/>
                                </Shape>
                            </Glyph>
                            <Glyph ID="char_397" CONTENT="n" HPOS="1419" VPOS="1016" WIDTH="3" HEIGHT="61" GC="0.9999">
                                <Shape>
                                    <Polygon POINTS="1422 1016 1419 1077 1419 1077 1422 1016"/>
                                </Shape>
                            </Glyph>
                            <Glyph ID="char_398" CONTENT="d" HPOS="1454" VPOS="1009" WIDTH="3" HEIGHT="71" GC="1.0">
                                <Shape>
                                    <Polygon POINTS="1457 1009 1454 1080 1454 1080 1457 1009"/>
                                </Shape>
                            </Glyph>
                            <Glyph ID="char_399" CONTENT="e" HPOS="1477" VPOS="1013" WIDTH="3" HEIGHT="69" GC="0.9998">
                                <Shape>
                                    <Polygon POINTS="1480 1013 1477 1082 1477 1082 1480 1013"/>
                                </Shape>
                            </Glyph>
                        </String>
                        <SP ID="segment_151" HPOS="1513"  VPOS="1019" WIDTH="9"  HEIGHT="64"/>
                        <String ID="segment_152" CONTENT="tués" HPOS="1536" VPOS="1018" WIDTH="91" HEIGHT="77" WC="0.9859">
                            <Shape>
                                <Polygon POINTS="1539 1023 1536 1080 1624 1095 1627 1018"/>
                            </Shape>
                            <Glyph ID="char_401" CONTENT="t" HPOS="1536" VPOS="1023" WIDTH="3" HEIGHT="57" GC="0.9999">
                                <Shape>
                                    <Polygon POINTS="1539 1023 1536 1080 1536 1080 1539 1023"/>
                                </Shape>
                            </Glyph>
                            <Glyph ID="char_402" CONTENT="u" HPOS="1577" VPOS="1021" WIDTH="3" HEIGHT="63" GC="0.9962">
                                <Shape>
                                    <Polygon POINTS="1580 1021 1577 1084 1577 1084 1580 1021"/>
                                </Shape>
                            </Glyph>
                            <Glyph ID="char_403" CONTENT="e" HPOS="1601" VPOS="1019" WIDTH="3" HEIGHT="70" GC="0.989">
                                <Shape>
                                    <Polygon POINTS="1604 1019 1601 1089 1601 1089 1604 1019"/>
                                </Shape>
                            </Glyph>
                            <Glyph ID="char_404" CONTENT="́" HPOS="1607" VPOS="1019" WIDTH="8" HEIGHT="73" GC="0.9997">
                                <Shape>
                                    <Polygon POINTS="1610 1019 1607 1091 1612 1092 1615 1019"/>
                                </Shape>
                            </Glyph>
                            <Glyph ID="char_405" CONTENT="s" HPOS="1624" VPOS="1018" WIDTH="3" HEIGHT="77" GC="0.9446">
                                <Shape>
                                    <Polygon POINTS="1627 1018 1624 1095 1624 1095 1627 1018"/>
                                </Shape>
                            </Glyph>
                        </String>
                        <SP ID="segment_153" HPOS="1654"  VPOS="1021" WIDTH="3"  HEIGHT="78"/>
                        <String ID="segment_154" CONTENT="et" HPOS="1665" VPOS="1026" WIDTH="32" HEIGHT="75" WC="0.9809">
                            <Shape>
                                <Polygon POINTS="1668 1026 1665 1100 1696 1101 1697 1033"/>
                            </Shape>
                            <Glyph ID="char_407" CONTENT="e" HPOS="1665" VPOS="1026" WIDTH="3" HEIGHT="74" GC="0.9654">
                                <Shape>
                                    <Polygon POINTS="1668 1026 1665 1100 1665 1100 1668 1026"/>
                                </Shape>
                            </Glyph>
                            <Glyph ID="char_408" CONTENT="t" HPOS="1696" VPOS="1033" WIDTH="1" HEIGHT="68" GC="0.9964">
                                <Shape>
                                    <Polygon POINTS="1697 1033 1696 1101 1696 1101 1697 1033"/>
                                </Shape>
                            </Glyph>
                        </String>
                        <SP ID="segment_155" HPOS="1724"  VPOS="1027" WIDTH="8"  HEIGHT="76"/>
                        <String ID="segment_156" CONTENT="placieurs" HPOS="1747" VPOS="1030" WIDTH="226" HEIGHT="80" WC="0.9968">
                            <Shape>
                                <Polygon POINTS="1749 1033 1747 1103 1971 1110 1973 1036"/>
                            </Shape>
                            <Glyph ID="char_410" CONTENT="p" HPOS="1747" VPOS="1033" WIDTH="2" HEIGHT="70" GC="0.9996">
                                <Shape>
                                    <Polygon POINTS="1749 1033 1747 1103 1747 1103 1749 1033"/>
                                </Shape>
                            </Glyph>
                            <Glyph ID="char_411" CONTENT="l" HPOS="1790" VPOS="1036" WIDTH="1" HEIGHT="55" GC="0.9985">
                                <Shape>
                                    <Polygon POINTS="1791 1036 1790 1091 1790 1091 1791 1036"/>
                                </Shape>
                            </Glyph>
                            <Glyph ID="char_412" CONTENT="a" HPOS="1825" VPOS="1034" WIDTH="1" HEIGHT="53" GC="0.9959">
                                <Shape>
                                    <Polygon POINTS="1826 1034 1825 1087 1825 1087 1826 1034"/>
                                </Shape>
                            </Glyph>
                            <Glyph ID="char_413" CONTENT="c" HPOS="1854" VPOS="1032" WIDTH="1" HEIGHT="64" GC="0.999">
                                <Shape>
                                    <Polygon POINTS="1855 1032 1854 1096 1854 1096 1855 1032"/>
                                </Shape>
                            </Glyph>
                            <Glyph ID="char_414" CONTENT="i" HPOS="1872" VPOS="1030" WIDTH="1" HEIGHT="72" GC="0.9983">
                                <Shape>
                                    <Polygon POINTS="1873 1030 1872 1102 1872 1102 1873 1030"/>
                                </Shape>
                            </Glyph>
                            <Glyph ID="char_415" CONTENT="e" HPOS="1894" VPOS="1035" WIDTH="2" HEIGHT="70" GC="0.9998">
                                <Shape>
                                    <Polygon POINTS="1896 1035 1894 1105 1894 1105 1896 1035"/>
                                </Shape>
                            </Glyph>
                            <Glyph ID="char_416" CONTENT="u" HPOS="1924" VPOS="1042" WIDTH="1" HEIGHT="65" GC="0.999">
                                <Shape>
                                    <Polygon POINTS="1925 1042 1924 1107 1924 1107 1925 1042"/>
                                </Shape>
                            </Glyph>
                            <Glyph ID="char_417" CONTENT="r" HPOS="1947" VPOS="1039" WIDTH="2" HEIGHT="69" GC="0.9819">
                                <Shape>
                                    <Polygon POINTS="1949 1039 1947 1108 1947 1108 1949 1039"/>
                                </Shape>
                            </Glyph>
                            <Glyph ID="char_418" CONTENT="s" HPOS="1971" VPOS="1036" WIDTH="2" HEIGHT="74" GC="0.9994">
                                <Shape>
                                    <Polygon POINTS="1973 1036 1971 1110 1971 1110 1973 1036"/>
                                </Shape>
                            </Glyph>
                        </String>
                    </TextLine>

                    <TextLine ID="798ec3ab-f320-4ee5-9e85-a76b2aa58b64" HPOS="374.0" VPOS="1059.0" WIDTH="1639.0" HEIGHT="129.0" BASELINE="374.0 1104.0 905.0 1122.0 1063.0 1137.0 1611.0 1159.0 2012.0 1165.0" TAGREFS="LINE_TYPE_1">
                        <Shape>
                            <Polygon POINTS="374.0 1104.0 374.0 1133.0 583.0 1127.0 690.0 1137.0 691.0 1137.0 804.0 1134.0 835.0 1144.0 837.0 1144.0 838.0 1144.0 971.0 1140.0 1029.0 1156.0 1031.0 1156.0 1188.0 1160.0 1190.0 1160.0 1241.0 1151.0 1302.0 1163.0 1303.0 1163.0 1363.0 1154.0 1533.0 1173.0 1833.0 1183.0 1834.0 1183.0 1960.0 1177.0 2007.0 1188.0 2012.0 1165.0 2013.0 1116.0 1876.0 1108.0 1874.0 1108.0 1794.0 1124.0 1753.0 1107.0 1752.0 1107.0 1750.0 1107.0 1749.0 1107.0 1700.0 1124.0 1657.0 1124.0 1629.0 1110.0 1628.0 1110.0 1626.0 1110.0 1525.0 1118.0 1469.0 1104.0 1467.0 1104.0 1465.0 1104.0 1464.0 1104.0 1432.0 1114.0 1078.0 1104.0 982.0 1078.0 980.0 1078.0 979.0 1078.0 977.0 1078.0 954.0 1085.0 942.0 1076.0 941.0 1076.0 939.0 1076.0 938.0 1076.0 886.0 1082.0 855.0 1073.0 853.0 1073.0 705.0 1069.0 703.0 1069.0 702.0 1069.0 641.0 1087.0 579.0 1069.0 578.0 1069.0 576.0 1069.0 475.0 1081.0 419.0 1059.0 417.0 1059.0 416.0 1059.0 374.0 1064.0 374.0 1104.0"/>
                        </Shape>
                        <String ID="segment_157" CONTENT="de" HPOS="394" VPOS="1059" WIDTH="25" HEIGHT="73" WC="1.0">
                            <Shape>
                                <Polygon POINTS="396 1061 394 1132 416 1132 419 1059"/>
                            </Shape>
                            <Glyph ID="char_419" CONTENT="d" HPOS="394" VPOS="1061" WIDTH="2" HEIGHT="71" GC="1.0">
                                <Shape>
                                    <Polygon POINTS="396 1061 394 1132 394 1132 396 1061"/>
                                </Shape>
                            </Glyph>
                            <Glyph ID="char_420" CONTENT="e" HPOS="416" VPOS="1059" WIDTH="3" HEIGHT="73" GC="1.0">
                                <Shape>
                                    <Polygon POINTS="419 1059 416 1132 416 1132 419 1059"/>
                                </Shape>
                            </Glyph>
                        </String>
                        <SP ID="segment_158" HPOS="437"  VPOS="1067" WIDTH="8"  HEIGHT="64"/>
                        <String ID="segment_159" CONTENT="nos," HPOS="459" VPOS="1073" WIDTH="87" HEIGHT="58" WC="0.9999">
                            <Shape>
                                <Polygon POINTS="461 1076 459 1131 544 1128 546 1073"/>
                            </Shape>
                            <Glyph ID="char_422" CONTENT="n" HPOS="459" VPOS="1076" WIDTH="2" HEIGHT="55" GC="0.9999">
                                <Shape>
                                    <Polygon POINTS="461 1076 459 1131 459 1131 461 1076"/>
                                </Shape>
                            </Glyph>
                            <Glyph ID="char_423" CONTENT="o" HPOS="496" VPOS="1078" WIDTH="2" HEIGHT="51" GC="0.9999">
                                <Shape>
                                    <Polygon POINTS="498 1078 496 1129 496 1129 498 1078"/>
                                </Shape>
                            </Glyph>
                            <Glyph ID="char_424" CONTENT="s" HPOS="523" VPOS="1075" WIDTH="2" HEIGHT="54" GC="1.0">
                                <Shape>
                                    <Polygon POINTS="525 1075 523 1129 523 1129 525 1075"/>
                                </Shape>
                            </Glyph>
                            <Glyph ID="char_425" CONTENT="," HPOS="544" VPOS="1073" WIDTH="2" HEIGHT="55" GC="0.9999">
                                <Shape>
                                    <Polygon POINTS="546 1073 544 1128 544 1128 546 1073"/>
                                </Shape>
                            </Glyph>
                        </String>
                        <SP ID="segment_160" HPOS="560"  VPOS="1070" WIDTH="7"  HEIGHT="58"/>
                        <String ID="segment_161" CONTENT="amis" HPOS="576" VPOS="1069" WIDTH="120" HEIGHT="68" WC="0.9995">
                            <Shape>
                                <Polygon POINTS="578 1069 576 1127 694 1137 696 1071"/>
                            </Shape>
                            <Glyph ID="char_427" CONTENT="a" HPOS="576" VPOS="1069" WIDTH="2" HEIGHT="58" GC="1.0">
                                <Shape>
                                    <Polygon POINTS="578 1069 576 1127 576 1127 578 1069"/>
                                </Shape>
                            </Glyph>
                            <Glyph ID="char_428" CONTENT="m" HPOS="630" VPOS="1084" WIDTH="2" HEIGHT="47" GC="0.9999">
                                <Shape>
                                    <Polygon POINTS="632 1084 630 1131 630 1131 632 1084"/>
                                </Shape>
                            </Glyph>
                            <Glyph ID="char_429" CONTENT="i" HPOS="667" VPOS="1079" WIDTH="2" HEIGHT="56" GC="1.0">
                                <Shape>
                                    <Polygon POINTS="669 1079 667 1135 667 1135 669 1079"/>
                                </Shape>
                            </Glyph>
                            <Glyph ID="char_430" CONTENT="s" HPOS="694" VPOS="1071" WIDTH="2" HEIGHT="66" GC="0.9983">
                                <Shape>
                                    <Polygon POINTS="696 1071 694 1137 694 1137 696 1071"/>
                                </Shape>
                            </Glyph>
                        </String>
                        <SP ID="segment_162" HPOS="736"  VPOS="1070" WIDTH="8"  HEIGHT="66"/>
                        <String ID="segment_163" CONTENT="blessés," HPOS="753" VPOS="1070" WIDTH="186" HEIGHT="74" WC="0.9958">
                            <Shape>
                                <Polygon POINTS="755 1070 753 1135 933 1141 939 1076"/>
                            </Shape>
                            <Glyph ID="char_432" CONTENT="b" HPOS="753" VPOS="1070" WIDTH="2" HEIGHT="65" GC="0.9987">
                                <Shape>
                                    <Polygon POINTS="755 1070 753 1135 753 1135 755 1070"/>
                                </Shape>
                            </Glyph>
                            <Glyph ID="char_433" CONTENT="l" HPOS="790" VPOS="1071" WIDTH="2" HEIGHT="63" GC="0.9709">
                                <Shape>
                                    <Polygon POINTS="792 1071 790 1134 790 1134 792 1071"/>
                                </Shape>
                            </Glyph>
                            <Glyph ID="char_434" CONTENT="e" HPOS="811" VPOS="1072" WIDTH="2" HEIGHT="64" GC="0.9945">
                                <Shape>
                                    <Polygon POINTS="813 1072 811 1136 811 1136 813 1072"/>
                                </Shape>
                            </Glyph>
                            <Glyph ID="char_435" CONTENT="s" HPOS="838" VPOS="1073" WIDTH="2" HEIGHT="71" GC="0.999">
                                <Shape>
                                    <Polygon POINTS="840 1073 838 1144 838 1144 840 1073"/>
                                </Shape>
                            </Glyph>
                            <Glyph ID="char_436" CONTENT="s" HPOS="854" VPOS="1073" WIDTH="2" HEIGHT="71" GC="1.0">
                                <Shape>
                                    <Polygon POINTS="856 1073 854 1144 854 1144 856 1073"/>
                                </Shape>
                            </Glyph>
                            <Glyph ID="char_437" CONTENT="e" HPOS="881" VPOS="1081" WIDTH="2" HEIGHT="62" GC="1.0">
                                <Shape>
                                    <Polygon POINTS="883 1081 881 1143 881 1143 883 1081"/>
                                </Shape>
                            </Glyph>
                            <Glyph ID="char_438" CONTENT="́" HPOS="886" VPOS="1081" WIDTH="7" HEIGHT="62" GC="0.9999">
                                <Shape>
                                    <Polygon POINTS="888 1082 886 1143 891 1142 893 1081"/>
                                </Shape>
                            </Glyph>
                            <Glyph ID="char_439" CONTENT="s" HPOS="897" VPOS="1080" WIDTH="2" HEIGHT="62" GC="1.0">
                                <Shape>
                                    <Polygon POINTS="899 1080 897 1142 897 1142 899 1080"/>
                                </Shape>
                            </Glyph>
                            <Glyph ID="char_440" CONTENT="," HPOS="928" VPOS="1076" WIDTH="11" HEIGHT="65" GC="0.9997">
                                <Shape>
                                    <Polygon POINTS="934 1076 928 1141 933 1141 939 1076"/>
                                </Shape>
                            </Glyph>
                        </String>
                        <SP ID="segment_164" HPOS="955"  VPOS="1081" WIDTH="11"  HEIGHT="59"/>
                        <String ID="segment_165" CONTENT="le" HPOS="971" VPOS="1078" WIDTH="32" HEIGHT="69" WC="1.0">
                            <Shape>
                                <Polygon POINTS="977 1078 971 1140 997 1147 1003 1084"/>
                            </Shape>
                            <Glyph ID="char_442" CONTENT="l" HPOS="971" VPOS="1078" WIDTH="6" HEIGHT="62" GC="1.0">
                                <Shape>
                                    <Polygon POINTS="977 1078 971 1140 971 1140 977 1078"/>
                                </Shape>
                            </Glyph>
                            <Glyph ID="char_443" CONTENT="e" HPOS="997" VPOS="1084" WIDTH="6" HEIGHT="63" GC="1.0">
                                <Shape>
                                    <Polygon POINTS="1003 1084 997 1147 997 1147 1003 1084"/>
                                </Shape>
                            </Glyph>
                        </String>
                        <SP ID="segment_166" HPOS="1028"  VPOS="1092" WIDTH="12"  HEIGHT="64"/>
                        <String ID="segment_167" CONTENT="pauvre" HPOS="1050" VPOS="1098" WIDTH="163" HEIGHT="62" WC="0.9995">
                            <Shape>
                                <Polygon POINTS="1056 1098 1050 1156 1211 1156 1213 1108"/>
                            </Shape>
                            <Glyph ID="char_445" CONTENT="p" HPOS="1050" VPOS="1098" WIDTH="6" HEIGHT="58" GC="1.0">
                                <Shape>
                                    <Polygon POINTS="1056 1098 1050 1156 1050 1156 1056 1098"/>
                                </Shape>
                            </Glyph>
                            <Glyph ID="char_446" CONTENT="a" HPOS="1088" VPOS="1104" WIDTH="2" HEIGHT="53" GC="1.0">
                                <Shape>
                                    <Polygon POINTS="1090 1104 1088 1157 1088 1157 1090 1104"/>
                                </Shape>
                            </Glyph>
                            <Glyph ID="char_447" CONTENT="u" HPOS="1131" VPOS="1106" WIDTH="2" HEIGHT="53" GC="0.9979">
                                <Shape>
                                    <Polygon POINTS="1133 1106 1131 1159 1131 1159 1133 1106"/>
                                </Shape>
                            </Glyph>
                            <Glyph ID="char_448" CONTENT="v" HPOS="1158" VPOS="1106" WIDTH="2" HEIGHT="53" GC="0.9994">
                                <Shape>
                                    <Polygon POINTS="1160 1106 1158 1159 1158 1159 1160 1106"/>
                                </Shape>
                            </Glyph>
                            <Glyph ID="char_449" CONTENT="r" HPOS="1184" VPOS="1107" WIDTH="2" HEIGHT="53" GC="1.0">
                                <Shape>
                                    <Polygon POINTS="1186 1107 1184 1160 1184 1160 1186 1107"/>
                                </Shape>
                            </Glyph>
                            <Glyph ID="char_450" CONTENT="e" HPOS="1211" VPOS="1108" WIDTH="2" HEIGHT="48" GC="0.9999">
                                <Shape>
                                    <Polygon POINTS="1213 1108 1211 1156 1211 1156 1213 1108"/>
                                </Shape>
                            </Glyph>
                        </String>
                        <SP ID="segment_168" HPOS="1250"  VPOS="1109" WIDTH="6"  HEIGHT="45"/>
                        <String ID="segment_169" CONTENT="Morville" HPOS="1275" VPOS="1104" WIDTH="211" HEIGHT="64" WC="0.9829">
                            <Shape>
                                <Polygon POINTS="1277 1110 1275 1158 1484 1168 1486 1108"/>
                            </Shape>
                            <Glyph ID="char_452" CONTENT="M" HPOS="1275" VPOS="1110" WIDTH="2" HEIGHT="48" GC="0.9996">
                                <Shape>
                                    <Polygon POINTS="1277 1110 1275 1158 1275 1158 1277 1110"/>
                                </Shape>
                            </Glyph>
                            <Glyph ID="char_453" CONTENT="o" HPOS="1323" VPOS="1111" WIDTH="2" HEIGHT="49" GC="0.9999">
                                <Shape>
                                    <Polygon POINTS="1325 1111 1323 1160 1323 1160 1325 1111"/>
                                </Shape>
                            </Glyph>
                            <Glyph ID="char_454" CONTENT="r" HPOS="1350" VPOS="1112" WIDTH="2" HEIGHT="44" GC="0.9998">
                                <Shape>
                                    <Polygon POINTS="1352 1112 1350 1156 1350 1156 1352 1112"/>
                                </Shape>
                            </Glyph>
                            <Glyph ID="char_455" CONTENT="v" HPOS="1377" VPOS="1113" WIDTH="2" HEIGHT="43" GC="0.864">
                                <Shape>
                                    <Polygon POINTS="1379 1113 1377 1156 1377 1156 1379 1113"/>
                                </Shape>
                            </Glyph>
                            <Glyph ID="char_456" CONTENT="i" HPOS="1414" VPOS="1114" WIDTH="2" HEIGHT="46" GC="1.0">
                                <Shape>
                                    <Polygon POINTS="1416 1114 1414 1160 1414 1160 1416 1114"/>
                                </Shape>
                            </Glyph>
                            <Glyph ID="char_457" CONTENT="l" HPOS="1441" VPOS="1110" WIDTH="2" HEIGHT="53" GC="1.0">
                                <Shape>
                                    <Polygon POINTS="1443 1110 1441 1163 1441 1163 1443 1110"/>
                                </Shape>
                            </Glyph>
                            <Glyph ID="char_458" CONTENT="l" HPOS="1462" VPOS="1104" WIDTH="3" HEIGHT="61" GC="1.0">
                                <Shape>
                                    <Polygon POINTS="1465 1104 1462 1165 1462 1165 1465 1104"/>
                                </Shape>
                            </Glyph>
                            <Glyph ID="char_459" CONTENT="e" HPOS="1484" VPOS="1108" WIDTH="2" HEIGHT="60" GC="1.0">
                                <Shape>
                                    <Polygon POINTS="1486 1108 1484 1168 1484 1168 1486 1108"/>
                                </Shape>
                            </Glyph>
                        </String>
                        <SP ID="segment_170" HPOS="1532"  VPOS="1117" WIDTH="7"  HEIGHT="56"/>
                        <String ID="segment_171" CONTENT="a" HPOS="1548" VPOS="1116" WIDTH="2" HEIGHT="57" WC="0.9998">
                            <Shape>
                                <Polygon POINTS="1550 1116 1548 1173 1548 1173 1550 1116"/>
                            </Shape>
                            <Glyph ID="char_461" CONTENT="a" HPOS="1548" VPOS="1116" WIDTH="2" HEIGHT="57" GC="0.9998">
                                <Shape>
                                    <Polygon POINTS="1550 1116 1548 1173 1548 1173 1550 1116"/>
                                </Shape>
                            </Glyph>
                        </String>
                        <SP ID="segment_172" HPOS="1580"  VPOS="1113" WIDTH="7"  HEIGHT="62"/>
                        <String ID="segment_173" CONTENT="eû" HPOS="1601" VPOS="1112" WIDTH="50" HEIGHT="65" WC="0.9799">
                            <Shape>
                                <Polygon POINTS="1603 1112 1601 1175 1650 1177 1651 1121"/>
                            </Shape>
                            <Glyph ID="char_463" CONTENT="e" HPOS="1601" VPOS="1112" WIDTH="2" HEIGHT="63" GC="0.9445">
                                <Shape>
                                    <Polygon POINTS="1603 1112 1601 1175 1601 1175 1603 1112"/>
                                </Shape>
                            </Glyph>
                            <Glyph ID="char_464" CONTENT="u" HPOS="1639" VPOS="1116" WIDTH="1" HEIGHT="61" GC="0.9959">
                                <Shape>
                                    <Polygon POINTS="1640 1116 1639 1177 1639 1177 1640 1116"/>
                                </Shape>
                            </Glyph>
                            <Glyph ID="char_465" CONTENT="̂" HPOS="1644" VPOS="1118" WIDTH="7" HEIGHT="59" GC="0.9994">
                                <Shape>
                                    <Polygon POINTS="1645 1118 1644 1177 1650 1177 1651 1121"/>
                                </Shape>
                            </Glyph>
                        </String>
                        <SP ID="segment_174" HPOS="1687"  VPOS="1124" WIDTH="6"  HEIGHT="54"/>
                        <String ID="segment_175" CONTENT="le" HPOS="1708" VPOS="1111" WIDTH="28" HEIGHT="69" WC="0.8906">
                            <Shape>
                                <Polygon POINTS="1709 1121 1708 1179 1735 1180 1736 1111"/>
                            </Shape>
                            <Glyph ID="char_467" CONTENT="l" HPOS="1708" VPOS="1121" WIDTH="1" HEIGHT="58" GC="0.9985">
                                <Shape>
                                    <Polygon POINTS="1709 1121 1708 1179 1708 1179 1709 1121"/>
                                </Shape>
                            </Glyph>
                            <Glyph ID="char_468" CONTENT="e" HPOS="1735" VPOS="1111" WIDTH="1" HEIGHT="69" GC="0.7826">
                                <Shape>
                                    <Polygon POINTS="1736 1111 1735 1180 1735 1180 1736 1111"/>
                                </Shape>
                            </Glyph>
                        </String>
                        <SP ID="segment_176" HPOS="1783"  VPOS="1120" WIDTH="6"  HEIGHT="62"/>
                        <String ID="segment_177" CONTENT="bras" HPOS="1805" VPOS="1109" WIDTH="97" HEIGHT="74" WC="0.9989">
                            <Shape>
                                <Polygon POINTS="1806 1122 1805 1182 1901 1180 1902 1110"/>
                            </Shape>
                            <Glyph ID="char_470" CONTENT="b" HPOS="1805" VPOS="1122" WIDTH="1" HEIGHT="60" GC="0.9982">
                                <Shape>
                                    <Polygon POINTS="1806 1122 1805 1182 1805 1182 1806 1122"/>
                                </Shape>
                            </Glyph>
                            <Glyph ID="char_471" CONTENT="r" HPOS="1837" VPOS="1115" WIDTH="1" HEIGHT="68" GC="0.9991">
                                <Shape>
                                    <Polygon POINTS="1838 1115 1837 1183 1837 1183 1838 1115"/>
                                </Shape>
                            </Glyph>
                            <Glyph ID="char_472" CONTENT="a" HPOS="1869" VPOS="1109" WIDTH="1" HEIGHT="72" GC="0.9986">
                                <Shape>
                                    <Polygon POINTS="1870 1109 1869 1181 1869 1181 1870 1109"/>
                                </Shape>
                            </Glyph>
                            <Glyph ID="char_473" CONTENT="s" HPOS="1901" VPOS="1110" WIDTH="1" HEIGHT="70" GC="0.9998">
                                <Shape>
                                    <Polygon POINTS="1902 1110 1901 1180 1901 1180 1902 1110"/>
                                </Shape>
                            </Glyph>
                        </String>
                        <SP ID="segment_178" HPOS="1917"  VPOS="1110" WIDTH="6"  HEIGHT="69"/>
                        <String ID="segment_179" CONTENT="droit" HPOS="1933" VPOS="1111" WIDTH="76" HEIGHT="75" WC="0.8879">
                            <Shape>
                                <Polygon POINTS="1934 1111 1933 1178 2008 1182 2009 1116"/>
                            </Shape>
                            <Glyph ID="char_475" CONTENT="d" HPOS="1933" VPOS="1111" WIDTH="1" HEIGHT="67" GC="0.9988">
                                <Shape>
                                    <Polygon POINTS="1934 1111 1933 1178 1933 1178 1934 1111"/>
                                </Shape>
                            </Glyph>
                            <Glyph ID="char_476" CONTENT="r" HPOS="1954" VPOS="1113" WIDTH="1" HEIGHT="64" GC="0.9997">
                                <Shape>
                                    <Polygon POINTS="1955 1113 1954 1177 1954 1177 1955 1113"/>
                                </Shape>
                            </Glyph>
                            <Glyph ID="char_477" CONTENT="o" HPOS="1970" VPOS="1114" WIDTH="1" HEIGHT="65" GC="0.9192">
                                <Shape>
                                    <Polygon POINTS="1971 1114 1970 1179 1970 1179 1971 1114"/>
                                </Shape>
                            </Glyph>
                            <Glyph ID="char_478" CONTENT="i" HPOS="1992" VPOS="1115" WIDTH="6" HEIGHT="71" GC="0.9861">
                                <Shape>
                                    <Polygon POINTS="1993 1115 1992 1185 1997 1186 1998 1115"/>
                                </Shape>
                            </Glyph>
                            <Glyph ID="char_479" CONTENT="t" HPOS="2008" VPOS="1116" WIDTH="1" HEIGHT="66" GC="0.5358">
                                <Shape>
                                    <Polygon POINTS="2009 1116 2008 1182 2008 1182 2009 1116"/>
                                </Shape>
                            </Glyph>
                        </String>
                    </TextLine>

                    <TextLine ID="150c3bc6-ed4e-4f9d-a9f5-f8c9fae3f43a" HPOS="373.0" VPOS="1131.0" WIDTH="1627.0" HEIGHT="144.0" BASELINE="374.0 1182.0 1253.0 1220.0 1761.0 1251.0 1998.0 1254.0" TAGREFS="LINE_TYPE_1">
                        <Shape>
                            <Polygon POINTS="374.0 1182.0 373.0 1192.0 497.0 1211.0 498.0 1211.0 662.0 1206.0 693.0 1215.0 694.0 1215.0 696.0 1217.0 876.0 1217.0 1130.0 1240.0 1132.0 1240.0 1326.0 1237.0 1372.0 1238.0 1394.0 1252.0 1395.0 1252.0 1397.0 1252.0 1533.0 1258.0 1534.0 1258.0 1536.0 1258.0 1562.0 1249.0 1611.0 1258.0 1612.0 1258.0 1614.0 1258.0 1629.0 1251.0 1736.0 1267.0 1863.0 1274.0 1865.0 1274.0 1866.0 1274.0 1882.0 1266.0 1905.0 1275.0 1906.0 1275.0 1908.0 1275.0 1996.0 1267.0 1998.0 1254.0 2000.0 1206.0 1834.0 1206.0 1788.0 1196.0 1787.0 1196.0 1785.0 1196.0 1732.0 1215.0 1634.0 1212.0 1592.0 1192.0 1591.0 1192.0 1589.0 1192.0 1588.0 1192.0 1533.0 1206.0 1469.0 1180.0 1467.0 1180.0 1426.0 1179.0 1424.0 1179.0 1423.0 1179.0 1366.0 1199.0 1326.0 1197.0 1299.0 1179.0 1297.0 1179.0 1296.0 1179.0 1166.0 1166.0 1164.0 1166.0 1162.0 1166.0 1098.0 1186.0 962.0 1171.0 960.0 1171.0 959.0 1171.0 941.0 1179.0 766.0 1173.0 702.0 1170.0 601.0 1140.0 599.0 1140.0 497.0 1136.0 495.0 1136.0 494.0 1136.0 443.0 1156.0 376.0 1131.0 374.0 1182.0"/>
                        </Shape>
                        <String ID="segment_180" CONTENT="coupé," HPOS="384" VPOS="1135" WIDTH="149" HEIGHT="76" WC="0.9986">
                            <Shape>
                                <Polygon POINTS="386 1135 384 1194 530 1210 533 1137"/>
                            </Shape>
                            <Glyph ID="char_480" CONTENT="c" HPOS="384" VPOS="1135" WIDTH="2" HEIGHT="59" GC="1.0">
                                <Shape>
                                    <Polygon POINTS="386 1135 384 1194 384 1194 386 1135"/>
                                </Shape>
                            </Glyph>
                            <Glyph ID="char_481" CONTENT="o" HPOS="414" VPOS="1146" WIDTH="3" HEIGHT="52" GC="1.0">
                                <Shape>
                                    <Polygon POINTS="417 1146 414 1198 414 1198 417 1146"/>
                                </Shape>
                            </Glyph>
                            <Glyph ID="char_482" CONTENT="u" HPOS="444" VPOS="1155" WIDTH="2" HEIGHT="48" GC="0.9999">
                                <Shape>
                                    <Polygon POINTS="446 1155 444 1203 444 1203 446 1155"/>
                                </Shape>
                            </Glyph>
                            <Glyph ID="char_483" CONTENT="p" HPOS="469" VPOS="1145" WIDTH="3" HEIGHT="62" GC="0.9994">
                                <Shape>
                                    <Polygon POINTS="472 1145 469 1207 469 1207 472 1145"/>
                                </Shape>
                            </Glyph>
                            <Glyph ID="char_484" CONTENT="e" HPOS="505" VPOS="1136" WIDTH="3" HEIGHT="75" GC="1.0">
                                <Shape>
                                    <Polygon POINTS="508 1136 505 1211 505 1211 508 1136"/>
                                </Shape>
                            </Glyph>
                            <Glyph ID="char_485" CONTENT="́" HPOS="510" VPOS="1137" WIDTH="8" HEIGHT="74" GC="1.0">
                                <Shape>
                                    <Polygon POINTS="513 1137 510 1211 515 1210 518 1137"/>
                                </Shape>
                            </Glyph>
                            <Glyph ID="char_486" CONTENT="," HPOS="530" VPOS="1137" WIDTH="3" HEIGHT="73" GC="0.9909">
                                <Shape>
                                    <Polygon POINTS="533 1137 530 1210 530 1210 533 1137"/>
                                </Shape>
                            </Glyph>
                        </String>
                        <SP ID="segment_181" HPOS="551"  VPOS="1138" WIDTH="13"  HEIGHT="71"/>
                        <String ID="segment_182" CONTENT="c&#39;est" HPOS="571" VPOS="1139" WIDTH="78" HEIGHT="70" WC="0.9976">
                            <Shape>
                                <Polygon POINTS="574 1139 571 1209 647 1206 649 1154"/>
                            </Shape>
                            <Glyph ID="char_488" CONTENT="c" HPOS="571" VPOS="1139" WIDTH="3" HEIGHT="70" GC="0.9998">
                                <Shape>
                                    <Polygon POINTS="574 1139 571 1209 571 1209 574 1139"/>
                                </Shape>
                            </Glyph>
                            <Glyph ID="char_489" CONTENT="&#39;" HPOS="591" VPOS="1140" WIDTH="13" HEIGHT="68" GC="1.0">
                                <Shape>
                                    <Polygon POINTS="594 1140 591 1208 601 1208 604 1141"/>
                                </Shape>
                            </Glyph>
                            <Glyph ID="char_490" CONTENT="e" HPOS="606" VPOS="1142" WIDTH="3" HEIGHT="66" GC="0.9999">
                                <Shape>
                                    <Polygon POINTS="609 1142 606 1208 606 1208 609 1142"/>
                                </Shape>
                            </Glyph>
                            <Glyph ID="char_491" CONTENT="s" HPOS="627" VPOS="1149" WIDTH="3" HEIGHT="58" GC="1.0">
                                <Shape>
                                    <Polygon POINTS="630 1149 627 1207 627 1207 630 1149"/>
                                </Shape>
                            </Glyph>
                            <Glyph ID="char_492" CONTENT="t" HPOS="647" VPOS="1154" WIDTH="2" HEIGHT="52" GC="0.9885">
                                <Shape>
                                    <Polygon POINTS="649 1154 647 1206 647 1206 649 1154"/>
                                </Shape>
                            </Glyph>
                        </String>
                        <SP ID="segment_183" HPOS="677"  VPOS="1163" WIDTH="7"  HEIGHT="49"/>
                        <String ID="segment_184" CONTENT="une" HPOS="698" VPOS="1169" WIDTH="68" HEIGHT="48" WC="0.9999">
                            <Shape>
                                <Polygon POINTS="700 1169 698 1217 764 1217 766 1173"/>
                            </Shape>
                            <Glyph ID="char_494" CONTENT="u" HPOS="698" VPOS="1169" WIDTH="2" HEIGHT="48" GC="0.9997">
                                <Shape>
                                    <Polygon POINTS="700 1169 698 1217 698 1217 700 1169"/>
                                </Shape>
                            </Glyph>
                            <Glyph ID="char_495" CONTENT="n" HPOS="738" VPOS="1172" WIDTH="2" HEIGHT="45" GC="1.0">
                                <Shape>
                                    <Polygon POINTS="740 1172 738 1217 738 1217 740 1172"/>
                                </Shape>
                            </Glyph>
                            <Glyph ID="char_496" CONTENT="e" HPOS="764" VPOS="1173" WIDTH="2" HEIGHT="44" GC="1.0">
                                <Shape>
                                    <Polygon POINTS="766 1173 764 1217 764 1217 766 1173"/>
                                </Shape>
                            </Glyph>
                        </String>
                        <SP ID="segment_185" HPOS="794"  VPOS="1174" WIDTH="7"  HEIGHT="43"/>
                        <String ID="segment_186" CONTENT="avanture" HPOS="814" VPOS="1171" WIDTH="230" HEIGHT="61" WC="0.9985">
                            <Shape>
                                <Polygon POINTS="816 1175 814 1217 1041 1232 1044 1180"/>
                            </Shape>
                            <Glyph ID="char_498" CONTENT="a" HPOS="814" VPOS="1175" WIDTH="2" HEIGHT="42" GC="0.9999">
                                <Shape>
                                    <Polygon POINTS="816 1175 814 1217 814 1217 816 1175"/>
                                </Shape>
                            </Glyph>
                            <Glyph ID="char_499" CONTENT="v" HPOS="855" VPOS="1176" WIDTH="2" HEIGHT="41" GC="1.0">
                                <Shape>
                                    <Polygon POINTS="857 1176 855 1217 855 1217 857 1176"/>
                                </Shape>
                            </Glyph>
                            <Glyph ID="char_500" CONTENT="a" HPOS="890" VPOS="1177" WIDTH="2" HEIGHT="41" GC="0.9998">
                                <Shape>
                                    <Polygon POINTS="892 1177 890 1218 890 1218 892 1177"/>
                                </Shape>
                            </Glyph>
                            <Glyph ID="char_501" CONTENT="n" HPOS="931" VPOS="1179" WIDTH="2" HEIGHT="43" GC="1.0">
                                <Shape>
                                    <Polygon POINTS="933 1179 931 1222 931 1222 933 1179"/>
                                </Shape>
                            </Glyph>
                            <Glyph ID="char_502" CONTENT="t" HPOS="956" VPOS="1171" WIDTH="2" HEIGHT="53" GC="0.9995">
                                <Shape>
                                    <Polygon POINTS="958 1171 956 1224 956 1224 958 1171"/>
                                </Shape>
                            </Glyph>
                            <Glyph ID="char_503" CONTENT="u" HPOS="992" VPOS="1175" WIDTH="2" HEIGHT="52" GC="0.9999">
                                <Shape>
                                    <Polygon POINTS="994 1175 992 1227 992 1227 994 1175"/>
                                </Shape>
                            </Glyph>
                            <Glyph ID="char_504" CONTENT="r" HPOS="1017" VPOS="1177" WIDTH="2" HEIGHT="53" GC="0.9893">
                                <Shape>
                                    <Polygon POINTS="1019 1177 1017 1230 1017 1230 1019 1177"/>
                                </Shape>
                            </Glyph>
                            <Glyph ID="char_505" CONTENT="e" HPOS="1041" VPOS="1180" WIDTH="3" HEIGHT="52" GC="1.0">
                                <Shape>
                                    <Polygon POINTS="1044 1180 1041 1232 1041 1232 1044 1180"/>
                                </Shape>
                            </Glyph>
                        </String>
                        <SP ID="segment_187" HPOS="1087"  VPOS="1185" WIDTH="8"  HEIGHT="52"/>
                        <String ID="segment_188" CONTENT="glorieuse," HPOS="1107" VPOS="1167" WIDTH="252" HEIGHT="73" WC="0.9991">
                            <Shape>
                                <Polygon POINTS="1110 1182 1107 1238 1356 1238 1359 1199"/>
                            </Shape>
                            <Glyph ID="char_507" CONTENT="g" HPOS="1107" VPOS="1182" WIDTH="3" HEIGHT="56" GC="0.9984">
                                <Shape>
                                    <Polygon POINTS="1110 1182 1107 1238 1107 1238 1110 1182"/>
                                </Shape>
                            </Glyph>
                            <Glyph ID="char_508" CONTENT="l" HPOS="1148" VPOS="1169" WIDTH="3" HEIGHT="71" GC="1.0">
                                <Shape>
                                    <Polygon POINTS="1151 1169 1148 1240 1148 1240 1151 1169"/>
                                </Shape>
                            </Glyph>
                            <Glyph ID="char_509" CONTENT="o" HPOS="1168" VPOS="1167" WIDTH="3" HEIGHT="72" GC="1.0">
                                <Shape>
                                    <Polygon POINTS="1171 1167 1168 1239 1168 1239 1171 1167"/>
                                </Shape>
                            </Glyph>
                            <Glyph ID="char_510" CONTENT="r" HPOS="1189" VPOS="1169" WIDTH="8" HEIGHT="70" GC="1.0">
                                <Shape>
                                    <Polygon POINTS="1192 1169 1189 1239 1194 1239 1197 1169"/>
                                </Shape>
                            </Glyph>
                            <Glyph ID="char_511" CONTENT="i" HPOS="1219" VPOS="1172" WIDTH="3" HEIGHT="67" GC="1.0">
                                <Shape>
                                    <Polygon POINTS="1222 1172 1219 1239 1219 1239 1222 1172"/>
                                </Shape>
                            </Glyph>
                            <Glyph ID="char_512" CONTENT="e" HPOS="1239" VPOS="1174" WIDTH="3" HEIGHT="64" GC="0.9998">
                                <Shape>
                                    <Polygon POINTS="1242 1174 1239 1238 1239 1238 1242 1174"/>
                                </Shape>
                            </Glyph>
                            <Glyph ID="char_513" CONTENT="u" HPOS="1275" VPOS="1177" WIDTH="4" HEIGHT="61" GC="0.9977">
                                <Shape>
                                    <Polygon POINTS="1279 1177 1275 1238 1275 1238 1279 1177"/>
                                </Shape>
                            </Glyph>
                            <Glyph ID="char_514" CONTENT="s" HPOS="1300" VPOS="1182" WIDTH="4" HEIGHT="55" GC="1.0">
                                <Shape>
                                    <Polygon POINTS="1304 1182 1300 1237 1300 1237 1304 1182"/>
                                </Shape>
                            </Glyph>
                            <Glyph ID="char_515" CONTENT="e" HPOS="1320" VPOS="1195" WIDTH="3" HEIGHT="42" GC="0.9999">
                                <Shape>
                                    <Polygon POINTS="1323 1195 1320 1237 1320 1237 1323 1195"/>
                                </Shape>
                            </Glyph>
                            <Glyph ID="char_516" CONTENT="," HPOS="1356" VPOS="1199" WIDTH="3" HEIGHT="39" GC="0.9948">
                                <Shape>
                                    <Polygon POINTS="1359 1199 1356 1238 1356 1238 1359 1199"/>
                                </Shape>
                            </Glyph>
                        </String>
                        <SP ID="segment_189" HPOS="1381"  VPOS="1191" WIDTH="8"  HEIGHT="56"/>
                        <String ID="segment_190" CONTENT="L&#39;anglois" HPOS="1395" VPOS="1179" WIDTH="223" HEIGHT="79" WC="0.9725">
                            <Shape>
                                <Polygon POINTS="1399 1187 1395 1252 1615 1258 1618 1204"/>
                            </Shape>
                            <Glyph ID="char_518" CONTENT="L" HPOS="1395" VPOS="1187" WIDTH="4" HEIGHT="65" GC="1.0">
                                <Shape>
                                    <Polygon POINTS="1399 1187 1395 1252 1395 1252 1399 1187"/>
                                </Shape>
                            </Glyph>
                            <Glyph ID="char_519" CONTENT="&#39;" HPOS="1431" VPOS="1179" WIDTH="10" HEIGHT="75" GC="0.9996">
                                <Shape>
                                    <Polygon POINTS="1436 1179 1431 1254 1436 1254 1441 1179"/>
                                </Shape>
                            </Glyph>
                            <Glyph ID="char_520" CONTENT="a" HPOS="1451" VPOS="1180" WIDTH="5" HEIGHT="74" GC="0.9987">
                                <Shape>
                                    <Polygon POINTS="1456 1180 1451 1254 1451 1254 1456 1180"/>
                                </Shape>
                            </Glyph>
                            <Glyph ID="char_521" CONTENT="n" HPOS="1492" VPOS="1191" WIDTH="4" HEIGHT="65" GC="0.9991">
                                <Shape>
                                    <Polygon POINTS="1496 1191 1492 1256 1492 1256 1496 1191"/>
                                </Shape>
                            </Glyph>
                            <Glyph ID="char_522" CONTENT="g" HPOS="1522" VPOS="1203" WIDTH="4" HEIGHT="55" GC="1.0">
                                <Shape>
                                    <Polygon POINTS="1526 1203 1522 1258 1522 1258 1526 1203"/>
                                </Shape>
                            </Glyph>
                            <Glyph ID="char_523" CONTENT="l" HPOS="1554" VPOS="1200" WIDTH="3" HEIGHT="52" GC="0.9996">
                                <Shape>
                                    <Polygon POINTS="1557 1200 1554 1252 1554 1252 1557 1200"/>
                                </Shape>
                            </Glyph>
                            <Glyph ID="char_524" CONTENT="o" HPOS="1574" VPOS="1195" WIDTH="3" HEIGHT="56" GC="0.8338">
                                <Shape>
                                    <Polygon POINTS="1577 1195 1574 1251 1574 1251 1577 1195"/>
                                </Shape>
                            </Glyph>
                            <Glyph ID="char_525" CONTENT="i" HPOS="1594" VPOS="1195" WIDTH="3" HEIGHT="60" GC="0.922">
                                <Shape>
                                    <Polygon POINTS="1597 1195 1594 1255 1594 1255 1597 1195"/>
                                </Shape>
                            </Glyph>
                            <Glyph ID="char_526" CONTENT="s" HPOS="1615" VPOS="1204" WIDTH="3" HEIGHT="54" GC="0.9999">
                                <Shape>
                                    <Polygon POINTS="1618 1204 1615 1258 1615 1258 1618 1204"/>
                                </Shape>
                            </Glyph>
                        </String>
                        <SP ID="segment_191" HPOS="1655"  VPOS="1213" WIDTH="7"  HEIGHT="43"/>
                        <String ID="segment_192" CONTENT="a" HPOS="1675" VPOS="1213" WIDTH="2" HEIGHT="45" WC="0.9996">
                            <Shape>
                                <Polygon POINTS="1677 1213 1675 1258 1675 1258 1677 1213"/>
                            </Shape>
                            <Glyph ID="char_528" CONTENT="a" HPOS="1675" VPOS="1213" WIDTH="2" HEIGHT="45" GC="0.9996">
                                <Shape>
                                    <Polygon POINTS="1677 1213 1675 1258 1675 1258 1677 1213"/>
                                </Shape>
                            </Glyph>
                        </String>
                        <SP ID="segment_193" HPOS="1715"  VPOS="1215" WIDTH="8"  HEIGHT="50"/>
                        <String ID="segment_194" CONTENT="été" HPOS="1730" VPOS="1196" WIDTH="58" HEIGHT="74" WC="0.9015">
                            <Shape>
                                <Polygon POINTS="1733 1214 1730 1266 1787 1270 1788 1196"/>
                            </Shape>
                            <Glyph ID="char_530" CONTENT="e" HPOS="1730" VPOS="1214" WIDTH="3" HEIGHT="52" GC="0.5187">
                                <Shape>
                                    <Polygon POINTS="1733 1214 1730 1266 1730 1266 1733 1214"/>
                                </Shape>
                            </Glyph>
                            <Glyph ID="char_531" CONTENT="́" HPOS="1740" VPOS="1211" WIDTH="4" HEIGHT="56" GC="0.993">
                                <Shape>
                                    <Polygon POINTS="1744 1211 1740 1267 1740 1267 1744 1211"/>
                                </Shape>
                            </Glyph>
                            <Glyph ID="char_532" CONTENT="t" HPOS="1750" VPOS="1207" WIDTH="4" HEIGHT="61" GC="0.9972">
                                <Shape>
                                    <Polygon POINTS="1754 1207 1750 1268 1750 1268 1754 1207"/>
                                </Shape>
                            </Glyph>
                            <Glyph ID="char_533" CONTENT="e" HPOS="1777" VPOS="1199" WIDTH="1" HEIGHT="70" GC="0.9992">
                                <Shape>
                                    <Polygon POINTS="1778 1199 1777 1269 1777 1269 1778 1199"/>
                                </Shape>
                            </Glyph>
                            <Glyph ID="char_534" CONTENT="́" HPOS="1782" VPOS="1196" WIDTH="6" HEIGHT="74" GC="0.9994">
                                <Shape>
                                    <Polygon POINTS="1783 1197 1782 1270 1787 1270 1788 1196"/>
                                </Shape>
                            </Glyph>
                        </String>
                        <SP ID="segment_195" HPOS="1812"  VPOS="1201" WIDTH="6"  HEIGHT="70"/>
                        <String ID="segment_196" CONTENT="obligé" HPOS="1833" VPOS="1206" WIDTH="143" HEIGHT="69" WC="0.8947">
                            <Shape>
                                <Polygon POINTS="1834 1206 1833 1272 1975 1269 1976 1206"/>
                            </Shape>
                            <Glyph ID="char_536" CONTENT="o" HPOS="1833" VPOS="1206" WIDTH="1" HEIGHT="66" GC="0.9989">
                                <Shape>
                                    <Polygon POINTS="1834 1206 1833 1272 1833 1272 1834 1206"/>
                                </Shape>
                            </Glyph>
                            <Glyph ID="char_537" CONTENT="b" HPOS="1858" VPOS="1206" WIDTH="1" HEIGHT="68" GC="0.9983">
                                <Shape>
                                    <Polygon POINTS="1859 1206 1858 1274 1858 1274 1859 1206"/>
                                </Shape>
                            </Glyph>
                            <Glyph ID="char_538" CONTENT="l" HPOS="1888" VPOS="1206" WIDTH="1" HEIGHT="62" GC="0.994">
                                <Shape>
                                    <Polygon POINTS="1889 1206 1888 1268 1888 1268 1889 1206"/>
                                </Shape>
                            </Glyph>
                            <Glyph ID="char_539" CONTENT="i" HPOS="1909" VPOS="1206" WIDTH="1" HEIGHT="69" GC="0.7659">
                                <Shape>
                                    <Polygon POINTS="1910 1206 1909 1275 1909 1275 1910 1206"/>
                                </Shape>
                            </Glyph>
                            <Glyph ID="char_540" CONTENT="g" HPOS="1944" VPOS="1206" WIDTH="1" HEIGHT="66" GC="0.9997">
                                <Shape>
                                    <Polygon POINTS="1945 1206 1944 1272 1944 1272 1945 1206"/>
                                </Shape>
                            </Glyph>
                            <Glyph ID="char_541" CONTENT="e" HPOS="1964" VPOS="1206" WIDTH="1" HEIGHT="64" GC="0.5067">
                                <Shape>
                                    <Polygon POINTS="1965 1206 1964 1270 1964 1270 1965 1206"/>
                                </Shape>
                            </Glyph>
                            <Glyph ID="char_542" CONTENT="́" HPOS="1970" VPOS="1206" WIDTH="6" HEIGHT="63" GC="0.9996">
                                <Shape>
                                    <Polygon POINTS="1971 1206 1970 1269 1975 1269 1976 1206"/>
                                </Shape>
                            </Glyph>
                        </String>
                    </TextLine>

                    <TextLine ID="4f690e8a-effb-4da0-8ec0-1c969f3f109f" HPOS="370.0" VPOS="1212.0" WIDTH="1625.0" HEIGHT="161.0" BASELINE="371.0 1270.0 706.0 1277.0 1329.0 1316.0 1995.0 1344.0" TAGREFS="LINE_TYPE_1">
                        <Shape>
                            <Polygon POINTS="371.0 1270.0 370.0 1281.0 446.0 1300.0 448.0 1300.0 485.0 1293.0 570.0 1306.0 572.0 1306.0 700.0 1298.0 736.0 1313.0 737.0 1313.0 811.0 1318.0 812.0 1318.0 964.0 1310.0 1098.0 1332.0 1100.0 1332.0 1156.0 1319.0 1216.0 1332.0 1218.0 1332.0 1259.0 1324.0 1346.0 1336.0 1348.0 1336.0 1479.0 1335.0 1511.0 1348.0 1513.0 1348.0 1514.0 1348.0 1516.0 1348.0 1547.0 1338.0 1643.0 1355.0 1644.0 1355.0 1819.0 1352.0 1863.0 1368.0 1865.0 1368.0 1866.0 1368.0 1868.0 1368.0 1895.0 1358.0 1932.0 1371.0 1934.0 1371.0 1992.0 1373.0 1995.0 1344.0 1995.0 1309.0 1917.0 1286.0 1915.0 1286.0 1914.0 1286.0 1912.0 1286.0 1871.0 1298.0 1814.0 1281.0 1813.0 1281.0 1811.0 1281.0 1810.0 1281.0 1784.0 1290.0 1707.0 1275.0 1706.0 1275.0 1704.0 1275.0 1683.0 1283.0 1651.0 1274.0 1649.0 1274.0 1648.0 1274.0 1528.0 1287.0 1453.0 1286.0 1262.0 1277.0 1175.0 1251.0 1173.0 1251.0 1172.0 1251.0 1068.0 1266.0 1009.0 1264.0 957.0 1244.0 956.0 1244.0 954.0 1244.0 953.0 1244.0 922.0 1252.0 876.0 1240.0 875.0 1240.0 873.0 1240.0 872.0 1240.0 850.0 1246.0 815.0 1232.0 814.0 1232.0 705.0 1231.0 703.0 1231.0 639.0 1244.0 590.0 1222.0 589.0 1222.0 544.0 1220.0 543.0 1220.0 541.0 1220.0 512.0 1231.0 492.0 1220.0 491.0 1220.0 373.0 1212.0 371.0 1270.0"/>
                        </Shape>
                        <String ID="segment_197" CONTENT="d&#39;abandonner" HPOS="395" VPOS="1214" WIDTH="319" HEIGHT="91" WC="0.9876">
                            <Shape>
                                <Polygon POINTS="396 1214 395 1287 709 1302 714 1231"/>
                            </Shape>
                            <Glyph ID="char_543" CONTENT="d" HPOS="395" VPOS="1214" WIDTH="1" HEIGHT="73" GC="1.0">
                                <Shape>
                                    <Polygon POINTS="396 1214 395 1287 395 1287 396 1214"/>
                                </Shape>
                            </Glyph>
                            <Glyph ID="char_544" CONTENT="&#39;" HPOS="420" VPOS="1215" WIDTH="1" HEIGHT="78" GC="1.0">
                                <Shape>
                                    <Polygon POINTS="421 1215 420 1293 420 1293 421 1215"/>
                                </Shape>
                            </Glyph>
                            <Glyph ID="char_545" CONTENT="a" HPOS="437" VPOS="1216" WIDTH="2" HEIGHT="82" GC="0.9981">
                                <Shape>
                                    <Polygon POINTS="439 1216 437 1298 437 1298 439 1216"/>
                                </Shape>
                            </Glyph>
                            <Glyph ID="char_546" CONTENT="b" HPOS="467" VPOS="1219" WIDTH="2" HEIGHT="77" GC="1.0">
                                <Shape>
                                    <Polygon POINTS="469 1219 467 1296 467 1296 469 1219"/>
                                </Shape>
                            </Glyph>
                            <Glyph ID="char_547" CONTENT="a" HPOS="498" VPOS="1224" WIDTH="1" HEIGHT="71" GC="1.0">
                                <Shape>
                                    <Polygon POINTS="499 1224 498 1295 498 1295 499 1224"/>
                                </Shape>
                            </Glyph>
                            <Glyph ID="char_548" CONTENT="n" HPOS="534" VPOS="1222" WIDTH="2" HEIGHT="79" GC="1.0">
                                <Shape>
                                    <Polygon POINTS="536 1222 534 1301 534 1301 536 1222"/>
                                </Shape>
                            </Glyph>
                            <Glyph ID="char_549" CONTENT="d" HPOS="564" VPOS="1221" WIDTH="2" HEIGHT="84" GC="1.0">
                                <Shape>
                                    <Polygon POINTS="566 1221 564 1305 564 1305 566 1221"/>
                                </Shape>
                            </Glyph>
                            <Glyph ID="char_550" CONTENT="o" HPOS="595" VPOS="1225" WIDTH="2" HEIGHT="80" GC="1.0">
                                <Shape>
                                    <Polygon POINTS="597 1225 595 1305 595 1305 597 1225"/>
                                </Shape>
                            </Glyph>
                            <Glyph ID="char_551" CONTENT="n" HPOS="631" VPOS="1241" WIDTH="2" HEIGHT="61" GC="0.8885">
                                <Shape>
                                    <Polygon POINTS="633 1241 631 1302 631 1302 633 1241"/>
                                </Shape>
                            </Glyph>
                            <Glyph ID="char_552" CONTENT="n" HPOS="661" VPOS="1239" WIDTH="2" HEIGHT="61" GC="0.9648">
                                <Shape>
                                    <Polygon POINTS="663 1239 661 1300 661 1300 663 1239"/>
                                </Shape>
                            </Glyph>
                            <Glyph ID="char_553" CONTENT="e" HPOS="686" VPOS="1234" WIDTH="2" HEIGHT="65" GC="1.0">
                                <Shape>
                                    <Polygon POINTS="688 1234 686 1299 686 1299 688 1234"/>
                                </Shape>
                            </Glyph>
                            <Glyph ID="char_554" CONTENT="r" HPOS="709" VPOS="1231" WIDTH="5" HEIGHT="71" GC="0.9998">
                                <Shape>
                                    <Polygon POINTS="714 1231 709 1302 709 1302 714 1231"/>
                                </Shape>
                            </Glyph>
                        </String>
                        <SP ID="segment_198" HPOS="739"  VPOS="1231" WIDTH="11"  HEIGHT="83"/>
                        <String ID="segment_199" CONTENT="la" HPOS="751" VPOS="1231" WIDTH="36" HEIGHT="85" WC="0.9966">
                            <Shape>
                                <Polygon POINTS="756 1231 751 1314 782 1316 787 1232"/>
                            </Shape>
                            <Glyph ID="char_556" CONTENT="l" HPOS="751" VPOS="1231" WIDTH="5" HEIGHT="83" GC="0.9933">
                                <Shape>
                                    <Polygon POINTS="756 1231 751 1314 751 1314 756 1231"/>
                                </Shape>
                            </Glyph>
                            <Glyph ID="char_557" CONTENT="a" HPOS="782" VPOS="1232" WIDTH="5" HEIGHT="84" GC="1.0">
                                <Shape>
                                    <Polygon POINTS="787 1232 782 1316 782 1316 787 1232"/>
                                </Shape>
                            </Glyph>
                        </String>
                        <SP ID="segment_200" HPOS="806"  VPOS="1232" WIDTH="11"  HEIGHT="86"/>
                        <String ID="segment_201" CONTENT="partie." HPOS="824" VPOS="1237" WIDTH="179" HEIGHT="80" WC="0.9998">
                            <Shape>
                                <Polygon POINTS="829 1237 824 1317 1000 1316 1003 1262"/>
                            </Shape>
                            <Glyph ID="char_559" CONTENT="p" HPOS="824" VPOS="1237" WIDTH="5" HEIGHT="80" GC="0.9988">
                                <Shape>
                                    <Polygon POINTS="829 1237 824 1317 824 1317 829 1237"/>
                                </Shape>
                            </Glyph>
                            <Glyph ID="char_560" CONTENT="a" HPOS="867" VPOS="1240" WIDTH="5" HEIGHT="75" GC="1.0">
                                <Shape>
                                    <Polygon POINTS="872 1240 867 1315 867 1315 872 1240"/>
                                </Shape>
                            </Glyph>
                            <Glyph ID="char_561" CONTENT="r" HPOS="897" VPOS="1247" WIDTH="4" HEIGHT="67" GC="1.0">
                                <Shape>
                                    <Polygon POINTS="901 1247 897 1314 897 1314 901 1247"/>
                                </Shape>
                            </Glyph>
                            <Glyph ID="char_562" CONTENT="t" HPOS="928" VPOS="1249" WIDTH="4" HEIGHT="63" GC="1.0">
                                <Shape>
                                    <Polygon POINTS="932 1249 928 1312 928 1312 932 1249"/>
                                </Shape>
                            </Glyph>
                            <Glyph ID="char_563" CONTENT="i" HPOS="946" VPOS="1245" WIDTH="4" HEIGHT="66" GC="1.0">
                                <Shape>
                                    <Polygon POINTS="950 1245 946 1311 946 1311 950 1245"/>
                                </Shape>
                            </Glyph>
                            <Glyph ID="char_564" CONTENT="e" HPOS="970" VPOS="1251" WIDTH="4" HEIGHT="60" GC="1.0">
                                <Shape>
                                    <Polygon POINTS="974 1251 970 1311 970 1311 974 1251"/>
                                </Shape>
                            </Glyph>
                            <Glyph ID="char_565" CONTENT="." HPOS="1000" VPOS="1262" WIDTH="3" HEIGHT="54" GC="1.0">
                                <Shape>
                                    <Polygon POINTS="1003 1262 1000 1316 1000 1316 1003 1262"/>
                                </Shape>
                            </Glyph>
                        </String>
                        <SP ID="segment_202" HPOS="1072"  VPOS="1264" WIDTH="10"  HEIGHT="65"/>
                        <String ID="segment_203" CONTENT="faites" HPOS="1097" VPOS="1252" WIDTH="137" HEIGHT="80" WC="0.9994">
                            <Shape>
                                <Polygon POINTS="1102 1261 1097 1332 1231 1330 1234 1269"/>
                            </Shape>
                            <Glyph ID="char_567" CONTENT="f" HPOS="1097" VPOS="1261" WIDTH="5" HEIGHT="71" GC="1.0">
                                <Shape>
                                    <Polygon POINTS="1102 1261 1097 1332 1097 1332 1102 1261"/>
                                </Shape>
                            </Glyph>
                            <Glyph ID="char_568" CONTENT="a" HPOS="1128" VPOS="1257" WIDTH="4" HEIGHT="69" GC="0.9995">
                                <Shape>
                                    <Polygon POINTS="1132 1257 1128 1326 1128 1326 1132 1257"/>
                                </Shape>
                            </Glyph>
                            <Glyph ID="char_569" CONTENT="i" HPOS="1164" VPOS="1252" WIDTH="4" HEIGHT="69" GC="0.9998">
                                <Shape>
                                    <Polygon POINTS="1168 1252 1164 1321 1164 1321 1168 1252"/>
                                </Shape>
                            </Glyph>
                            <Glyph ID="char_570" CONTENT="t" HPOS="1189" VPOS="1256" WIDTH="4" HEIGHT="70" GC="1.0">
                                <Shape>
                                    <Polygon POINTS="1193 1256 1189 1326 1189 1326 1193 1256"/>
                                </Shape>
                            </Glyph>
                            <Glyph ID="char_571" CONTENT="e" HPOS="1207" VPOS="1262" WIDTH="4" HEIGHT="68" GC="0.9972">
                                <Shape>
                                    <Polygon POINTS="1211 1262 1207 1330 1207 1330 1211 1262"/>
                                </Shape>
                            </Glyph>
                            <Glyph ID="char_572" CONTENT="s" HPOS="1231" VPOS="1269" WIDTH="3" HEIGHT="61" GC="0.9998">
                                <Shape>
                                    <Polygon POINTS="1234 1269 1231 1330 1231 1330 1234 1269"/>
                                </Shape>
                            </Glyph>
                        </String>
                        <SP ID="segment_204" HPOS="1261"  VPOS="1277" WIDTH="9"  HEIGHT="48"/>
                        <String ID="segment_205" CONTENT="mes" HPOS="1286" VPOS="1278" WIDTH="87" HEIGHT="58" WC="0.9906">
                            <Shape>
                                <Polygon POINTS="1289 1278 1286 1328 1371 1336 1373 1282"/>
                            </Shape>
                            <Glyph ID="char_574" CONTENT="m" HPOS="1286" VPOS="1278" WIDTH="3" HEIGHT="50" GC="0.9998">
                                <Shape>
                                    <Polygon POINTS="1289 1278 1286 1328 1286 1328 1289 1278"/>
                                </Shape>
                            </Glyph>
                            <Glyph ID="char_575" CONTENT="e" HPOS="1340" VPOS="1281" WIDTH="2" HEIGHT="54" GC="0.9759">
                                <Shape>
                                    <Polygon POINTS="1342 1281 1340 1335 1340 1335 1342 1281"/>
                                </Shape>
                            </Glyph>
                            <Glyph ID="char_576" CONTENT="s" HPOS="1371" VPOS="1282" WIDTH="2" HEIGHT="54" GC="0.9959">
                                <Shape>
                                    <Polygon POINTS="1373 1282 1371 1336 1371 1336 1373 1282"/>
                                </Shape>
                            </Glyph>
                        </String>
                        <SP ID="segment_206" HPOS="1413"  VPOS="1284" WIDTH="8"  HEIGHT="52"/>
                        <String ID="segment_207" CONTENT="amitiés," HPOS="1437" VPOS="1275" WIDTH="222" HEIGHT="80" WC="0.9968">
                            <Shape>
                                <Polygon POINTS="1439 1285 1437 1335 1655 1355 1659 1276"/>
                            </Shape>
                            <Glyph ID="char_578" CONTENT="a" HPOS="1437" VPOS="1285" WIDTH="2" HEIGHT="50" GC="1.0">
                                <Shape>
                                    <Polygon POINTS="1439 1285 1437 1335 1437 1335 1439 1285"/>
                                </Shape>
                            </Glyph>
                            <Glyph ID="char_579" CONTENT="m" HPOS="1492" VPOS="1287" WIDTH="2" HEIGHT="53" GC="1.0">
                                <Shape>
                                    <Polygon POINTS="1494 1287 1492 1340 1492 1340 1494 1287"/>
                                </Shape>
                            </Glyph>
                            <Glyph ID="char_580" CONTENT="i" HPOS="1529" VPOS="1287" WIDTH="2" HEIGHT="57" GC="1.0">
                                <Shape>
                                    <Polygon POINTS="1531 1287 1529 1344 1529 1344 1531 1287"/>
                                </Shape>
                            </Glyph>
                            <Glyph ID="char_581" CONTENT="t" HPOS="1553" VPOS="1284" WIDTH="2" HEIGHT="55" GC="0.9994">
                                <Shape>
                                    <Polygon POINTS="1555 1284 1553 1339 1553 1339 1555 1284"/>
                                </Shape>
                            </Glyph>
                            <Glyph ID="char_582" CONTENT="i" HPOS="1577" VPOS="1281" WIDTH="2" HEIGHT="62" GC="0.9992">
                                <Shape>
                                    <Polygon POINTS="1579 1281 1577 1343 1577 1343 1579 1281"/>
                                </Shape>
                            </Glyph>
                            <Glyph ID="char_583" CONTENT="e" HPOS="1607" VPOS="1278" WIDTH="3" HEIGHT="71" GC="0.999">
                                <Shape>
                                    <Polygon POINTS="1610 1278 1607 1349 1607 1349 1610 1278"/>
                                </Shape>
                            </Glyph>
                            <Glyph ID="char_584" CONTENT="́" HPOS="1614" VPOS="1277" WIDTH="9" HEIGHT="74" GC="0.9984">
                                <Shape>
                                    <Polygon POINTS="1617 1277 1614 1350 1620 1351 1623 1277"/>
                                </Shape>
                            </Glyph>
                            <Glyph ID="char_585" CONTENT="s" HPOS="1637" VPOS="1275" WIDTH="4" HEIGHT="79" GC="0.998">
                                <Shape>
                                    <Polygon POINTS="1641 1275 1637 1354 1637 1354 1641 1275"/>
                                </Shape>
                            </Glyph>
                            <Glyph ID="char_586" CONTENT="," HPOS="1655" VPOS="1276" WIDTH="4" HEIGHT="79" GC="0.9767">
                                <Shape>
                                    <Polygon POINTS="1659 1276 1655 1355 1655 1355 1659 1276"/>
                                </Shape>
                            </Glyph>
                        </String>
                        <SP ID="segment_208" HPOS="1679"  VPOS="1281" WIDTH="9"  HEIGHT="73"/>
                        <String ID="segment_209" CONTENT="à" HPOS="1698" VPOS="1276" WIDTH="22" HEIGHT="78" WC="0.9614">
                            <Shape>
                                <Polygon POINTS="1702 1276 1698 1354 1716 1354 1720 1277"/>
                            </Shape>
                            <Glyph ID="char_588" CONTENT="a" HPOS="1698" VPOS="1276" WIDTH="4" HEIGHT="78" GC="0.9954">
                                <Shape>
                                    <Polygon POINTS="1702 1276 1698 1354 1698 1354 1702 1276"/>
                                </Shape>
                            </Glyph>
                            <Glyph ID="char_589" CONTENT="̀" HPOS="1710" VPOS="1276" WIDTH="10" HEIGHT="78" GC="0.9273">
                                <Shape>
                                    <Polygon POINTS="1714 1276 1710 1354 1716 1354 1720 1277"/>
                                </Shape>
                            </Glyph>
                        </String>
                        <SP ID="segment_210" HPOS="1753"  VPOS="1284" WIDTH="8"  HEIGHT="69"/>
                        <String ID="segment_211" CONTENT="la" HPOS="1771" VPOS="1285" WIDTH="27" HEIGHT="68" WC="0.9985">
                            <Shape>
                                <Polygon POINTS="1773 1288 1771 1353 1796 1352 1798 1285"/>
                            </Shape>
                            <Glyph ID="char_591" CONTENT="l" HPOS="1771" VPOS="1288" WIDTH="2" HEIGHT="65" GC="0.9997">
                                <Shape>
                                    <Polygon POINTS="1773 1288 1771 1353 1771 1353 1773 1288"/>
                                </Shape>
                            </Glyph>
                            <Glyph ID="char_592" CONTENT="a" HPOS="1796" VPOS="1285" WIDTH="2" HEIGHT="67" GC="0.9974">
                                <Shape>
                                    <Polygon POINTS="1798 1285 1796 1352 1796 1352 1798 1285"/>
                                </Shape>
                            </Glyph>
                        </String>
                        <SP ID="segment_212" HPOS="1831"  VPOS="1287" WIDTH="9"  HEIGHT="72"/>
                        <String ID="segment_213" CONTENT="chere" HPOS="1849" VPOS="1287" WIDTH="125" HEIGHT="85" WC="0.9984">
                            <Shape>
                                <Polygon POINTS="1852 1292 1849 1363 1971 1372 1974 1303"/>
                            </Shape>
                            <Glyph ID="char_594" CONTENT="c" HPOS="1849" VPOS="1292" WIDTH="3" HEIGHT="71" GC="0.9999">
                                <Shape>
                                    <Polygon POINTS="1852 1292 1849 1363 1849 1363 1852 1292"/>
                                </Shape>
                            </Glyph>
                            <Glyph ID="char_595" CONTENT="h" HPOS="1874" VPOS="1296" WIDTH="3" HEIGHT="70" GC="0.999">
                                <Shape>
                                    <Polygon POINTS="1877 1296 1874 1366 1874 1366 1877 1296"/>
                                </Shape>
                            </Glyph>
                            <Glyph ID="char_596" CONTENT="e" HPOS="1916" VPOS="1287" WIDTH="3" HEIGHT="78" GC="0.9999">
                                <Shape>
                                    <Polygon POINTS="1919 1287 1916 1365 1916 1365 1919 1287"/>
                                </Shape>
                            </Glyph>
                            <Glyph ID="char_597" CONTENT="r" HPOS="1940" VPOS="1294" WIDTH="3" HEIGHT="77" GC="0.9994">
                                <Shape>
                                    <Polygon POINTS="1943 1294 1940 1371 1940 1371 1943 1294"/>
                                </Shape>
                            </Glyph>
                            <Glyph ID="char_598" CONTENT="e" HPOS="1971" VPOS="1303" WIDTH="3" HEIGHT="69" GC="0.9938">
                                <Shape>
                                    <Polygon POINTS="1974 1303 1971 1372 1971 1372 1974 1303"/>
                                </Shape>
                            </Glyph>
                        </String>
                    </TextLine>

                    <TextLine ID="6a6c80c1-c31d-4680-b1ec-0a725f00e2d8" HPOS="373.0" VPOS="1309.0" WIDTH="1622.0" HEIGHT="136.0" BASELINE="374.0 1355.0 509.0 1355.0 837.0 1376.0 1214.0 1388.0 1409.0 1408.0 1995.0 1423.0" TAGREFS="LINE_TYPE_1">
                        <Shape>
                            <Polygon POINTS="374.0 1355.0 373.0 1390.0 775.0 1396.0 815.0 1407.0 817.0 1407.0 818.0 1407.0 1020.0 1399.0 1342.0 1410.0 1384.0 1428.0 1386.0 1428.0 1387.0 1428.0 1450.0 1420.0 1542.0 1433.0 1543.0 1433.0 1596.0 1422.0 1611.0 1431.0 1612.0 1431.0 1614.0 1431.0 1615.0 1431.0 1735.0 1430.0 1761.0 1439.0 1762.0 1439.0 1906.0 1445.0 1908.0 1445.0 1993.0 1436.0 1995.0 1423.0 1995.0 1394.0 1960.0 1394.0 1906.0 1370.0 1905.0 1370.0 1903.0 1370.0 1842.0 1374.0 1813.0 1364.0 1811.0 1364.0 1810.0 1364.0 1677.0 1382.0 1446.0 1374.0 1421.0 1358.0 1420.0 1358.0 1418.0 1358.0 1416.0 1358.0 1328.0 1364.0 1221.0 1342.0 1219.0 1342.0 1124.0 1358.0 1065.0 1342.0 1063.0 1342.0 1061.0 1342.0 1060.0 1342.0 1026.0 1353.0 1005.0 1344.0 1003.0 1344.0 1002.0 1344.0 967.0 1348.0 905.0 1339.0 904.0 1339.0 850.0 1348.0 742.0 1329.0 740.0 1329.0 670.0 1344.0 537.0 1315.0 376.0 1309.0 374.0 1355.0"/>
                        </Shape>
                        <String ID="segment_214" CONTENT="sœur" HPOS="392" VPOS="1310" WIDTH="102" HEIGHT="82" WC="0.9985">
                            <Shape>
                                <Polygon POINTS="392 1310 392 1390 494 1392 494 1313"/>
                            </Shape>
                            <Glyph ID="char_599" CONTENT="s" HPOS="392" VPOS="1310" WIDTH="0" HEIGHT="80" GC="1.0">
                                <Shape>
                                    <Polygon POINTS="392 1310 392 1390 392 1390 392 1310"/>
                                </Shape>
                            </Glyph>
                            <Glyph ID="char_600" CONTENT="œ" HPOS="410" VPOS="1310" WIDTH="0" HEIGHT="81" GC="0.9996">
                                <Shape>
                                    <Polygon POINTS="410 1310 410 1391 410 1391 410 1310"/>
                                </Shape>
                            </Glyph>
                            <Glyph ID="char_601" CONTENT="u" HPOS="458" VPOS="1312" WIDTH="0" HEIGHT="79" GC="0.9999">
                                <Shape>
                                    <Polygon POINTS="458 1312 458 1391 458 1391 458 1312"/>
                                </Shape>
                            </Glyph>
                            <Glyph ID="char_602" CONTENT="r" HPOS="494" VPOS="1313" WIDTH="0" HEIGHT="79" GC="0.9946">
                                <Shape>
                                    <Polygon POINTS="494 1313 494 1392 494 1392 494 1313"/>
                                </Shape>
                            </Glyph>
                        </String>
                        <SP ID="segment_215" HPOS="522"  VPOS="1315" WIDTH="11"  HEIGHT="77"/>
                        <String ID="segment_216" CONTENT="et" HPOS="540" VPOS="1317" WIDTH="28" HEIGHT="76" WC="0.9999">
                            <Shape>
                                <Polygon POINTS="545 1317 540 1392 564 1393 568 1322"/>
                            </Shape>
                            <Glyph ID="char_604" CONTENT="e" HPOS="540" VPOS="1317" WIDTH="5" HEIGHT="75" GC="1.0">
                                <Shape>
                                    <Polygon POINTS="545 1317 540 1392 540 1392 545 1317"/>
                                </Shape>
                            </Glyph>
                            <Glyph ID="char_605" CONTENT="t" HPOS="564" VPOS="1322" WIDTH="4" HEIGHT="71" GC="0.9999">
                                <Shape>
                                    <Polygon POINTS="568 1322 564 1393 564 1393 568 1322"/>
                                </Shape>
                            </Glyph>
                        </String>
                        <SP ID="segment_217" HPOS="607"  VPOS="1331" WIDTH="10"  HEIGHT="63"/>
                        <String ID="segment_218" CONTENT="a" HPOS="625" VPOS="1335" WIDTH="4" HEIGHT="59" WC="1.0">
                            <Shape>
                                <Polygon POINTS="629 1335 625 1394 625 1394 629 1335"/>
                            </Shape>
                            <Glyph ID="char_607" CONTENT="a" HPOS="625" VPOS="1335" WIDTH="4" HEIGHT="59" GC="1.0">
                                <Shape>
                                    <Polygon POINTS="629 1335 625 1394 625 1394 629 1335"/>
                                </Shape>
                            </Glyph>
                        </String>
                        <SP ID="segment_219" HPOS="667"  VPOS="1343" WIDTH="9"  HEIGHT="51"/>
                        <String ID="segment_220" CONTENT="nos" HPOS="691" VPOS="1331" WIDTH="76" HEIGHT="65" WC="1.0">
                            <Shape>
                                <Polygon POINTS="694 1339 691 1395 763 1396 767 1333"/>
                            </Shape>
                            <Glyph ID="char_609" CONTENT="n" HPOS="691" VPOS="1339" WIDTH="3" HEIGHT="56" GC="0.9999">
                                <Shape>
                                    <Polygon POINTS="694 1339 691 1395 691 1395 694 1339"/>
                                </Shape>
                            </Glyph>
                            <Glyph ID="char_610" CONTENT="o" HPOS="727" VPOS="1331" WIDTH="4" HEIGHT="64" GC="1.0">
                                <Shape>
                                    <Polygon POINTS="731 1331 727 1395 727 1395 731 1331"/>
                                </Shape>
                            </Glyph>
                            <Glyph ID="char_611" CONTENT="s" HPOS="763" VPOS="1333" WIDTH="4" HEIGHT="63" GC="1.0">
                                <Shape>
                                    <Polygon POINTS="767 1333 763 1396 763 1396 767 1333"/>
                                </Shape>
                            </Glyph>
                        </String>
                        <SP ID="segment_221" HPOS="804"  VPOS="1341" WIDTH="10"  HEIGHT="65"/>
                        <String ID="segment_222" CONTENT="parents" HPOS="822" VPOS="1339" WIDTH="196" HEIGHT="68" WC="0.9941">
                            <Shape>
                                <Polygon POINTS="826 1344 822 1407 1017 1399 1018 1350"/>
                            </Shape>
                            <Glyph ID="char_613" CONTENT="p" HPOS="822" VPOS="1344" WIDTH="4" HEIGHT="63" GC="0.9998">
                                <Shape>
                                    <Polygon POINTS="826 1344 822 1407 822 1407 826 1344"/>
                                </Shape>
                            </Glyph>
                            <Glyph ID="char_614" CONTENT="a" HPOS="865" VPOS="1345" WIDTH="2" HEIGHT="60" GC="0.9997">
                                <Shape>
                                    <Polygon POINTS="867 1345 865 1405 865 1405 867 1345"/>
                                </Shape>
                            </Glyph>
                            <Glyph ID="char_615" CONTENT="r" HPOS="901" VPOS="1339" WIDTH="3" HEIGHT="65" GC="0.9992">
                                <Shape>
                                    <Polygon POINTS="904 1339 901 1404 901 1404 904 1339"/>
                                </Shape>
                            </Glyph>
                            <Glyph ID="char_616" CONTENT="e" HPOS="938" VPOS="1344" WIDTH="1" HEIGHT="58" GC="1.0">
                                <Shape>
                                    <Polygon POINTS="939 1344 938 1402 938 1402 939 1344"/>
                                </Shape>
                            </Glyph>
                            <Glyph ID="char_617" CONTENT="n" HPOS="968" VPOS="1348" WIDTH="1" HEIGHT="53" GC="0.9602">
                                <Shape>
                                    <Polygon POINTS="969 1348 968 1401 968 1401 969 1348"/>
                                </Shape>
                            </Glyph>
                            <Glyph ID="char_618" CONTENT="t" HPOS="999" VPOS="1344" WIDTH="1" HEIGHT="56" GC="0.9999">
                                <Shape>
                                    <Polygon POINTS="1000 1344 999 1400 999 1400 1000 1344"/>
                                </Shape>
                            </Glyph>
                            <Glyph ID="char_619" CONTENT="s" HPOS="1017" VPOS="1350" WIDTH="1" HEIGHT="49" GC="1.0">
                                <Shape>
                                    <Polygon POINTS="1018 1350 1017 1399 1017 1399 1018 1350"/>
                                </Shape>
                            </Glyph>
                        </String>
                        <SP ID="segment_223" HPOS="1053"  VPOS="1342" WIDTH="8"  HEIGHT="58"/>
                        <String ID="segment_224" CONTENT="et" HPOS="1071" VPOS="1344" WIDTH="31" HEIGHT="58" WC="0.9922">
                            <Shape>
                                <Polygon POINTS="1072 1344 1071 1401 1101 1402 1102 1352"/>
                            </Shape>
                            <Glyph ID="char_621" CONTENT="e" HPOS="1071" VPOS="1344" WIDTH="1" HEIGHT="57" GC="0.9857">
                                <Shape>
                                    <Polygon POINTS="1072 1344 1071 1401 1071 1401 1072 1344"/>
                                </Shape>
                            </Glyph>
                            <Glyph ID="char_622" CONTENT="t" HPOS="1101" VPOS="1352" WIDTH="1" HEIGHT="50" GC="0.9986">
                                <Shape>
                                    <Polygon POINTS="1102 1352 1101 1402 1101 1402 1102 1352"/>
                                </Shape>
                            </Glyph>
                        </String>
                        <SP ID="segment_225" HPOS="1143"  VPOS="1354" WIDTH="7"  HEIGHT="49"/>
                        <String ID="segment_226" CONTENT="amis," HPOS="1167" VPOS="1343" WIDTH="159" HEIGHT="66" WC="0.995">
                            <Shape>
                                <Polygon POINTS="1168 1351 1167 1404 1322 1409 1326 1364"/>
                            </Shape>
                            <Glyph ID="char_624" CONTENT="a" HPOS="1167" VPOS="1351" WIDTH="1" HEIGHT="53" GC="1.0">
                                <Shape>
                                    <Polygon POINTS="1168 1351 1167 1404 1167 1404 1168 1351"/>
                                </Shape>
                            </Glyph>
                            <Glyph ID="char_625" CONTENT="m" HPOS="1219" VPOS="1343" WIDTH="7" HEIGHT="63" GC="1.0">
                                <Shape>
                                    <Polygon POINTS="1226 1343 1219 1406 1219 1406 1226 1343"/>
                                </Shape>
                            </Glyph>
                            <Glyph ID="char_626" CONTENT="i" HPOS="1255" VPOS="1350" WIDTH="6" HEIGHT="57" GC="0.9751">
                                <Shape>
                                    <Polygon POINTS="1261 1350 1255 1407 1255 1407 1261 1350"/>
                                </Shape>
                            </Glyph>
                            <Glyph ID="char_627" CONTENT="s" HPOS="1279" VPOS="1355" WIDTH="6" HEIGHT="53" GC="1.0">
                                <Shape>
                                    <Polygon POINTS="1285 1355 1279 1408 1279 1408 1285 1355"/>
                                </Shape>
                            </Glyph>
                            <Glyph ID="char_628" CONTENT="," HPOS="1322" VPOS="1364" WIDTH="4" HEIGHT="45" GC="0.9998">
                                <Shape>
                                    <Polygon POINTS="1326 1364 1322 1409 1322 1409 1326 1364"/>
                                </Shape>
                            </Glyph>
                        </String>
                        <SP ID="segment_227" HPOS="1369"  VPOS="1360" WIDTH="12"  HEIGHT="64"/>
                        <String ID="segment_228" CONTENT="je" HPOS="1393" VPOS="1359" WIDTH="33" HEIGHT="68" WC="0.9996">
                            <Shape>
                                <Polygon POINTS="1400 1359 1393 1427 1425 1423 1426 1361"/>
                            </Shape>
                            <Glyph ID="char_630" CONTENT="j" HPOS="1393" VPOS="1359" WIDTH="7" HEIGHT="68" GC="1.0">
                                <Shape>
                                    <Polygon POINTS="1400 1359 1393 1427 1393 1427 1400 1359"/>
                                </Shape>
                            </Glyph>
                            <Glyph ID="char_631" CONTENT="e" HPOS="1425" VPOS="1361" WIDTH="1" HEIGHT="62" GC="0.9992">
                                <Shape>
                                    <Polygon POINTS="1426 1361 1425 1423 1425 1423 1426 1361"/>
                                </Shape>
                            </Glyph>
                        </String>
                        <SP ID="segment_229" HPOS="1461"  VPOS="1375" WIDTH="7"  HEIGHT="47"/>
                        <String ID="segment_230" CONTENT="vous" HPOS="1479" VPOS="1375" WIDTH="103" HEIGHT="56" WC="0.9986">
                            <Shape>
                                <Polygon POINTS="1480 1375 1479 1424 1581 1425 1582 1379"/>
                            </Shape>
                            <Glyph ID="char_633" CONTENT="v" HPOS="1479" VPOS="1375" WIDTH="1" HEIGHT="49" GC="1.0">
                                <Shape>
                                    <Polygon POINTS="1480 1375 1479 1424 1479 1424 1480 1375"/>
                                </Shape>
                            </Glyph>
                            <Glyph ID="char_634" CONTENT="o" HPOS="1521" VPOS="1377" WIDTH="1" HEIGHT="53" GC="1.0">
                                <Shape>
                                    <Polygon POINTS="1522 1377 1521 1430 1521 1430 1522 1377"/>
                                </Shape>
                            </Glyph>
                            <Glyph ID="char_635" CONTENT="u" HPOS="1551" VPOS="1378" WIDTH="1" HEIGHT="53" GC="0.9996">
                                <Shape>
                                    <Polygon POINTS="1552 1378 1551 1431 1551 1431 1552 1378"/>
                                </Shape>
                            </Glyph>
                            <Glyph ID="char_636" CONTENT="s" HPOS="1581" VPOS="1379" WIDTH="1" HEIGHT="46" GC="0.995">
                                <Shape>
                                    <Polygon POINTS="1582 1379 1581 1425 1581 1425 1582 1379"/>
                                </Shape>
                            </Glyph>
                        </String>
                        <SP ID="segment_231" HPOS="1605"  VPOS="1380" WIDTH="7"  HEIGHT="51"/>
                        <String ID="segment_232" CONTENT="embrasse" HPOS="1629" VPOS="1366" WIDTH="236" HEIGHT="77" WC="0.9548">
                            <Shape>
                                <Polygon POINTS="1630 1380 1629 1431 1863 1443 1865 1372"/>
                            </Shape>
                            <Glyph ID="char_638" CONTENT="e" HPOS="1629" VPOS="1380" WIDTH="1" HEIGHT="51" GC="0.994">
                                <Shape>
                                    <Polygon POINTS="1630 1380 1629 1431 1629 1431 1630 1380"/>
                                </Shape>
                            </Glyph>
                            <Glyph ID="char_639" CONTENT="m" HPOS="1677" VPOS="1382" WIDTH="1" HEIGHT="48" GC="0.9994">
                                <Shape>
                                    <Polygon POINTS="1678 1382 1677 1430 1677 1430 1678 1382"/>
                                </Shape>
                            </Glyph>
                            <Glyph ID="char_640" CONTENT="b" HPOS="1725" VPOS="1375" WIDTH="1" HEIGHT="55" GC="0.9999">
                                <Shape>
                                    <Polygon POINTS="1726 1375 1725 1430 1725 1430 1726 1375"/>
                                </Shape>
                            </Glyph>
                            <Glyph ID="char_641" CONTENT="r" HPOS="1760" VPOS="1370" WIDTH="2" HEIGHT="69" GC="0.9953">
                                <Shape>
                                    <Polygon POINTS="1762 1370 1760 1439 1760 1439 1762 1370"/>
                                </Shape>
                            </Glyph>
                            <Glyph ID="char_642" CONTENT="a" HPOS="1796" VPOS="1366" WIDTH="2" HEIGHT="74" GC="0.9995">
                                <Shape>
                                    <Polygon POINTS="1798 1366 1796 1440 1796 1440 1798 1366"/>
                                </Shape>
                            </Glyph>
                            <Glyph ID="char_643" CONTENT="s" HPOS="1827" VPOS="1370" WIDTH="2" HEIGHT="72" GC="0.9996">
                                <Shape>
                                    <Polygon POINTS="1829 1370 1827 1442 1827 1442 1829 1370"/>
                                </Shape>
                            </Glyph>
                            <Glyph ID="char_644" CONTENT="s" HPOS="1845" VPOS="1374" WIDTH="2" HEIGHT="68" GC="0.6506">
                                <Shape>
                                    <Polygon POINTS="1847 1374 1845 1442 1845 1442 1847 1374"/>
                                </Shape>
                            </Glyph>
                            <Glyph ID="char_645" CONTENT="e" HPOS="1863" VPOS="1372" WIDTH="2" HEIGHT="71" GC="0.9999">
                                <Shape>
                                    <Polygon POINTS="1865 1372 1863 1443 1863 1443 1865 1372"/>
                                </Shape>
                            </Glyph>
                        </String>
                        <SP ID="segment_233" HPOS="1893"  VPOS="1370" WIDTH="8"  HEIGHT="75"/>
                        <String ID="segment_234" CONTENT="de" HPOS="1911" VPOS="1373" WIDTH="44" HEIGHT="72" WC="0.9995">
                            <Shape>
                                <Polygon POINTS="1913 1373 1911 1445 1953 1440 1955 1392"/>
                            </Shape>
                            <Glyph ID="char_647" CONTENT="d" HPOS="1911" VPOS="1373" WIDTH="2" HEIGHT="72" GC="0.9999">
                                <Shape>
                                    <Polygon POINTS="1913 1373 1911 1445 1911 1445 1913 1373"/>
                                </Shape>
                            </Glyph>
                            <Glyph ID="char_648" CONTENT="e" HPOS="1947" VPOS="1389" WIDTH="8" HEIGHT="52" GC="0.9992">
                                <Shape>
                                    <Polygon POINTS="1949 1389 1947 1441 1953 1440 1955 1392"/>
                                </Shape>
                            </Glyph>
                        </String>
                    </TextLine>

                    <TextLine ID="9b709f22-eb8a-413d-b534-921746a6d914" HPOS="376.0" VPOS="1385.0" WIDTH="1634.0" HEIGHT="138.0" BASELINE="377.0 1433.0 930.0 1451.0 1357.0 1485.0 1611.0 1497.0 2009.0 1501.0" TAGREFS="LINE_TYPE_1">
                        <Shape>
                            <Polygon POINTS="377.0 1433.0 376.0 1443.0 508.0 1459.0 509.0 1459.0 641.0 1456.0 677.0 1468.0 679.0 1468.0 680.0 1468.0 752.0 1460.0 814.0 1471.0 1072.0 1472.0 1308.0 1497.0 1785.0 1517.0 1787.0 1517.0 1842.0 1511.0 1934.0 1523.0 1935.0 1523.0 2006.0 1514.0 2009.0 1501.0 2010.0 1459.0 1998.0 1451.0 1996.0 1451.0 1995.0 1451.0 1993.0 1451.0 1992.0 1451.0 1909.0 1475.0 1543.0 1462.0 1476.0 1428.0 1475.0 1428.0 1473.0 1428.0 1357.0 1452.0 1214.0 1448.0 1100.0 1410.0 1098.0 1410.0 832.0 1400.0 830.0 1400.0 829.0 1400.0 777.0 1423.0 657.0 1391.0 656.0 1391.0 654.0 1391.0 512.0 1399.0 416.0 1385.0 414.0 1385.0 379.0 1393.0 377.0 1433.0"/>
                        </Shape>
                        <String ID="segment_235" CONTENT="tout" HPOS="395" VPOS="1386" WIDTH="77" HEIGHT="68" WC="0.9999">
                            <Shape>
                                <Polygon POINTS="396 1389 395 1445 470 1454 472 1393"/>
                            </Shape>
                            <Glyph ID="char_649" CONTENT="t" HPOS="395" VPOS="1389" WIDTH="1" HEIGHT="56" GC="0.9999">
                                <Shape>
                                    <Polygon POINTS="396 1389 395 1445 395 1445 396 1389"/>
                                </Shape>
                            </Glyph>
                            <Glyph ID="char_650" CONTENT="o" HPOS="418" VPOS="1386" WIDTH="2" HEIGHT="62" GC="1.0">
                                <Shape>
                                    <Polygon POINTS="420 1386 418 1448 418 1448 420 1386"/>
                                </Shape>
                            </Glyph>
                            <Glyph ID="char_651" CONTENT="u" HPOS="447" VPOS="1390" WIDTH="2" HEIGHT="62" GC="1.0">
                                <Shape>
                                    <Polygon POINTS="449 1390 447 1452 447 1452 449 1390"/>
                                </Shape>
                            </Glyph>
                            <Glyph ID="char_652" CONTENT="t" HPOS="470" VPOS="1393" WIDTH="2" HEIGHT="61" GC="0.9996">
                                <Shape>
                                    <Polygon POINTS="472 1393 470 1454 470 1454 472 1393"/>
                                </Shape>
                            </Glyph>
                        </String>
                        <SP ID="segment_236" HPOS="505"  VPOS="1398" WIDTH="8"  HEIGHT="61"/>
                        <String ID="segment_237" CONTENT="mon" HPOS="529" VPOS="1393" WIDTH="90" HEIGHT="66" WC="0.9999">
                            <Shape>
                                <Polygon POINTS="531 1398 529 1459 617 1457 619 1393"/>
                            </Shape>
                            <Glyph ID="char_654" CONTENT="m" HPOS="529" VPOS="1398" WIDTH="2" HEIGHT="61" GC="1.0">
                                <Shape>
                                    <Polygon POINTS="531 1398 529 1459 529 1459 531 1398"/>
                                </Shape>
                            </Glyph>
                            <Glyph ID="char_655" CONTENT="o" HPOS="576" VPOS="1395" WIDTH="8" HEIGHT="62" GC="0.9997">
                                <Shape>
                                    <Polygon POINTS="578 1395 576 1457 582 1457 584 1395"/>
                                </Shape>
                            </Glyph>
                            <Glyph ID="char_656" CONTENT="n" HPOS="617" VPOS="1393" WIDTH="2" HEIGHT="64" GC="1.0">
                                <Shape>
                                    <Polygon POINTS="619 1393 617 1457 617 1457 619 1393"/>
                                </Shape>
                            </Glyph>
                        </String>
                        <SP ID="segment_238" HPOS="676"  VPOS="1397" WIDTH="8"  HEIGHT="71"/>
                        <String ID="segment_239" CONTENT="cœur." HPOS="694" VPOS="1400" WIDTH="149" HEIGHT="71" WC="0.9986">
                            <Shape>
                                <Polygon POINTS="696 1401 694 1466 841 1471 843 1400"/>
                            </Shape>
                            <Glyph ID="char_658" CONTENT="c" HPOS="694" VPOS="1401" WIDTH="2" HEIGHT="65" GC="0.9977">
                                <Shape>
                                    <Polygon POINTS="696 1401 694 1466 694 1466 696 1401"/>
                                </Shape>
                            </Glyph>
                            <Glyph ID="char_659" CONTENT="œ" HPOS="723" VPOS="1409" WIDTH="2" HEIGHT="54" GC="0.9986">
                                <Shape>
                                    <Polygon POINTS="725 1409 723 1463 723 1463 725 1409"/>
                                </Shape>
                            </Glyph>
                            <Glyph ID="char_660" CONTENT="u" HPOS="770" VPOS="1422" WIDTH="8" HEIGHT="42" GC="1.0">
                                <Shape>
                                    <Polygon POINTS="772 1422 770 1463 776 1464 778 1423"/>
                                </Shape>
                            </Glyph>
                            <Glyph ID="char_661" CONTENT="r" HPOS="806" VPOS="1409" WIDTH="2" HEIGHT="61" GC="1.0">
                                <Shape>
                                    <Polygon POINTS="808 1409 806 1470 806 1470 808 1409"/>
                                </Shape>
                            </Glyph>
                            <Glyph ID="char_662" CONTENT="." HPOS="841" VPOS="1400" WIDTH="2" HEIGHT="71" GC="0.9967">
                                <Shape>
                                    <Polygon POINTS="843 1400 841 1471 841 1471 843 1400"/>
                                </Shape>
                            </Glyph>
                        </String>
                        <SP ID="segment_240" HPOS="859"  VPOS="1401" WIDTH="7"  HEIGHT="70"/>
                        <String ID="segment_241" CONTENT="M^r" HPOS="876" VPOS="1402" WIDTH="92" HEIGHT="70" WC="0.9999">
                            <Shape>
                                <Polygon POINTS="878 1402 876 1471 963 1472 968 1405"/>
                            </Shape>
                            <Glyph ID="char_664" CONTENT="M" HPOS="876" VPOS="1402" WIDTH="2" HEIGHT="69" GC="0.9999">
                                <Shape>
                                    <Polygon POINTS="878 1402 876 1471 876 1471 878 1402"/>
                                </Shape>
                            </Glyph>
                            <Glyph ID="char_665" CONTENT="^" HPOS="946" VPOS="1404" WIDTH="17" HEIGHT="68" GC="1.0">
                                <Shape>
                                    <Polygon POINTS="951 1404 946 1472 958 1472 963 1405"/>
                                </Shape>
                            </Glyph>
                            <Glyph ID="char_666" CONTENT="r" HPOS="963" VPOS="1405" WIDTH="5" HEIGHT="67" GC="1.0">
                                <Shape>
                                    <Polygon POINTS="968 1405 963 1472 963 1472 968 1405"/>
                                </Shape>
                            </Glyph>
                        </String>
                        <SP ID="segment_242" HPOS="993"  VPOS="1406" WIDTH="11"  HEIGHT="66"/>
                        <String ID="segment_243" CONTENT="gossens" HPOS="1011" VPOS="1407" WIDTH="174" HEIGHT="77" WC="0.9967">
                            <Shape>
                                <Polygon POINTS="1016 1407 1011 1472 1181 1484 1185 1438"/>
                            </Shape>
                            <Glyph ID="char_668" CONTENT="g" HPOS="1011" VPOS="1407" WIDTH="5" HEIGHT="65" GC="0.9787">
                                <Shape>
                                    <Polygon POINTS="1016 1407 1011 1472 1011 1472 1016 1407"/>
                                </Shape>
                            </Glyph>
                            <Glyph ID="char_669" CONTENT="o" HPOS="1046" VPOS="1408" WIDTH="5" HEIGHT="64" GC="0.9999">
                                <Shape>
                                    <Polygon POINTS="1051 1408 1046 1472 1046 1472 1051 1408"/>
                                </Shape>
                            </Glyph>
                            <Glyph ID="char_670" CONTENT="s" HPOS="1081" VPOS="1410" WIDTH="5" HEIGHT="63" GC="1.0">
                                <Shape>
                                    <Polygon POINTS="1086 1410 1081 1473 1081 1473 1086 1410"/>
                                </Shape>
                            </Glyph>
                            <Glyph ID="char_671" CONTENT="s" HPOS="1105" VPOS="1413" WIDTH="5" HEIGHT="63" GC="0.9987">
                                <Shape>
                                    <Polygon POINTS="1110 1413 1105 1476 1105 1476 1110 1413"/>
                                </Shape>
                            </Glyph>
                            <Glyph ID="char_672" CONTENT="e" HPOS="1122" VPOS="1419" WIDTH="5" HEIGHT="58" GC="1.0">
                                <Shape>
                                    <Polygon POINTS="1127 1419 1122 1477 1122 1477 1127 1419"/>
                                </Shape>
                            </Glyph>
                            <Glyph ID="char_673" CONTENT="n" HPOS="1152" VPOS="1429" WIDTH="4" HEIGHT="51" GC="1.0">
                                <Shape>
                                    <Polygon POINTS="1156 1429 1152 1480 1152 1480 1156 1429"/>
                                </Shape>
                            </Glyph>
                            <Glyph ID="char_674" CONTENT="s" HPOS="1181" VPOS="1438" WIDTH="4" HEIGHT="46" GC="0.9996">
                                <Shape>
                                    <Polygon POINTS="1185 1438 1181 1484 1181 1484 1185 1438"/>
                                </Shape>
                            </Glyph>
                        </String>
                        <SP ID="segment_244" HPOS="1217"  VPOS="1448" WIDTH="8"  HEIGHT="40"/>
                        <String ID="segment_245" CONTENT="me" HPOS="1240" VPOS="1449" WIDTH="56" HEIGHT="46" WC="1.0">
                            <Shape>
                                <Polygon POINTS="1243 1449 1240 1490 1292 1495 1296 1450"/>
                            </Shape>
                            <Glyph ID="char_676" CONTENT="m" HPOS="1240" VPOS="1449" WIDTH="3" HEIGHT="41" GC="1.0">
                                <Shape>
                                    <Polygon POINTS="1243 1449 1240 1490 1240 1490 1243 1449"/>
                                </Shape>
                            </Glyph>
                            <Glyph ID="char_677" CONTENT="e" HPOS="1292" VPOS="1450" WIDTH="4" HEIGHT="45" GC="1.0">
                                <Shape>
                                    <Polygon POINTS="1296 1450 1292 1495 1292 1495 1296 1450"/>
                                </Shape>
                            </Glyph>
                        </String>
                        <SP ID="segment_246" HPOS="1327"  VPOS="1451" WIDTH="10"  HEIGHT="47"/>
                        <String ID="segment_247" CONTENT="mende" HPOS="1358" VPOS="1428" WIDTH="149" HEIGHT="77" WC="0.9446">
                            <Shape>
                                <Polygon POINTS="1360 1451 1358 1499 1505 1505 1507 1444"/>
                            </Shape>
                            <Glyph ID="char_679" CONTENT="m" HPOS="1358" VPOS="1451" WIDTH="2" HEIGHT="48" GC="1.0">
                                <Shape>
                                    <Polygon POINTS="1360 1451 1358 1499 1358 1499 1360 1451"/>
                                </Shape>
                            </Glyph>
                            <Glyph ID="char_680" CONTENT="e" HPOS="1405" VPOS="1442" WIDTH="2" HEIGHT="59" GC="0.9999">
                                <Shape>
                                    <Polygon POINTS="1407 1442 1405 1501 1405 1501 1407 1442"/>
                                </Shape>
                            </Glyph>
                            <Glyph ID="char_681" CONTENT="n" HPOS="1446" VPOS="1433" WIDTH="3" HEIGHT="70" GC="0.9987">
                                <Shape>
                                    <Polygon POINTS="1449 1433 1446 1503 1446 1503 1449 1433"/>
                                </Shape>
                            </Glyph>
                            <Glyph ID="char_682" CONTENT="d" HPOS="1470" VPOS="1428" WIDTH="3" HEIGHT="76" GC="0.729">
                                <Shape>
                                    <Polygon POINTS="1473 1428 1470 1504 1470 1504 1473 1428"/>
                                </Shape>
                            </Glyph>
                            <Glyph ID="char_683" CONTENT="e" HPOS="1505" VPOS="1444" WIDTH="2" HEIGHT="61" GC="0.9953">
                                <Shape>
                                    <Polygon POINTS="1507 1444 1505 1505 1505 1505 1507 1444"/>
                                </Shape>
                            </Glyph>
                        </String>
                        <SP ID="segment_248" HPOS="1534"  VPOS="1458" WIDTH="8"  HEIGHT="49"/>
                        <String ID="segment_249" CONTENT="vous" HPOS="1558" VPOS="1463" WIDTH="100" HEIGHT="49" WC="0.9993">
                            <Shape>
                                <Polygon POINTS="1560 1463 1558 1507 1658 1512 1658 1466"/>
                            </Shape>
                            <Glyph ID="char_685" CONTENT="v" HPOS="1558" VPOS="1463" WIDTH="2" HEIGHT="44" GC="0.9994">
                                <Shape>
                                    <Polygon POINTS="1560 1463 1558 1507 1558 1507 1560 1463"/>
                                </Shape>
                            </Glyph>
                            <Glyph ID="char_686" CONTENT="o" HPOS="1592" VPOS="1464" WIDTH="3" HEIGHT="45" GC="0.9997">
                                <Shape>
                                    <Polygon POINTS="1595 1464 1592 1509 1592 1509 1595 1464"/>
                                </Shape>
                            </Glyph>
                            <Glyph ID="char_687" CONTENT="u" HPOS="1628" VPOS="1465" WIDTH="0" HEIGHT="45" GC="0.9984">
                                <Shape>
                                    <Polygon POINTS="1628 1465 1628 1510 1628 1510 1628 1465"/>
                                </Shape>
                            </Glyph>
                            <Glyph ID="char_688" CONTENT="s" HPOS="1658" VPOS="1466" WIDTH="0" HEIGHT="46" GC="0.9997">
                                <Shape>
                                    <Polygon POINTS="1658 1466 1658 1512 1658 1512 1658 1466"/>
                                </Shape>
                            </Glyph>
                        </String>
                        <SP ID="segment_250" HPOS="1681"  VPOS="1467" WIDTH="6"  HEIGHT="46"/>
                        <String ID="segment_251" CONTENT="avoir" HPOS="1705" VPOS="1468" WIDTH="118" HEIGHT="49" WC="0.9119">
                            <Shape>
                                <Polygon POINTS="1705 1468 1705 1514 1823 1513 1823 1472"/>
                            </Shape>
                            <Glyph ID="char_690" CONTENT="a" HPOS="1705" VPOS="1468" WIDTH="0" HEIGHT="46" GC="0.9324">
                                <Shape>
                                    <Polygon POINTS="1705 1468 1705 1514 1705 1514 1705 1468"/>
                                </Shape>
                            </Glyph>
                            <Glyph ID="char_691" CONTENT="v" HPOS="1746" VPOS="1469" WIDTH="0" HEIGHT="46" GC="0.976">
                                <Shape>
                                    <Polygon POINTS="1746 1469 1746 1515 1746 1515 1746 1469"/>
                                </Shape>
                            </Glyph>
                            <Glyph ID="char_692" CONTENT="o" HPOS="1776" VPOS="1470" WIDTH="0" HEIGHT="47" GC="0.6639">
                                <Shape>
                                    <Polygon POINTS="1776 1470 1776 1517 1776 1517 1776 1470"/>
                                </Shape>
                            </Glyph>
                            <Glyph ID="char_693" CONTENT="i" HPOS="1799" VPOS="1471" WIDTH="0" HEIGHT="45" GC="0.9875">
                                <Shape>
                                    <Polygon POINTS="1799 1471 1799 1516 1799 1516 1799 1471"/>
                                </Shape>
                            </Glyph>
                            <Glyph ID="char_694" CONTENT="r" HPOS="1823" VPOS="1472" WIDTH="0" HEIGHT="41" GC="0.9998">
                                <Shape>
                                    <Polygon POINTS="1823 1472 1823 1513 1823 1513 1823 1472"/>
                                </Shape>
                            </Glyph>
                        </String>
                        <SP ID="segment_252" HPOS="1864"  VPOS="1473" WIDTH="6"  HEIGHT="42"/>
                        <String ID="segment_253" CONTENT="remi" HPOS="1882" VPOS="1454" WIDTH="101" HEIGHT="68" WC="0.9636">
                            <Shape>
                                <Polygon POINTS="1882 1474 1882 1516 1982 1517 1983 1454"/>
                            </Shape>
                            <Glyph ID="char_696" CONTENT="r" HPOS="1882" VPOS="1474" WIDTH="0" HEIGHT="42" GC="0.9715">
                                <Shape>
                                    <Polygon POINTS="1882 1474 1882 1516 1882 1516 1882 1474"/>
                                </Shape>
                            </Glyph>
                            <Glyph ID="char_697" CONTENT="e" HPOS="1911" VPOS="1474" WIDTH="0" HEIGHT="46" GC="0.9999">
                                <Shape>
                                    <Polygon POINTS="1911 1474 1911 1520 1911 1520 1911 1474"/>
                                </Shape>
                            </Glyph>
                            <Glyph ID="char_698" CONTENT="m" HPOS="1946" VPOS="1464" WIDTH="0" HEIGHT="58" GC="0.9305">
                                <Shape>
                                    <Polygon POINTS="1946 1464 1946 1522 1946 1522 1946 1464"/>
                                </Shape>
                            </Glyph>
                            <Glyph ID="char_699" CONTENT="i" HPOS="1982" VPOS="1454" WIDTH="1" HEIGHT="63" GC="0.9525">
                                <Shape>
                                    <Polygon POINTS="1983 1454 1982 1517 1982 1517 1983 1454"/>
                                </Shape>
                            </Glyph>
                        </String>
                    </TextLine>

                    <TextLine ID="1737c8c9-3a19-434c-8c27-4ee87ecc62d0" HPOS="385.0" VPOS="1451.0" WIDTH="1599.0" HEIGHT="170.0" BASELINE="387.0 1503.0 982.0 1535.0 1458.0 1570.0 1984.0 1595.0" TAGREFS="LINE_TYPE_1">
                        <Shape>
                            <Polygon POINTS="387.0 1503.0 385.0 1518.0 474.0 1523.0 526.0 1541.0 527.0 1541.0 529.0 1541.0 530.0 1541.0 569.0 1530.0 749.0 1540.0 795.0 1563.0 797.0 1563.0 798.0 1563.0 864.0 1560.0 884.0 1567.0 886.0 1567.0 887.0 1567.0 889.0 1567.0 928.0 1556.0 957.0 1567.0 959.0 1567.0 960.0 1567.0 962.0 1567.0 1011.0 1555.0 1075.0 1566.0 1077.0 1566.0 1146.0 1563.0 1227.0 1587.0 1228.0 1587.0 1488.0 1601.0 1490.0 1601.0 1548.0 1587.0 1574.0 1604.0 1576.0 1604.0 1577.0 1604.0 1579.0 1604.0 1640.0 1599.0 1667.0 1608.0 1669.0 1608.0 1671.0 1608.0 1764.0 1605.0 1801.0 1613.0 1802.0 1613.0 1804.0 1613.0 1846.0 1602.0 1981.0 1621.0 1984.0 1595.0 1984.0 1550.0 1935.0 1543.0 1934.0 1543.0 1853.0 1553.0 1788.0 1530.0 1787.0 1530.0 1785.0 1530.0 1755.0 1537.0 1716.0 1526.0 1715.0 1526.0 1632.0 1526.0 1631.0 1526.0 1629.0 1526.0 1608.0 1535.0 1530.0 1515.0 1528.0 1515.0 1527.0 1515.0 1435.0 1529.0 1314.0 1524.0 1256.0 1500.0 1254.0 1500.0 1123.0 1492.0 1121.0 1492.0 1048.0 1508.0 1023.0 1497.0 1022.0 1497.0 722.0 1491.0 668.0 1466.0 667.0 1466.0 665.0 1466.0 664.0 1466.0 622.0 1483.0 560.0 1482.0 495.0 1457.0 494.0 1457.0 388.0 1451.0 387.0 1503.0"/>
                        </Shape>
                        <String ID="segment_254" CONTENT="l&#39;argent" HPOS="404" VPOS="1452" WIDTH="199" HEIGHT="87" WC="1.0">
                            <Shape>
                                <Polygon POINTS="408 1452 404 1519 601 1532 603 1483"/>
                            </Shape>
                            <Glyph ID="char_700" CONTENT="l" HPOS="404" VPOS="1452" WIDTH="4" HEIGHT="67" GC="1.0">
                                <Shape>
                                    <Polygon POINTS="408 1452 404 1519 404 1519 408 1452"/>
                                </Shape>
                            </Glyph>
                            <Glyph ID="char_701" CONTENT="&#39;" HPOS="435" VPOS="1454" WIDTH="10" HEIGHT="67" GC="1.0">
                                <Shape>
                                    <Polygon POINTS="439 1454 435 1521 441 1521 445 1454"/>
                                </Shape>
                            </Glyph>
                            <Glyph ID="char_702" CONTENT="a" HPOS="454" VPOS="1455" WIDTH="4" HEIGHT="67" GC="0.9999">
                                <Shape>
                                    <Polygon POINTS="458 1455 454 1522 454 1522 458 1455"/>
                                </Shape>
                            </Glyph>
                            <Glyph ID="char_703" CONTENT="r" HPOS="484" VPOS="1457" WIDTH="4" HEIGHT="69" GC="1.0">
                                <Shape>
                                    <Polygon POINTS="488 1457 484 1526 484 1526 488 1457"/>
                                </Shape>
                            </Glyph>
                            <Glyph ID="char_704" CONTENT="g" HPOS="520" VPOS="1468" WIDTH="4" HEIGHT="71" GC="1.0">
                                <Shape>
                                    <Polygon POINTS="524 1468 520 1539 520 1539 524 1468"/>
                                </Shape>
                            </Glyph>
                            <Glyph ID="char_705" CONTENT="e" HPOS="545" VPOS="1478" WIDTH="4" HEIGHT="59" GC="0.9999">
                                <Shape>
                                    <Polygon POINTS="549 1478 545 1537 545 1537 549 1478"/>
                                </Shape>
                            </Glyph>
                            <Glyph ID="char_706" CONTENT="n" HPOS="570" VPOS="1482" WIDTH="2" HEIGHT="48" GC="0.9998">
                                <Shape>
                                    <Polygon POINTS="572 1482 570 1530 570 1530 572 1482"/>
                                </Shape>
                            </Glyph>
                            <Glyph ID="char_707" CONTENT="t" HPOS="601" VPOS="1483" WIDTH="2" HEIGHT="49" GC="1.0">
                                <Shape>
                                    <Polygon POINTS="603 1483 601 1532 601 1532 603 1483"/>
                                </Shape>
                            </Glyph>
                        </String>
                        <SP ID="segment_255" HPOS="638"  VPOS="1473" WIDTH="9"  HEIGHT="61"/>
                        <String ID="segment_256" CONTENT="de" HPOS="656" VPOS="1468" WIDTH="34" HEIGHT="69" WC="1.0">
                            <Shape>
                                <Polygon POINTS="659 1468 656 1535 687 1537 690 1476"/>
                            </Shape>
                            <Glyph ID="char_709" CONTENT="d" HPOS="656" VPOS="1468" WIDTH="3" HEIGHT="67" GC="1.0">
                                <Shape>
                                    <Polygon POINTS="659 1468 656 1535 656 1535 659 1468"/>
                                </Shape>
                            </Glyph>
                            <Glyph ID="char_710" CONTENT="e" HPOS="687" VPOS="1476" WIDTH="3" HEIGHT="61" GC="1.0">
                                <Shape>
                                    <Polygon POINTS="690 1476 687 1537 687 1537 690 1476"/>
                                </Shape>
                            </Glyph>
                        </String>
                        <SP ID="segment_257" HPOS="711"  VPOS="1487" WIDTH="8"  HEIGHT="51"/>
                        <String ID="segment_258" CONTENT="ma" HPOS="742" VPOS="1491" WIDTH="51" HEIGHT="69" WC="0.9993">
                            <Shape>
                                <Polygon POINTS="744 1491 742 1540 790 1560 793 1492"/>
                            </Shape>
                            <Glyph ID="char_712" CONTENT="m" HPOS="742" VPOS="1491" WIDTH="2" HEIGHT="49" GC="1.0">
                                <Shape>
                                    <Polygon POINTS="744 1491 742 1540 742 1540 744 1491"/>
                                </Shape>
                            </Glyph>
                            <Glyph ID="char_713" CONTENT="a" HPOS="790" VPOS="1492" WIDTH="3" HEIGHT="68" GC="0.9986">
                                <Shape>
                                    <Polygon POINTS="793 1492 790 1560 790 1560 793 1492"/>
                                </Shape>
                            </Glyph>
                        </String>
                        <SP ID="segment_259" HPOS="833"  VPOS="1493" WIDTH="9"  HEIGHT="68"/>
                        <String ID="segment_260" CONTENT="pension" HPOS="858" VPOS="1494" WIDTH="175" HEIGHT="72" WC="0.9956">
                            <Shape>
                                <Polygon POINTS="861 1494 858 1560 1029 1558 1033 1501"/>
                            </Shape>
                            <Glyph ID="char_715" CONTENT="p" HPOS="858" VPOS="1494" WIDTH="3" HEIGHT="66" GC="1.0">
                                <Shape>
                                    <Polygon POINTS="861 1494 858 1560 858 1560 861 1494"/>
                                </Shape>
                            </Glyph>
                            <Glyph ID="char_716" CONTENT="e" HPOS="893" VPOS="1495" WIDTH="4" HEIGHT="71" GC="0.9995">
                                <Shape>
                                    <Polygon POINTS="897 1495 893 1566 893 1566 897 1495"/>
                                </Shape>
                            </Glyph>
                            <Glyph ID="char_717" CONTENT="n" HPOS="925" VPOS="1495" WIDTH="3" HEIGHT="62" GC="1.0">
                                <Shape>
                                    <Polygon POINTS="928 1495 925 1557 925 1557 928 1495"/>
                                </Shape>
                            </Glyph>
                            <Glyph ID="char_718" CONTENT="s" HPOS="950" VPOS="1496" WIDTH="3" HEIGHT="68" GC="0.9998">
                                <Shape>
                                    <Polygon POINTS="953 1496 950 1564 950 1564 953 1496"/>
                                </Shape>
                            </Glyph>
                            <Glyph ID="char_719" CONTENT="i" HPOS="974" VPOS="1496" WIDTH="3" HEIGHT="68" GC="0.9729">
                                <Shape>
                                    <Polygon POINTS="977 1496 974 1564 974 1564 977 1496"/>
                                </Shape>
                            </Glyph>
                            <Glyph ID="char_720" CONTENT="o" HPOS="998" VPOS="1497" WIDTH="5" HEIGHT="61" GC="0.9999">
                                <Shape>
                                    <Polygon POINTS="1003 1497 998 1558 998 1558 1003 1497"/>
                                </Shape>
                            </Glyph>
                            <Glyph ID="char_721" CONTENT="n" HPOS="1029" VPOS="1501" WIDTH="4" HEIGHT="57" GC="0.9973">
                                <Shape>
                                    <Polygon POINTS="1033 1501 1029 1558 1029 1558 1033 1501"/>
                                </Shape>
                            </Glyph>
                        </String>
                        <SP ID="segment_261" HPOS="1071"  VPOS="1500" WIDTH="12"  HEIGHT="66"/>
                        <String ID="segment_262" CONTENT="sur" HPOS="1090" VPOS="1493" WIDTH="80" HEIGHT="75" WC="0.9995">
                            <Shape>
                                <Polygon POINTS="1095 1498 1090 1565 1164 1568 1170 1495"/>
                            </Shape>
                            <Glyph ID="char_723" CONTENT="s" HPOS="1090" VPOS="1498" WIDTH="5" HEIGHT="67" GC="0.9997">
                                <Shape>
                                    <Polygon POINTS="1095 1498 1090 1565 1090 1565 1095 1498"/>
                                </Shape>
                            </Glyph>
                            <Glyph ID="char_724" CONTENT="u" HPOS="1133" VPOS="1493" WIDTH="6" HEIGHT="71" GC="0.9999">
                                <Shape>
                                    <Polygon POINTS="1139 1493 1133 1564 1133 1564 1139 1493"/>
                                </Shape>
                            </Glyph>
                            <Glyph ID="char_725" CONTENT="r" HPOS="1164" VPOS="1495" WIDTH="6" HEIGHT="73" GC="0.9989">
                                <Shape>
                                    <Polygon POINTS="1170 1495 1164 1568 1164 1568 1170 1495"/>
                                </Shape>
                            </Glyph>
                        </String>
                        <SP ID="segment_263" HPOS="1200"  VPOS="1497" WIDTH="12"  HEIGHT="84"/>
                        <String ID="segment_264" CONTENT="le" HPOS="1212" VPOS="1498" WIDTH="30" HEIGHT="89" WC="0.9999">
                            <Shape>
                                <Polygon POINTS="1219 1498 1212 1583 1236 1587 1242 1499"/>
                            </Shape>
                            <Glyph ID="char_727" CONTENT="l" HPOS="1212" VPOS="1498" WIDTH="7" HEIGHT="85" GC="0.9999">
                                <Shape>
                                    <Polygon POINTS="1219 1498 1212 1583 1212 1583 1219 1498"/>
                                </Shape>
                            </Glyph>
                            <Glyph ID="char_728" CONTENT="e" HPOS="1236" VPOS="1499" WIDTH="6" HEIGHT="88" GC="1.0">
                                <Shape>
                                    <Polygon POINTS="1242 1499 1236 1587 1236 1587 1242 1499"/>
                                </Shape>
                            </Glyph>
                        </String>
                        <SP ID="segment_265" HPOS="1273"  VPOS="1509" WIDTH="12"  HEIGHT="81"/>
                        <String ID="segment_266" CONTENT="puy," HPOS="1291" VPOS="1517" WIDTH="140" HEIGHT="81" WC="0.9838">
                            <Shape>
                                <Polygon POINTS="1296 1517 1291 1590 1426 1598 1431 1529"/>
                            </Shape>
                            <Glyph ID="char_730" CONTENT="p" HPOS="1291" VPOS="1517" WIDTH="5" HEIGHT="73" GC="0.9849">
                                <Shape>
                                    <Polygon POINTS="1296 1517 1291 1590 1291 1590 1296 1517"/>
                                </Shape>
                            </Glyph>
                            <Glyph ID="char_731" CONTENT="u" HPOS="1347" VPOS="1526" WIDTH="5" HEIGHT="67" GC="0.9506">
                                <Shape>
                                    <Polygon POINTS="1352 1526 1347 1593 1347 1593 1352 1526"/>
                                </Shape>
                            </Glyph>
                            <Glyph ID="char_732" CONTENT="y" HPOS="1390" VPOS="1527" WIDTH="5" HEIGHT="69" GC="0.9996">
                                <Shape>
                                    <Polygon POINTS="1395 1527 1390 1596 1390 1596 1395 1527"/>
                                </Shape>
                            </Glyph>
                            <Glyph ID="char_733" CONTENT="," HPOS="1426" VPOS="1529" WIDTH="5" HEIGHT="69" GC="1.0">
                                <Shape>
                                    <Polygon POINTS="1431 1529 1426 1598 1426 1598 1431 1529"/>
                                </Shape>
                            </Glyph>
                        </String>
                        <SP ID="segment_267" HPOS="1457"  VPOS="1524" WIDTH="10"  HEIGHT="76"/>
                        <String ID="segment_268" CONTENT="j&#39;en" HPOS="1482" VPOS="1516" WIDTH="71" HEIGHT="85" WC="0.9999">
                            <Shape>
                                <Polygon POINTS="1486 1521 1482 1601 1550 1588 1553 1521"/>
                            </Shape>
                            <Glyph ID="char_735" CONTENT="j" HPOS="1482" VPOS="1521" WIDTH="4" HEIGHT="80" GC="1.0">
                                <Shape>
                                    <Polygon POINTS="1486 1521 1482 1601 1482 1601 1486 1521"/>
                                </Shape>
                            </Glyph>
                            <Glyph ID="char_736" CONTENT="&#39;" HPOS="1501" VPOS="1518" WIDTH="9" HEIGHT="80" GC="1.0">
                                <Shape>
                                    <Polygon POINTS="1504 1518 1501 1598 1507 1597 1510 1518"/>
                                </Shape>
                            </Glyph>
                            <Glyph ID="char_737" CONTENT="e" HPOS="1520" VPOS="1516" WIDTH="4" HEIGHT="78" GC="0.9997">
                                <Shape>
                                    <Polygon POINTS="1524 1516 1520 1594 1520 1594 1524 1516"/>
                                </Shape>
                            </Glyph>
                            <Glyph ID="char_738" CONTENT="n" HPOS="1550" VPOS="1521" WIDTH="3" HEIGHT="67" GC="0.9999">
                                <Shape>
                                    <Polygon POINTS="1553 1521 1550 1588 1550 1588 1553 1521"/>
                                </Shape>
                            </Glyph>
                        </String>
                        <SP ID="segment_269" HPOS="1586"  VPOS="1530" WIDTH="10"  HEIGHT="73"/>
                        <String ID="segment_270" CONTENT="suis" HPOS="1605" VPOS="1526" WIDTH="89" HEIGHT="82" WC="0.9921">
                            <Shape>
                                <Polygon POINTS="1608 1535 1605 1602 1690 1607 1694 1526"/>
                            </Shape>
                            <Glyph ID="char_740" CONTENT="s" HPOS="1605" VPOS="1535" WIDTH="3" HEIGHT="67" GC="0.9862">
                                <Shape>
                                    <Polygon POINTS="1608 1535 1605 1602 1605 1602 1608 1535"/>
                                </Shape>
                            </Glyph>
                            <Glyph ID="char_741" CONTENT="u" HPOS="1642" VPOS="1526" WIDTH="3" HEIGHT="74" GC="0.9998">
                                <Shape>
                                    <Polygon POINTS="1645 1526 1642 1600 1642 1600 1645 1526"/>
                                </Shape>
                            </Glyph>
                            <Glyph ID="char_742" CONTENT="i" HPOS="1666" VPOS="1526" WIDTH="4" HEIGHT="82" GC="0.9942">
                                <Shape>
                                    <Polygon POINTS="1670 1526 1666 1608 1666 1608 1670 1526"/>
                                </Shape>
                            </Glyph>
                            <Glyph ID="char_743" CONTENT="s" HPOS="1690" VPOS="1526" WIDTH="4" HEIGHT="81" GC="0.988">
                                <Shape>
                                    <Polygon POINTS="1694 1526 1690 1607 1690 1607 1694 1526"/>
                                </Shape>
                            </Glyph>
                        </String>
                        <SP ID="segment_271" HPOS="1721"  VPOS="1529" WIDTH="10"  HEIGHT="77"/>
                        <String ID="segment_272" CONTENT="bien" HPOS="1739" VPOS="1533" WIDTH="96" HEIGHT="80" WC="0.9969">
                            <Shape>
                                <Polygon POINTS="1743 1534 1739 1606 1833 1606 1835 1547"/>
                            </Shape>
                            <Glyph ID="char_745" CONTENT="b" HPOS="1739" VPOS="1534" WIDTH="4" HEIGHT="72" GC="0.9891">
                                <Shape>
                                    <Polygon POINTS="1743 1534 1739 1606 1739 1606 1743 1534"/>
                                </Shape>
                            </Glyph>
                            <Glyph ID="char_746" CONTENT="i" HPOS="1770" VPOS="1533" WIDTH="4" HEIGHT="73" GC="0.9998">
                                <Shape>
                                    <Polygon POINTS="1774 1533 1770 1606 1770 1606 1774 1533"/>
                                </Shape>
                            </Glyph>
                            <Glyph ID="char_747" CONTENT="e" HPOS="1801" VPOS="1536" WIDTH="4" HEIGHT="77" GC="0.999">
                                <Shape>
                                    <Polygon POINTS="1805 1536 1801 1613 1801 1613 1805 1536"/>
                                </Shape>
                            </Glyph>
                            <Glyph ID="char_748" CONTENT="n" HPOS="1833" VPOS="1547" WIDTH="2" HEIGHT="59" GC="0.9998">
                                <Shape>
                                    <Polygon POINTS="1835 1547 1833 1606 1833 1606 1835 1547"/>
                                </Shape>
                            </Glyph>
                        </String>
                        <SP ID="segment_273" HPOS="1863"  VPOS="1551" WIDTH="2"  HEIGHT="53"/>
                        <String ID="segment_274" CONTENT="aite" HPOS="1876" VPOS="1544" WIDTH="88" HEIGHT="74" WC="0.98">
                            <Shape>
                                <Polygon POINTS="1878 1550 1876 1606 1960 1618 1964 1547"/>
                            </Shape>
                            <Glyph ID="char_750" CONTENT="a" HPOS="1876" VPOS="1550" WIDTH="2" HEIGHT="56" GC="0.9919">
                                <Shape>
                                    <Polygon POINTS="1878 1550 1876 1606 1876 1606 1878 1550"/>
                                </Shape>
                            </Glyph>
                            <Glyph ID="char_751" CONTENT="i" HPOS="1911" VPOS="1545" WIDTH="4" HEIGHT="66" GC="0.9998">
                                <Shape>
                                    <Polygon POINTS="1915 1545 1911 1611 1911 1611 1915 1545"/>
                                </Shape>
                            </Glyph>
                            <Glyph ID="char_752" CONTENT="t" HPOS="1936" VPOS="1544" WIDTH="4" HEIGHT="71" GC="0.9425">
                                <Shape>
                                    <Polygon POINTS="1940 1544 1936 1615 1936 1615 1940 1544"/>
                                </Shape>
                            </Glyph>
                            <Glyph ID="char_753" CONTENT="e" HPOS="1960" VPOS="1547" WIDTH="4" HEIGHT="71" GC="0.9856">
                                <Shape>
                                    <Polygon POINTS="1964 1547 1960 1618 1960 1618 1964 1547"/>
                                </Shape>
                            </Glyph>
                        </String>
                    </TextLine>

                    <TextLine ID="1e1d4f10-216f-40f4-a83e-8efaa3918dbc" HPOS="798.0" VPOS="1558.0" WIDTH="202.0" HEIGHT="118.0" BASELINE="801.0 1610.0 997.0 1628.0" TAGREFS="LINE_TYPE_1">
                        <Shape>
                            <Polygon POINTS="801.0 1610.0 798.0 1631.0 856.0 1634.0 892.0 1674.0 892.0 1676.0 893.0 1676.0 895.0 1676.0 896.0 1676.0 993.0 1668.0 997.0 1628.0 1000.0 1589.0 962.0 1572.0 960.0 1572.0 959.0 1572.0 910.0 1582.0 882.0 1561.0 881.0 1561.0 879.0 1561.0 855.0 1558.0 853.0 1558.0 852.0 1558.0 821.0 1575.0 804.0 1573.0 801.0 1610.0"/>
                        </Shape>
                        <String ID="segment_275" CONTENT="Le" HPOS="822" VPOS="1560" WIDTH="46" HEIGHT="79" WC="0.9999">
                            <Shape>
                                <Polygon POINTS="828 1571 822 1632 861 1639 868 1560"/>
                            </Shape>
                            <Glyph ID="char_754" CONTENT="L" HPOS="822" VPOS="1571" WIDTH="6" HEIGHT="61" GC="1.0">
                                <Shape>
                                    <Polygon POINTS="828 1571 822 1632 822 1632 828 1571"/>
                                </Shape>
                            </Glyph>
                            <Glyph ID="char_755" CONTENT="e" HPOS="861" VPOS="1560" WIDTH="7" HEIGHT="79" GC="0.9998">
                                <Shape>
                                    <Polygon POINTS="868 1560 861 1639 861 1639 868 1560"/>
                                </Shape>
                            </Glyph>
                        </String>
                        <SP ID="segment_276" HPOS="903"  VPOS="1580" WIDTH="16"  HEIGHT="95"/>
                        <String ID="segment_277" CONTENT="G." HPOS="934" VPOS="1575" WIDTH="55" HEIGHT="98" WC="0.9217">
                            <Shape>
                                <Polygon POINTS="943 1575 934 1673 981 1669 989 1584"/>
                            </Shape>
                            <Glyph ID="char_757" CONTENT="G" HPOS="934" VPOS="1575" WIDTH="9" HEIGHT="98" GC="0.9228">
                                <Shape>
                                    <Polygon POINTS="943 1575 934 1673 934 1673 943 1575"/>
                                </Shape>
                            </Glyph>
                            <Glyph ID="char_758" CONTENT="." HPOS="981" VPOS="1584" WIDTH="8" HEIGHT="85" GC="0.9206">
                                <Shape>
                                    <Polygon POINTS="989 1584 981 1669 981 1669 989 1584"/>
                                </Shape>
                            </Glyph>
                        </String>
                    </TextLine>

                    <TextLine ID="b695b723-6401-4264-88d2-2ff9aa4f51c6" HPOS="391.0" VPOS="1535.0" WIDTH="377.0" HEIGHT="98.0" BASELINE="393.0 1590.0 768.0 1605.0" TAGREFS="LINE_TYPE_1">
                        <Shape>
                            <Polygon POINTS="393.0 1590.0 391.0 1622.0 540.0 1633.0 541.0 1633.0 543.0 1633.0 544.0 1633.0 567.0 1616.0 583.0 1622.0 584.0 1622.0 586.0 1622.0 587.0 1622.0 589.0 1622.0 589.0 1621.0 598.0 1613.0 671.0 1627.0 673.0 1627.0 674.0 1627.0 693.0 1618.0 765.0 1621.0 768.0 1605.0 768.0 1573.0 726.0 1572.0 690.0 1555.0 688.0 1555.0 687.0 1555.0 685.0 1555.0 668.0 1560.0 647.0 1544.0 645.0 1544.0 644.0 1544.0 576.0 1541.0 575.0 1541.0 573.0 1541.0 572.0 1541.0 546.0 1564.0 509.0 1553.0 508.0 1553.0 506.0 1553.0 466.0 1560.0 436.0 1535.0 434.0 1535.0 433.0 1535.0 431.0 1535.0 429.0 1535.0 394.0 1544.0 393.0 1590.0"/>
                        </Shape>
                        <String ID="segment_278" CONTENT="bonjeur" HPOS="399" VPOS="1535" WIDTH="175" HEIGHT="98" WC="0.978">
                            <Shape>
                                <Polygon POINTS="402 1542 399 1623 571 1618 574 1541"/>
                            </Shape>
                            <Glyph ID="char_759" CONTENT="b" HPOS="399" VPOS="1542" WIDTH="3" HEIGHT="81" GC="0.9996">
                                <Shape>
                                    <Polygon POINTS="402 1542 399 1623 399 1623 402 1542"/>
                                </Shape>
                            </Glyph>
                            <Glyph ID="char_760" CONTENT="o" HPOS="431" VPOS="1535" WIDTH="3" HEIGHT="90" GC="1.0">
                                <Shape>
                                    <Polygon POINTS="434 1535 431 1625 431 1625 434 1535"/>
                                </Shape>
                            </Glyph>
                            <Glyph ID="char_761" CONTENT="n" HPOS="456" VPOS="1554" WIDTH="3" HEIGHT="73" GC="0.9986">
                                <Shape>
                                    <Polygon POINTS="459 1554 456 1627 456 1627 459 1554"/>
                                </Shape>
                            </Glyph>
                            <Glyph ID="char_762" CONTENT="j" HPOS="488" VPOS="1556" WIDTH="2" HEIGHT="73" GC="0.9988">
                                <Shape>
                                    <Polygon POINTS="490 1556 488 1629 488 1629 490 1556"/>
                                </Shape>
                            </Glyph>
                            <Glyph ID="char_763" CONTENT="e" HPOS="506" VPOS="1553" WIDTH="4" HEIGHT="78" GC="0.8542">
                                <Shape>
                                    <Polygon POINTS="510 1553 506 1631 506 1631 510 1553"/>
                                </Shape>
                            </Glyph>
                            <Glyph ID="char_764" CONTENT="u" HPOS="538" VPOS="1563" WIDTH="3" HEIGHT="70" GC="0.9992">
                                <Shape>
                                    <Polygon POINTS="541 1563 538 1633 538 1633 541 1563"/>
                                </Shape>
                            </Glyph>
                            <Glyph ID="char_765" CONTENT="r" HPOS="571" VPOS="1541" WIDTH="3" HEIGHT="77" GC="0.9957">
                                <Shape>
                                    <Polygon POINTS="574 1541 571 1618 571 1618 574 1541"/>
                                </Shape>
                            </Glyph>
                        </String>
                        <SP ID="segment_279" HPOS="635"  VPOS="1544" WIDTH="10"  HEIGHT="77"/>
                        <String ID="segment_280" CONTENT="M." HPOS="661" VPOS="1557" WIDTH="72" HEIGHT="68" WC="0.9771">
                            <Shape>
                                <Polygon POINTS="664 1557 661 1625 731 1620 733 1572"/>
                            </Shape>
                            <Glyph ID="char_767" CONTENT="M" HPOS="661" VPOS="1557" WIDTH="3" HEIGHT="68" GC="0.983">
                                <Shape>
                                    <Polygon POINTS="664 1557 661 1625 661 1625 664 1557"/>
                                </Shape>
                            </Glyph>
                            <Glyph ID="char_768" CONTENT="." HPOS="731" VPOS="1572" WIDTH="2" HEIGHT="48" GC="0.9712">
                                <Shape>
                                    <Polygon POINTS="733 1572 731 1620 731 1620 733 1572"/>
                                </Shape>
                            </Glyph>
                        </String>
                    </TextLine>

                    <TextLine ID="cf768d78-eb5a-4727-a043-5ec6c54900e4" HPOS="1023.0" VPOS="1586.0" WIDTH="810.0" HEIGHT="114.0" BASELINE="1025.0 1633.0 1833.0 1670.0" TAGREFS="LINE_TYPE_1">
                        <Shape>
                            <Polygon POINTS="1025.0 1633.0 1023.0 1645.0 1055.0 1647.0 1100.0 1668.0 1101.0 1668.0 1192.0 1671.0 1193.0 1671.0 1195.0 1671.0 1225.0 1656.0 1332.0 1679.0 1334.0 1679.0 1364.0 1677.0 1366.0 1677.0 1368.0 1677.0 1386.0 1664.0 1426.0 1664.0 1482.0 1682.0 1484.0 1682.0 1485.0 1682.0 1527.0 1673.0 1559.0 1682.0 1560.0 1682.0 1562.0 1682.0 1591.0 1677.0 1603.0 1686.0 1603.0 1688.0 1605.0 1688.0 1606.0 1688.0 1608.0 1688.0 1649.0 1680.0 1706.0 1685.0 1729.0 1697.0 1730.0 1697.0 1732.0 1697.0 1733.0 1697.0 1764.0 1680.0 1828.0 1700.0 1833.0 1670.0 1833.0 1642.0 1799.0 1627.0 1798.0 1627.0 1796.0 1627.0 1794.0 1627.0 1793.0 1627.0 1773.0 1642.0 1689.0 1639.0 1649.0 1616.0 1648.0 1616.0 1646.0 1616.0 1644.0 1616.0 1643.0 1616.0 1617.0 1634.0 1571.0 1608.0 1570.0 1608.0 1568.0 1608.0 1566.0 1608.0 1565.0 1608.0 1534.0 1628.0 1519.0 1618.0 1517.0 1618.0 1516.0 1618.0 1514.0 1618.0 1513.0 1618.0 1481.0 1627.0 1461.0 1616.0 1459.0 1616.0 1378.0 1613.0 1377.0 1613.0 1328.0 1622.0 1309.0 1622.0 1277.0 1596.0 1276.0 1596.0 1274.0 1596.0 1273.0 1596.0 1271.0 1596.0 1244.0 1610.0 1208.0 1596.0 1207.0 1596.0 1205.0 1596.0 1204.0 1596.0 1173.0 1604.0 1156.0 1587.0 1156.0 1586.0 1155.0 1586.0 1153.0 1586.0 1152.0 1586.0 1025.0 1586.0 1025.0 1633.0"/>
                        </Shape>
                        <String ID="segment_281" CONTENT="L." HPOS="1047" VPOS="1586" WIDTH="66" HEIGHT="82" WC="0.9991">
                            <Shape>
                                <Polygon POINTS="1050 1586 1047 1647 1109 1668 1113 1586"/>
                            </Shape>
                            <Glyph ID="char_769" CONTENT="L" HPOS="1047" VPOS="1586" WIDTH="3" HEIGHT="61" GC="1.0">
                                <Shape>
                                    <Polygon POINTS="1050 1586 1047 1647 1047 1647 1050 1586"/>
                                </Shape>
                            </Glyph>
                            <Glyph ID="char_770" CONTENT="." HPOS="1109" VPOS="1586" WIDTH="4" HEIGHT="82" GC="0.9981">
                                <Shape>
                                    <Polygon POINTS="1113 1586 1109 1668 1109 1668 1113 1586"/>
                                </Shape>
                            </Glyph>
                        </String>
                        <SP ID="segment_282" HPOS="1138"  VPOS="1586" WIDTH="10"  HEIGHT="83"/>
                        <String ID="segment_283" CONTENT="pente" HPOS="1161" VPOS="1596" WIDTH="119" HEIGHT="74" WC="0.9923">
                            <Shape>
                                <Polygon POINTS="1165 1596 1161 1670 1277 1667 1280 1598"/>
                            </Shape>
                            <Glyph ID="char_772" CONTENT="p" HPOS="1161" VPOS="1596" WIDTH="4" HEIGHT="74" GC="0.9999">
                                <Shape>
                                    <Polygon POINTS="1165 1596 1161 1670 1161 1670 1165 1596"/>
                                </Shape>
                            </Glyph>
                            <Glyph ID="char_773" CONTENT="e" HPOS="1196" VPOS="1597" WIDTH="4" HEIGHT="73" GC="0.9999">
                                <Shape>
                                    <Polygon POINTS="1200 1597 1196 1670 1196 1670 1200 1597"/>
                                </Shape>
                            </Glyph>
                            <Glyph ID="char_774" CONTENT="n" HPOS="1231" VPOS="1606" WIDTH="2" HEIGHT="51" GC="0.9736">
                                <Shape>
                                    <Polygon POINTS="1233 1606 1231 1657 1231 1657 1233 1606"/>
                                </Shape>
                            </Glyph>
                            <Glyph ID="char_775" CONTENT="t" HPOS="1260" VPOS="1600" WIDTH="3" HEIGHT="63" GC="0.9879">
                                <Shape>
                                    <Polygon POINTS="1263 1600 1260 1663 1260 1663 1263 1600"/>
                                </Shape>
                            </Glyph>
                            <Glyph ID="char_776" CONTENT="e" HPOS="1277" VPOS="1598" WIDTH="3" HEIGHT="69" GC="1.0">
                                <Shape>
                                    <Polygon POINTS="1280 1598 1277 1667 1277 1667 1280 1598"/>
                                </Shape>
                            </Glyph>
                        </String>
                        <SP ID="segment_284" HPOS="1317"  VPOS="1622" WIDTH="8"  HEIGHT="55"/>
                        <String ID="segment_285" CONTENT="sans" HPOS="1334" VPOS="1614" WIDTH="112" HEIGHT="65" WC="0.9701">
                            <Shape>
                                <Polygon POINTS="1337 1620 1334 1679 1444 1670 1446 1616"/>
                            </Shape>
                            <Glyph ID="char_778" CONTENT="s" HPOS="1334" VPOS="1620" WIDTH="3" HEIGHT="59" GC="1.0">
                                <Shape>
                                    <Polygon POINTS="1337 1620 1334 1679 1334 1679 1337 1620"/>
                                </Shape>
                            </Glyph>
                            <Glyph ID="char_779" CONTENT="a" HPOS="1369" VPOS="1614" WIDTH="3" HEIGHT="62" GC="0.9999">
                                <Shape>
                                    <Polygon POINTS="1372 1614 1369 1676 1369 1676 1372 1614"/>
                                </Shape>
                            </Glyph>
                            <Glyph ID="char_780" CONTENT="n" HPOS="1410" VPOS="1614" WIDTH="2" HEIGHT="50" GC="0.8807">
                                <Shape>
                                    <Polygon POINTS="1412 1614 1410 1664 1410 1664 1412 1614"/>
                                </Shape>
                            </Glyph>
                            <Glyph ID="char_781" CONTENT="s" HPOS="1444" VPOS="1616" WIDTH="2" HEIGHT="54" GC="0.9999">
                                <Shape>
                                    <Polygon POINTS="1446 1616 1444 1670 1444 1670 1446 1616"/>
                                </Shape>
                            </Glyph>
                        </String>
                        <SP ID="segment_286" HPOS="1472"  VPOS="1624" WIDTH="9"  HEIGHT="57"/>
                        <String ID="segment_287" CONTENT="celle" HPOS="1489" VPOS="1610" WIDTH="96" HEIGHT="72" WC="0.9435">
                            <Shape>
                                <Polygon POINTS="1492 1624 1489 1681 1583 1678 1585 1616"/>
                            </Shape>
                            <Glyph ID="char_783" CONTENT="c" HPOS="1489" VPOS="1624" WIDTH="3" HEIGHT="57" GC="0.9995">
                                <Shape>
                                    <Polygon POINTS="1492 1624 1489 1681 1489 1681 1492 1624"/>
                                </Shape>
                            </Glyph>
                            <Glyph ID="char_784" CONTENT="e" HPOS="1519" VPOS="1619" WIDTH="2" HEIGHT="56" GC="0.7861">
                                <Shape>
                                    <Polygon POINTS="1521 1619 1519 1675 1519 1675 1521 1619"/>
                                </Shape>
                            </Glyph>
                            <Glyph ID="char_785" CONTENT="l" HPOS="1542" VPOS="1622" WIDTH="2" HEIGHT="55" GC="1.0">
                                <Shape>
                                    <Polygon POINTS="1544 1622 1542 1677 1542 1677 1544 1622"/>
                                </Shape>
                            </Glyph>
                            <Glyph ID="char_786" CONTENT="l" HPOS="1559" VPOS="1610" WIDTH="4" HEIGHT="72" GC="0.9323">
                                <Shape>
                                    <Polygon POINTS="1563 1610 1559 1682 1559 1682 1563 1610"/>
                                </Shape>
                            </Glyph>
                            <Glyph ID="char_787" CONTENT="e" HPOS="1583" VPOS="1616" WIDTH="2" HEIGHT="62" GC="0.9996">
                                <Shape>
                                    <Polygon POINTS="1585 1616 1583 1678 1583 1678 1585 1616"/>
                                </Shape>
                            </Glyph>
                        </String>
                        <SP ID="segment_288" HPOS="1616"  VPOS="1629" WIDTH="9"  HEIGHT="57"/>
                        <String ID="segment_289" CONTENT="à" HPOS="1633" VPOS="1616" WIDTH="21" HEIGHT="67" WC="0.9933">
                            <Shape>
                                <Polygon POINTS="1636 1621 1633 1683 1651 1680 1654 1619"/>
                            </Shape>
                            <Glyph ID="char_789" CONTENT="a" HPOS="1633" VPOS="1621" WIDTH="3" HEIGHT="62" GC="0.9868">
                                <Shape>
                                    <Polygon POINTS="1636 1621 1633 1683 1633 1683 1636 1621"/>
                                </Shape>
                            </Glyph>
                            <Glyph ID="char_790" CONTENT="̀" HPOS="1645" VPOS="1616" WIDTH="9" HEIGHT="65" GC="0.9997">
                                <Shape>
                                    <Polygon POINTS="1648 1616 1645 1681 1651 1680 1654 1619"/>
                                </Shape>
                            </Glyph>
                        </String>
                        <SP ID="segment_290" HPOS="1679"  VPOS="1635" WIDTH="3"  HEIGHT="48"/>
                        <String ID="segment_291" CONTENT="vous." HPOS="1697" VPOS="1628" WIDTH="129" HEIGHT="70" WC="0.9858">
                            <Shape>
                                <Polygon POINTS="1699 1639 1697 1684 1823 1698 1826 1639"/>
                            </Shape>
                            <Glyph ID="char_792" CONTENT="v" HPOS="1697" VPOS="1639" WIDTH="2" HEIGHT="45" GC="0.9778">
                                <Shape>
                                    <Polygon POINTS="1699 1639 1697 1684 1697 1684 1699 1639"/>
                                </Shape>
                            </Glyph>
                            <Glyph ID="char_793" CONTENT="o" HPOS="1731" VPOS="1641" WIDTH="2" HEIGHT="56" GC="0.9997">
                                <Shape>
                                    <Polygon POINTS="1733 1641 1731 1697 1731 1697 1733 1641"/>
                                </Shape>
                            </Glyph>
                            <Glyph ID="char_794" CONTENT="u" HPOS="1767" VPOS="1642" WIDTH="1" HEIGHT="39" GC="0.9523">
                                <Shape>
                                    <Polygon POINTS="1768 1642 1767 1681 1767 1681 1768 1642"/>
                                </Shape>
                            </Glyph>
                            <Glyph ID="char_795" CONTENT="s" HPOS="1789" VPOS="1628" WIDTH="3" HEIGHT="60" GC="0.9999">
                                <Shape>
                                    <Polygon POINTS="1792 1628 1789 1688 1789 1688 1792 1628"/>
                                </Shape>
                            </Glyph>
                            <Glyph ID="char_796" CONTENT="." HPOS="1823" VPOS="1639" WIDTH="3" HEIGHT="59" GC="0.9992">
                                <Shape>
                                    <Polygon POINTS="1826 1639 1823 1698 1823 1698 1826 1639"/>
                                </Shape>
                            </Glyph>
                        </String>
                    </TextLine>
</TextBlock>
                <TextBlock ID="85c412f4-841f-4c85-a927-78ac08c93ead" HPOS="732.0" VPOS="309.0" WIDTH="299.0" HEIGHT="184.0" TAGREFS="REGION_TYPE_2">
<Shape>
                        <Polygon POINTS="732.0 309.0 1031.0 309.0 1031.0 493.0 732.0 493.0 732.0 309.0"/>
                    </Shape>
                    <TextLine ID="c5558a62-86e4-4e5e-926f-03eacd7abc87" HPOS="777.0" VPOS="310.0" WIDTH="167.0" HEIGHT="69.0" BASELINE="778.0 357.0 944.0 360.0" TAGREFS="LINE_TYPE_1">
                        <Shape>
                            <Polygon POINTS="908.0 310.0 901.0 310.0 886.0 310.0 870.0 310.0 855.0 310.0 840.0 310.0 824.0 310.0 817.0 310.0 800.0 322.0 778.0 322.0 778.0 357.0 777.0 374.0 859.0 370.0 941.0 379.0 944.0 360.0 944.0 322.0 910.0 310.0 908.0 310.0"/>
                        </Shape>
                        <String ID="segment_292" CONTENT="ERI" HPOS="890" VPOS="310" WIDTH="38" HEIGHT="67" WC="0.7826">
                            <Shape>
                                <Polygon POINTS="891 310 890 373 927 377 928 316"/>
                            </Shape>
                            <Glyph ID="char_797" CONTENT="E" HPOS="890" VPOS="310" WIDTH="1" HEIGHT="63" GC="0.997">
                                <Shape>
                                    <Polygon POINTS="891 310 890 373 890 373 891 310"/>
                                </Shape>
                            </Glyph>
                            <Glyph ID="char_798" CONTENT="R" HPOS="909" VPOS="310" WIDTH="1" HEIGHT="65" GC="0.8744">
                                <Shape>
                                    <Polygon POINTS="910 310 909 375 909 375 910 310"/>
                                </Shape>
                            </Glyph>
                            <Glyph ID="char_799" CONTENT="I" HPOS="927" VPOS="316" WIDTH="1" HEIGHT="61" GC="0.4764">
                                <Shape>
                                    <Polygon POINTS="928 316 927 377 927 377 928 316"/>
                                </Shape>
                            </Glyph>
                        </String>
                    </TextLine>

                    <TextLine ID="53aaad72-f3d8-4778-bd5e-e4c24bdcf005" HPOS="765.0" VPOS="362.0" WIDTH="88.0" HEIGHT="58.0" BASELINE="766.0 397.0 853.0 402.0" TAGREFS="LINE_TYPE_1">
                        <Shape>
                            <Polygon POINTS="765.0 416.0 850.0 420.0 853.0 402.0 852.0 371.0 797.0 373.0 769.0 362.0 766.0 397.0 765.0 416.0"/>
                        </Shape>
                        <String ID="segment_293" CONTENT="OIREOT." HPOS="772" VPOS="364" WIDTH="80" HEIGHT="56" WC="0.8776">
                            <Shape>
                                <Polygon POINTS="775 364 772 416 850 420 852 378"/>
                            </Shape>
                            <Glyph ID="char_800" CONTENT="O" HPOS="772" VPOS="364" WIDTH="3" HEIGHT="52" GC="1.0">
                                <Shape>
                                    <Polygon POINTS="775 364 772 416 772 416 775 364"/>
                                </Shape>
                            </Glyph>
                            <Glyph ID="char_801" CONTENT="I" HPOS="787" VPOS="370" WIDTH="3" HEIGHT="47" GC="0.9996">
                                <Shape>
                                    <Polygon POINTS="790 370 787 417 787 417 790 370"/>
                                </Shape>
                            </Glyph>
                            <Glyph ID="char_802" CONTENT="R" HPOS="795" VPOS="373" WIDTH="2" HEIGHT="44" GC="0.9932">
                                <Shape>
                                    <Polygon POINTS="797 373 795 417 795 417 797 373"/>
                                </Shape>
                            </Glyph>
                            <Glyph ID="char_803" CONTENT="E" HPOS="809" VPOS="372" WIDTH="2" HEIGHT="46" GC="1.0">
                                <Shape>
                                    <Polygon POINTS="811 372 809 418 809 418 811 372"/>
                                </Shape>
                            </Glyph>
                            <Glyph ID="char_804" CONTENT="O" HPOS="824" VPOS="372" WIDTH="3" HEIGHT="47" GC="0.9868">
                                <Shape>
                                    <Polygon POINTS="827 372 824 419 824 419 827 372"/>
                                </Shape>
                            </Glyph>
                            <Glyph ID="char_805" CONTENT="T" HPOS="839" VPOS="371" WIDTH="3" HEIGHT="48" GC="0.8263">
                                <Shape>
                                    <Polygon POINTS="842 371 839 419 839 419 842 371"/>
                                </Shape>
                            </Glyph>
                            <Glyph ID="char_806" CONTENT="." HPOS="850" VPOS="378" WIDTH="2" HEIGHT="42" GC="0.3375">
                                <Shape>
                                    <Polygon POINTS="852 378 850 420 850 420 852 378"/>
                                </Shape>
                            </Glyph>
                        </String>
                    </TextLine>

                    <TextLine ID="51998eba-fed1-459c-a3b2-b3500230e288" HPOS="849.0" VPOS="408.0" WIDTH="20.0" HEIGHT="34.0" BASELINE="849.0 428.0 869.0 428.0" TAGREFS="LINE_TYPE_1">
                        <Shape>
                            <Polygon POINTS="849.0 428.0 849.0 440.0 867.0 442.0 869.0 428.0 867.0 408.0 849.0 408.0 849.0 428.0"/>
                        </Shape>
                        <String ID="segment_294" CONTENT="1" HPOS="858" VPOS="408" WIDTH="0" HEIGHT="33" WC="0.9994">
                            <Shape>
                                <Polygon POINTS="858 408 858 441 858 441 858 408"/>
                            </Shape>
                            <Glyph ID="char_807" CONTENT="1" HPOS="858" VPOS="408" WIDTH="0" HEIGHT="33" GC="0.9994">
                                <Shape>
                                    <Polygon POINTS="858 408 858 441 858 441 858 408"/>
                                </Shape>
                            </Glyph>
                        </String>
                    </TextLine>

                    <TextLine ID="c771696d-49b3-4e91-b19a-cecc402490d6" HPOS="890.0" VPOS="376.0" WIDTH="101.0" HEIGHT="70.0" BASELINE="892.0 416.0 991.0 420.0" TAGREFS="LINE_TYPE_1">
                        <Shape>
                            <Polygon POINTS="892.0 416.0 890.0 443.0 956.0 435.0 986.0 446.0 991.0 420.0 991.0 394.0 892.0 376.0 892.0 416.0"/>
                        </Shape>
                        <String ID="segment_295" CONTENT="Ct." HPOS="892" VPOS="380" WIDTH="24" HEIGHT="61" WC="0.5349">
                            <Shape>
                                <Polygon POINTS="892 416 892 416 914 440 916 380"/>
                            </Shape>
                            <Glyph ID="char_808" CONTENT="C" HPOS="892" VPOS="416" WIDTH="0" HEIGHT="0" GC="0.8208">
                                <Shape>
                                    <Polygon POINTS="892 416 892 416 892 416 892 416"/>
                                </Shape>
                            </Glyph>
                            <Glyph ID="char_809" CONTENT="t" HPOS="910" VPOS="380" WIDTH="2" HEIGHT="61" GC="0.3767">
                                <Shape>
                                    <Polygon POINTS="912 380 910 441 910 441 912 380"/>
                                </Shape>
                            </Glyph>
                            <Glyph ID="char_810" CONTENT="." HPOS="914" VPOS="380" WIDTH="2" HEIGHT="60" GC="0.4073">
                                <Shape>
                                    <Polygon POINTS="916 380 914 440 914 440 916 380"/>
                                </Shape>
                            </Glyph>
                        </String>
                        <SP ID="segment_296" HPOS="919"  VPOS="381" WIDTH="2"  HEIGHT="58"/>
                        <String ID="segment_297" CONTENT="itee" HPOS="947" VPOS="386" WIDTH="25" HEIGHT="54" WC="0.7637">
                            <Shape>
                                <Polygon POINTS="949 386 947 436 970 440 972 391"/>
                            </Shape>
                            <Glyph ID="char_812" CONTENT="i" HPOS="947" VPOS="386" WIDTH="2" HEIGHT="50" GC="0.8908">
                                <Shape>
                                    <Polygon POINTS="949 386 947 436 947 436 949 386"/>
                                </Shape>
                            </Glyph>
                            <Glyph ID="char_813" CONTENT="t" HPOS="956" VPOS="388" WIDTH="2" HEIGHT="47" GC="0.9367">
                                <Shape>
                                    <Polygon POINTS="958 388 956 435 956 435 958 388"/>
                                </Shape>
                            </Glyph>
                            <Glyph ID="char_814" CONTENT="e" HPOS="960" VPOS="389" WIDTH="2" HEIGHT="48" GC="0.9325">
                                <Shape>
                                    <Polygon POINTS="962 389 960 437 960 437 962 389"/>
                                </Shape>
                            </Glyph>
                            <Glyph ID="char_815" CONTENT="e" HPOS="970" VPOS="391" WIDTH="2" HEIGHT="49" GC="0.2948">
                                <Shape>
                                    <Polygon POINTS="972 391 970 440 970 440 972 391"/>
                                </Shape>
                            </Glyph>
                        </String>
                    </TextLine>

                    <TextLine ID="8b058321-a91e-47ff-9016-6ea20f3dae6a" HPOS="817.0" VPOS="422.0" WIDTH="147.0" HEIGHT="68.0" BASELINE="818.0 457.0 964.0 461.0" TAGREFS="LINE_TYPE_1">
                        <Shape>
                            <Polygon POINTS="864.0 429.0 849.0 429.0 846.0 425.0 818.0 422.0 818.0 457.0 817.0 480.0 873.0 490.0 875.0 490.0 962.0 486.0 964.0 461.0 964.0 438.0 864.0 426.0 864.0 429.0"/>
                        </Shape>
                        <String ID="segment_298" CONTENT="AECHIVES." HPOS="822" VPOS="423" WIDTH="132" HEIGHT="67" WC="0.9836">
                            <Shape>
                                <Polygon POINTS="824 423 822 481 952 486 954 437"/>
                            </Shape>
                            <Glyph ID="char_816" CONTENT="A" HPOS="822" VPOS="423" WIDTH="2" HEIGHT="58" GC="0.9999">
                                <Shape>
                                    <Polygon POINTS="824 423 822 481 822 481 824 423"/>
                                </Shape>
                            </Glyph>
                            <Glyph ID="char_817" CONTENT="E" HPOS="835" VPOS="424" WIDTH="2" HEIGHT="59" GC="0.9249">
                                <Shape>
                                    <Polygon POINTS="837 424 835 483 835 483 837 424"/>
                                </Shape>
                            </Glyph>
                            <Glyph ID="char_818" CONTENT="C" HPOS="853" VPOS="429" WIDTH="2" HEIGHT="57" GC="0.9999">
                                <Shape>
                                    <Polygon POINTS="855 429 853 486 853 486 855 429"/>
                                </Shape>
                            </Glyph>
                            <Glyph ID="char_819" CONTENT="H" HPOS="866" VPOS="426" WIDTH="2" HEIGHT="63" GC="0.9999">
                                <Shape>
                                    <Polygon POINTS="868 426 866 489 866 489 868 426"/>
                                </Shape>
                            </Glyph>
                            <Glyph ID="char_820" CONTENT="I" HPOS="884" VPOS="429" WIDTH="2" HEIGHT="61" GC="1.0">
                                <Shape>
                                    <Polygon POINTS="886 429 884 490 884 490 886 429"/>
                                </Shape>
                            </Glyph>
                            <Glyph ID="char_821" CONTENT="V" HPOS="898" VPOS="430" WIDTH="2" HEIGHT="59" GC="0.9996">
                                <Shape>
                                    <Polygon POINTS="900 430 898 489 898 489 900 430"/>
                                </Shape>
                            </Glyph>
                            <Glyph ID="char_822" CONTENT="E" HPOS="916" VPOS="432" WIDTH="2" HEIGHT="56" GC="0.9999">
                                <Shape>
                                    <Polygon POINTS="918 432 916 488 916 488 918 432"/>
                                </Shape>
                            </Glyph>
                            <Glyph ID="char_823" CONTENT="S" HPOS="934" VPOS="435" WIDTH="2" HEIGHT="52" GC="0.953">
                                <Shape>
                                    <Polygon POINTS="936 435 934 487 934 487 936 435"/>
                                </Shape>
                            </Glyph>
                            <Glyph ID="char_824" CONTENT="." HPOS="952" VPOS="437" WIDTH="2" HEIGHT="49" GC="0.9751">
                                <Shape>
                                    <Polygon POINTS="954 437 952 486 952 486 954 437"/>
                                </Shape>
                            </Glyph>
                        </String>
                    </TextLine>
</TextBlock>
            </PrintSpace>
        </Page>
    </Layout>
</alto>