2080 2744
794 192 1 74 a
880 191 146 73 Brest
1100 195 28 56 ce
1207 196 1 66 2
1272 197 81 64 juin
1421 184 125 74 1756

1289 263 100 104 78^e
1421 263 114 99 Piece
1576 279 127 72 cottée
1765 263 99 76 O.

362 484 104 68 Je
530 484 86 91 suis
679 488 73 83 fort
821 493 192 92 surpris,
1042 503 94 81 Ma
1177 505 127 83 chere
1367 525 68 72 M.
1483 542 66 56 que
1600 545 98 60 vous
1763 541 136 75 nayés
1932 551 56 66 pas

395 584 69 47 reçu
550 588 50 53 ma
658 577 171 71 derniere
887 583 153 66 Lettre,
1081 596 27 56 je
1149 600 90 59 vous
1281 608 31 61 ai
1354 605 89 63 écris
1509 611 149 65 touttes
1710 612 49 73 les
1807 615 141 71 postes

394 656 356 70 régulierement,
779 678 89 50 vous
917 666 157 74 l'aurés
1128 671 85 72 sans
1262 675 90 72 doute
1400 681 46 72 eû
1487 682 146 77 depuis
1704 689 109 73 ainsi
1869 714 0 44 –

383 734 303 86 tranquellisés
721 754 119 55 vous,
887 750 33 59 je
973 755 45 70 me
1064 756 101 76 porte
1223 758 133 88 bien,
1394 771 236 85 cependant
1697 780 75 81 fort
1820 780 168 80 fatiqué

382 808 28 73 de
475 833 46 58 ma
569 824 263 69 promenade
885 827 147 71 d'hier,
1069 852 46 46 oǹ
1156 853 70 64 jay
1256 844 65 68 été
1373 852 15 62 à
1428 850 26 62 la
1517 863 146 71 maison
1706 860 29 67 de
1778 879 211 61 compagne

376 884 33 74 de
456 893 76 61 M^r
567 896 27 65 et
641 897 100 63 M^de
782 900 174 84 Choquet
1009 929 58 66 qui
1106 927 54 78 est
1192 924 170 87 pardela
1421 931 41 73 S^t
1513 945 120 61 marc
1684 966 3 50 a
1728 968 94 67 trois
1858 969 130 73 quart,

390 969 33 71 de
473 972 122 81 lieües
644 981 117 88 dicy,
801 990 36 83 et
878 1007 3 68 a
928 1014 111 65 pied,
1087 1012 162 79 nayant
1291 1013 53 76 pû
1386 1034 148 51 revener
1589 1024 97 68 dans
1735 1053 72 60 mon
1861 1048 111 67 canot

389 1070 63 61 par
496 1071 129 64 raport
684 1078 38 50 au
771 1075 83 61 vent
903 1080 191 62 contraire
1141 1094 28 52 et
1227 1088 19 65 à
1283 1091 29 63 la
1370 1094 123 72 grosse
1547 1110 73 50 mer

389 1143 28 55 la
473 1148 183 68 nouvelle
706 1143 34 76 de
790 1146 29 75 la
885 1163 91 64 mort
1017 1157 39 67 du
1133 1161 86 74 Roy
1275 1166 307 82 d'angleterre
1648 1188 87 72 n'est
1775 1208 118 58 point

377 1208 223 80 confirmé,
634 1220 105 69 mais
787 1222 77 73 bien
925 1228 29 66 la
1003 1231 257 83 déclaration
1314 1248 30 70 de
1399 1269 171 54 guerre,
1589 1272 23 56 et
1663 1271 33 70 du
1752 1278 150 63 trouble

379 1291 30 61 de
454 1309 82 63 cette
593 1308 168 64 nation.
844 1331 56 54 Les
955 1316 206 80 fregattes
1212 1326 35 68 de
1313 1338 239 77 Rochefort
1607 1362 56 49 ont
1709 1361 120 67 rendu
1885 1377 51 44 un

385 1379 155 77 cembat
598 1383 84 77 fort
742 1387 242 73 glorieux,
1024 1405 119 64 aussi
1201 1407 3 60 a
1266 1410 64 68 tlon
1398 1429 275 74 recompensés
1715 1427 41 75 les
1797 1430 172 79 officiers

390 1452 116 81 blessés
551 1458 242 72 dignement
867 1471 53 58 les
964 1476 146 66 veuves
1154 1496 31 47 et
1252 1491 117 59 meme
1425 1490 53 70 les
1539 1501 260 83 Equipages,
1820 1514 72 69 M^r
1924 1513 26 66 de

409 1527 179 75 marville
634 1537 53 57 est
732 1533 65 68 tres
852 1539 85 67 bien
997 1544 186 65 traité,.
1227 1552 29 68 le
1304 1555 164 82 combat
1522 1571 35 72 de
1606 1572 33 70 la
1694 1586 272 71 Martiaique

400 1608 23 59 de
472 1605 22 71 la
536 1611 101 72 prise
685 1611 34 66 du
766 1616 46 65 V^e
882 1617 23 65 le
947 1617 171 69 Warvie
1154 1637 48 54 est
1237 1626 86 81 bien
1368 1628 89 81 sur.
1510 1658 105 59 ainsi
1663 1661 73 58 que
1794 1656 29 61 le

397 1675 160 91 combat
609 1694 68 76 que
737 1692 130 77 rendu
933 1694 80 65 M^r
1060 1695 39 65 de
1151 1698 27 67 la
1241 1701 320 89 Galissonniere
1606 1735 112 58 contre
1772 1719 214 79 L'amiral

406 1762 137 76 bincy,
617 1768 53 59 les
733 1774 195 65 Ennemis
965 1785 59 61 ont
1075 1772 271 78 abandonné
1386 1801 28 50 la
1465 1802 149 53 partie,
1649 1789 81 66 c'est
1781 1795 22 60 le
1839 1785 165 70 minispe

401 1849 58 65 qui
512 1849 33 53 me
593 1849 29 48 le
685 1850 169 49 mande,
890 1857 26 51 ce
958 1854 45 64 n'a
1054 1869 69 57 pas
1159 1862 65 62 eté
1260 1873 69 55 une
1372 1862 144 67 affaire
1603 1865 206 63 général,
1852 1881 82 40 nous

408 1920 108 56 avons
555 1915 48 66 eû
676 1928 0 56 9
740 1917 170 69 officiers
954 1919 182 63 blesses,
1188 1924 50 60 38
1300 1928 99 63 morts
1451 1937 25 50 et
1543 1938 74 60 175
1674 1931 168 69 hommes
1874 1930 124 73 blessés

404 1980 23 73 il
483 1981 0 65 y
534 2002 102 45 aura
688 1995 96 62 peut
801 1986 68 72 etre
920 1994 57 56 une
1039 1987 103 75 suitte
1204 1989 12 61 à
1249 1999 92 64 cette
1395 1990 217 80 affairre,
1651 2003 35 56 si
1725 2016 34 51 on
1804 2017 1 55 a
1866 2017 63 57 pû

418 2077 244 58 poursuire
737 2065 254 62 Dennemci,
1037 2065 66 66 M^r
1173 2065 29 66 de
1259 2065 31 68 la
1345 2065 295 75 galissonniere
1695 2074 82 64 doit
1822 2090 36 47 en
1898 2090 72 46 étre

405 2156 231 62 instruite,
686 2157 93 64 c'est
829 2163 60 52 une
954 2161 235 58 avanture
1249 2165 202 63 heureute
1511 2168 97 61 pour
1682 2171 110 59 notre
1825 2167 147 60 Marine

862 331 66 67 RIREE

803 378 29 94 du

878 454 88 64 CAIIES

411 2239 30 61 et
483 2239 90 62 pour
651 2230 54 57 M^r
765 2225 31 72 de
850 2225 30 67 la
946 2225 331 71 Galissonniere,
1317 2249 32 60 ce
1395 2250 56 64 qui
1492 2233 128 70 assure
1660 2235 26 80 la
1750 2237 98 80 prise
1895 2238 37 68 du

408 2313 74 68 fort
550 2311 32 64 S^t
650 2312 206 75 philipe.
909 2314 26 58 je
982 2314 127 64 desire
1156 2319 84 72 fort
1283 2319 100 69 aussi
1430 2318 111 76 qu'il
1599 2318 126 76 puisse
1767 2324 206 63 m'arriver

411 2402 170 73 quelque
632 2394 103 71 chose
786 2394 34 59 de
888 2394 228 70 glorieux,
1155 2396 103 66 mais
1303 2396 17 84 il
1371 2401 97 79 faut
1525 2416 108 58 pour
1684 2399 74 76 cela
1815 2404 113 77 qu'on

416 2481 45 75 me
493 2477 100 79 fasse
641 2477 116 79 sortir
822 2478 384 72 convenablement
1250 2494 27 47 et
1316 2487 82 62 avec
1447 2480 60 77 des
1561 2480 155 79 forces.
