2118 2790
697 337 17 69 Ie

827 280 25 72 à
943 266 141 79 Brest
1159 260 30 76 le
1253 268 30 65 10
1348 272 90 64 may
1482 268 117 65 1756

636 396 106 51 Pieteston
757 405 20 47 de
803 404 27 55 er.
833 413 22 47 i.

723 431 0 37 0

1117 382 107 71 69^e
1278 344 135 101 Piece
1461 364 142 68 cottee
1671 331 129 91 O.

451 545 35 55 ma
575 525 136 76 santé
780 527 119 71 Ma
951 528 111 86 Chere
1121 534 182 82 petitte,
1338 561 42 56 va
1438 537 182 82 toujours
1685 565 176 54 mieux,
1891 568 0 41 a

415 623 217 89 l'appetit
673 640 88 72 pres
808 642 63 74 qui
919 637 2 58 a
961 630 27 73 de
1035 631 33 83 la
1121 655 118 65 peine
1300 658 12 52 à
1355 653 209 73 revenir,
1607 648 116 78 faute
1791 654 31 51 de
1877 647 116 68 beaux

422 722 92 56 tems
563 721 49 75 où
655 720 27 78 je
731 723 125 72 puisse
915 730 60 65 me
1029 726 244 64 promener,
1321 732 87 75 mais
1451 733 33 72 je
1549 741 141 68 mange
1744 734 173 75 toujours

426 797 78 68 assez
555 808 88 63 pour
700 819 43 49 me
786 803 170 69 rétablir
1006 806 309 71 parfaitement
1371 820 151 58 comme
1578 834 49 51 ma
1699 822 183 68 maladie
1924 839 1 49 a
1962 825 64 63 etée

424 875 52 77 des
509 881 89 68 plus
632 883 194 70 violente,
849 891 22 61 il
910 890 83 80 n'est
1031 901 63 64 pas
1148 901 265 83 surprenant
1456 918 64 69 que
1562 922 34 66 je
1633 931 104 62 naye
1776 932 77 63 pas
1908 929 62 53 mes

417 960 227 76 premieres
682 966 163 80 forces,
872 971 30 77 je
946 973 71 62 suis
1073 978 169 69 heureux
1289 997 62 69 que
1388 993 73 63 cela
1526 1005 118 69 m'est
1681 1004 82 78 pris
1813 1005 99 79 dans
1946 1026 58 49 une

414 1040 260 56 circonstance
728 1047 44 72 où
808 1055 35 60 je
890 1055 159 59 n'avois
1085 1060 78 54 rien
1213 1079 5 54 a
1272 1068 133 70 faire,
1457 1078 46 58 me
1538 1086 105 59 voila
1685 1092 39 58 en
1771 1086 82 65 état
1907 1087 125 66 d'allis

416 1127 62 47 par
514 1114 109 57 tout,
664 1131 25 39 et
741 1125 213 74 d'attendre
1007 1140 286 74 patiemment
1346 1154 111 62 qu'on
1516 1170 224 55 augmente
1800 1187 73 55 mon
1928 1194 1 39 –

410 1193 182 64 Escadre,
647 1201 27 58 si
708 1218 28 42 on
785 1216 90 65 veut
924 1227 58 59 que
1021 1228 147 64 j'ôpere
1226 1227 352 76 glorieusement,
1621 1252 227 69 autrement
1904 1259 21 62 il
1976 1269 1 54 –

414 1277 106 57 vaut
581 1284 122 64 mieux
763 1295 117 56 resser
924 1300 34 51 en
1007 1298 133 61 Rade,
1179 1310 71 57 elle
1288 1323 103 58 cause
1439 1333 40 54 au
1532 1337 117 62 moins
1695 1327 32 76 de
1773 1334 262 79 l'enquietade

409 1355 70 55 aux
536 1357 167 64 anglois
738 1360 28 69 et
808 1369 59 75 une
915 1371 111 76 grosse
1074 1373 200 82 dépence.
1347 1390 176 77 Lorsque
1575 1396 205 84 l'affaire
1824 1410 39 66 du
1906 1409 77 65 Port

423 1427 126 73 mahon
606 1432 66 71 sera
723 1444 220 78 terminée,
988 1450 31 62 on
1070 1457 139 61 jettera
1263 1460 53 66 les
1352 1471 103 68 veües
1504 1474 66 69 sur
1634 1485 95 71 moy.

411 1517 23 67 je
465 1526 83 65 vous
578 1526 84 66 prie
730 1523 115 76 chere
903 1534 72 65 M.
1038 1540 29 59 de
1119 1540 83 70 fain
1269 1552 69 55 mes
1377 1555 170 67 tendres
1594 1572 196 61 amitiées
1832 1569 18 70 à
1891 1577 35 63 la

411 1591 106 71 chere
563 1596 120 68 sœur,
714 1609 2 45 a
776 1605 68 60 mes
895 1607 133 61 nieces,
1061 1623 24 43 et
1126 1620 174 68 respects
1339 1631 65 63 aux
1439 1632 159 67 Dames
1623 1652 28 53 et
1690 1649 272 64 compliments

418 1676 13 45 à
468 1667 55 53 nos
568 1670 127 60 amis,
740 1681 93 53 vous
884 1685 31 51 ne
962 1681 112 71 devés
1124 1695 85 61 puas
1257 1701 129 57 douter
1455 1703 31 63 de
1537 1716 44 51 ma
1633 1720 205 66 constante
1878 1726 123 59 amitié

410 1742 28 46 et
483 1738 39 62 du
567 1736 101 80 deur
710 1742 65 78 que
817 1750 65 72 j'ai
924 1752 30 54 de
997 1771 98 45 vous
1131 1769 165 54 revoir,
1349 1775 31 70 si
1422 1775 26 69 je
1484 1774 152 80 rehussi
1674 1793 1 63 a
1730 1800 158 63 quelque
1922 1792 90 55 chose

403 1811 33 73 de
496 1812 159 77 glorieux
715 1833 82 41 vous
841 1821 93 60 m'en
988 1825 171 64 aimerés
1206 1829 293 73 d'avantage.
1561 1841 37 74 Le
1644 1845 78 73 Duc
1764 1849 242 79 Daiguillon

416 1893 125 61 dinera
594 1892 42 60 au
683 1889 178 68 premier
915 1892 83 78 jour
1045 1897 86 57 chez
1186 1907 75 73 moy
1306 1904 21 59 à
1365 1907 116 65 bord,
1513 1915 22 73 il
1578 1913 79 77 sera
1709 1919 103 75 suivi
1846 1923 73 73 d'uun

419 1948 124 72 grand
598 1954 201 76 cortege,
829 1960 78 65 c'est
946 1968 64 58 une
1059 1974 182 62 occasion
1285 1975 38 60 de
1373 1978 166 74 depence
1593 1998 33 52 et
1669 2000 49 50 me
1768 1991 104 72 faire
1922 2002 27 51 le

419 2024 99 68 faut,
565 2025 21 54 il
633 2025 99 63 vient
799 2028 53 76 des
897 2040 211 63 personnes
1147 2037 34 58 de
1226 2041 231 67 conditions
1512 2049 27 60 de
1590 2047 132 78 touttes
1757 2068 100 60 parts
1903 2061 96 68 pour

428 2093 68 58 voir
559 2108 69 45 mon
702 2095 174 64 vaisseau
959 2112 102 62 ainsi
1117 2109 29 69 je
1196 2108 71 71 suis
1323 2111 18 68 le
1386 2119 218 68 plastron,
1645 2119 32 67 la
1734 2123 117 70 Rade
1893 2134 48 52 est

423 2171 38 66 un
515 2164 119 75 sejour
688 2173 206 71 ruineux,
920 2186 29 56 et
990 2174 29 76 je
1055 2186 34 59 ne
1125 2176 72 73 scai
1244 2197 197 60 comment
1498 2185 136 74 faire,
1687 2190 77 65 tout
1801 2190 87 61 rcele
1941 2204 39 47 un

420 2237 209 61 procurera
676 2244 43 49 un
785 2241 77 54 mal
912 2243 78 64 aise
1050 2245 30 55 si
1126 2248 21 56 le
1197 2252 201 59 ministre
1458 2263 50 61 n'y
1549 2265 100 63 entre
1696 2264 124 67 point,
1858 2266 33 66 je
1929 2273 33 52 ne

409 2295 95 73 crois
541 2314 68 55 pas
657 2302 32 71 la
747 2300 121 74 guerre
910 2301 33 60 de
984 2303 128 75 durée
1163 2311 65 66 par
1290 2308 313 76 l'humiliation
1649 2326 44 58 où
1735 2334 84 57 vout
1867 2339 63 47 etre

414 2370 50 58 les
508 2371 170 81 anglois,
716 2376 144 69 pourvu
917 2380 64 78 que
1029 2380 33 56 la
1117 2389 90 61 paix
1261 2397 90 60 nous
1406 2382 70 77 soit
1539 2391 195 77 gloieuse
1772 2393 31 75 je
1841 2388 100 73 serai

413 2447 158 62 contant
615 2453 22 44 et
681 2450 120 61 encore
839 2452 85 56 plus
971 2454 28 60 si
1037 2453 68 57 j'ai
1147 2454 164 61 quelque
1359 2457 119 55 action
1535 2470 119 51 avant
1698 2458 127 63 qu'elle
1861 2459 26 55 se

412 2507 197 61 temine,
673 2506 208 77 bonjouis
945 2507 81 58 mon
1084 2507 224 78 adorable,
1340 2522 27 63 je
1415 2522 86 57 vous
1543 2507 86 70 aime
1671 2526 27 46 et
1741 2526 85 49 vous
1858 2507 166 76 embrasse

419 2580 30 53 de
518 2578 111 59 toutte
698 2579 77 59 mon
848 2583 171 58 Ame.
