2124 2758
892 241 0 73 a
990 222 150 87 Brest
1215 224 43 80 le
1339 232 44 76 31
1457 239 93 68 may
1612 244 137 62 1756

1510 321 61 68 ben

1631 320 128 92 cottée
1827 312 0 92 O

430 482 31 82 je
524 497 100 67 vous
667 498 92 77 prie
815 496 97 73 Ma
967 503 85 82 tres
1090 502 129 87 Chere
1264 512 76 79 M.
1403 507 39 85 de
1498 526 82 75 dire
1643 539 15 64 à
1716 528 109 73 M^r
1898 534 36 65 de
1971 527 29 74 la

403 578 127 96 forest
583 584 33 77 la
677 595 95 94 part
825 614 64 84 que
934 609 43 91 je
1026 623 121 65 prend
1206 632 20 65 à
1276 642 35 67 la
1361 638 121 74 perle
1535 623 103 87 qu'il
1683 625 2 99 a
1737 632 96 97 fait
1894 648 33 70 de

406 668 113 64 M^de
598 693 36 55 sa
685 689 216 76 femime,
934 695 39 74 je
1019 705 92 67 scui
1164 705 110 79 qu'il
1332 715 220 78 l'aimoit
1611 743 106 61 avec
1762 747 112 68 juste
1907 764 123 62 raison

411 752 142 89 assurés
602 762 27 64 le
697 777 34 60 de
798 782 72 55 mon
944 781 174 77 amitié
1164 784 32 72 et
1247 788 31 69 de
1329 795 88 71 tout
1482 806 74 70 mon
1619 808 290 94 ressouvenir

414 856 121 89 jecris
588 862 185 91 quelque
806 862 80 73 fois
947 880 23 59 à
1024 875 83 70 M^r
1161 879 174 101 gossens,
1364 909 39 61 je
1449 909 94 86 suis
1595 905 103 90 bien
1743 928 81 80 aise
1861 932 103 79 qu'il
1988 939 62 78 vous

417 946 138 50 voise,
593 937 82 85 c'est
716 965 37 50 un
807 951 175 85 parfait
1040 967 168 73 honeste
1273 997 207 72 homme,
1510 1011 78 64 que
1629 997 191 82 j'estime
1864 1027 30 51 et
1932 1019 59 72 qui

398 1012 40 59 est
485 1011 247 100 obligeant,
758 1024 129 88 faites
936 1034 71 66 lui
1071 1050 77 69 mes
1193 1053 307 97 compliments
1555 1072 135 80 quand
1738 1082 104 78 vous
1901 1101 42 49 le

402 1105 165 67 voires.

410 1167 28 80 je
479 1179 91 63 vous
612 1182 34 56 ai
708 1169 170 91 mandés
929 1176 67 89 que
1034 1186 39 82 je
1131 1208 46 50 me
1227 1186 90 100 suis
1373 1190 97 100 fait
1526 1222 204 67 arracher
1792 1219 120 77 deux
1952 1225 96 88 dents

410 1247 82 77 petit
541 1249 19 84 à
598 1251 98 83 petit
745 1264 37 68 je
831 1272 53 61 me
933 1264 145 84 deffois
1120 1269 32 68 de
1204 1297 72 51 mes
1329 1282 219 84 meubles,
1592 1305 102 59 mais
1751 1316 73 54 que
1892 1297 126 77 faire

409 1325 25 73 il
478 1330 107 78 vaut
641 1336 153 76 mieux
856 1352 37 64 ne
949 1349 119 75 point
1123 1348 205 84 souffrir,
1385 1367 31 53 je
1472 1374 170 62 mange
1697 1389 56 65 un
1809 1389 93 68 peû
1937 1386 98 67 plus

403 1406 290 78 Lentement,
724 1420 100 66 quoy
861 1422 198 75 qu'avec
1115 1448 48 59 un
1220 1452 147 85 grand
1421 1456 193 89 appetit,
1659 1464 118 79 ainsi
1835 1477 40 78 je
1927 1458 79 88 suis

419 1492 61 66 vos
533 1497 182 75 conseils
780 1521 50 51 au
891 1525 204 58 mieux.

417 1568 27 74 je
491 1562 212 88 remercie
761 1569 28 79 la
847 1573 120 89 chere
1013 1577 108 88 sœur
1179 1583 34 76 de
1272 1587 217 95 L'amitié
1541 1622 163 68 qu'elle
1751 1627 106 60 veut
1904 1621 100 77 bien

420 1655 51 56 me
530 1659 261 71 conserver,
829 1670 67 52 elle
939 1684 37 40 ne
1014 1674 78 68 doit
1144 1687 83 52 pas
1275 1683 132 72 douter
1463 1686 32 72 de
1553 1709 82 52 mon
1689 1704 141 63 tendre
1889 1721 1 47 –

419 1731 293 76 attachement
755 1738 32 70 et
845 1741 37 68 de
950 1763 78 46 mon
1091 1755 192 59 amitié,
1326 1767 36 62 je
1411 1773 92 59 fais
1562 1773 72 61 mes
1682 1776 197 67 amiliées
1928 1797 16 41 à
1978 1798 56 50 mes

409 1805 160 80 nieces,
607 1805 79 78 j'ai
718 1806 95 74 écris
869 1816 20 61 à
927 1815 90 70 celle
1067 1818 31 77 de
1149 1828 175 72 poissy,
1358 1840 72 58 elle
1473 1855 229 68 simagine
1747 1860 72 69 que
1859 1856 34 74 je
1940 1850 77 68 n'ai

413 1894 52 64 que
524 1885 74 71 cela
669 1887 18 75 à
735 1891 163 83 faire,
946 1896 264 86 j'embrasse
1268 1922 24 46 le
1339 1916 80 68 Ch^r
1496 1934 34 40 de
1590 1920 184 79 Vienne,
1811 1933 24 67 et
1872 1929 96 72 suis

416 1960 98 61 pour
575 1961 28 50 la
667 1966 68 62 vie
799 1960 67 74 son
925 1961 210 83 serviteur
1172 1975 29 73 et
1249 1972 62 78 son
1369 1975 128 80 ami.

419 2010 78 75 M^r
550 2023 36 61 de
656 2021 139 78 siville
851 2046 93 58 n'est
994 2039 122 72 point
1160 2063 133 59 encore
1350 2053 180 76 arrivé,
1564 2054 31 76 je
1641 2056 26 84 le
1700 2058 344 92 reccommenderas

406 2099 162 67 etrous
604 2109 34 54 en
684 2106 109 59 dirai
844 2115 173 76 quelque
1051 2119 110 78 chose
1211 2129 131 74 quand
1377 2132 29 72 je
1457 2137 178 75 l'aurai
1666 2142 81 63 vû,
1799 2160 76 58 mes
1905 2160 130 66 respecs

596 320 90 71 Patal

593 380 92 52 Deenarre

414 2251 73 55 aca
544 2250 144 59 dames
726 2262 25 59 et
802 2258 199 69 parentes
1042 2262 36 56 de
1124 2263 59 64 nos
1225 2271 165 63 amies,
1426 2284 26 47 et
1494 2283 289 67 compliments
1839 2281 16 56 à
1892 2287 78 68 tous

408 2333 70 48 ceux
530 2322 66 73 qui
637 2321 18 75 se
711 2322 285 71 senviennent
1043 2333 35 62 de
1123 2352 114 62 moy,
1271 2357 73 59 que
1379 2350 98 59 vous
1518 2352 252 78 connoissés.
1822 2371 81 45 nus

412 2397 192 83 sommes
651 2398 151 85 desaits
859 2410 43 55 du
957 2405 89 74 Duc
1102 2411 286 88 Daiquillon,
1416 2423 24 71 il
1497 2430 1 55 a
1544 2421 41 73 du
1648 2440 204 57 sennoyer
1904 2434 12 68 à

412 2477 194 76 buexant,
634 2482 62 68 de
754 2503 26 52 il
833 2504 2 52 a
881 2493 74 80 etés
989 2489 122 80 forcé
1157 2492 32 67 de
1247 2510 115 72 rester
1409 2503 230 84 plusieurs
1686 2509 115 80 jours
1848 2514 79 70 par

419 2555 21 71 le
491 2562 215 70 mauvais
769 2566 134 65 tems,
967 2574 120 73 s'etoit
1135 2584 93 63 assez
1272 2587 123 68 ivusil
1440 2600 1 55 a
1496 2603 128 53 voir.
