2152 2744
884 186 24 59 à
983 178 153 67 Brest
1210 189 25 56 le
1309 191 34 59 11
1403 181 94 65 juin
1561 181 113 71 1756

1391 272 94 85 81^e
1513 256 114 97 Piece
1672 248 139 99 cottée
1879 251 88 85 O.

472 411 29 82 je
554 427 87 59 vous
699 416 106 71 dirai
874 429 59 57 ma
984 422 71 70 tres
1101 422 111 74 chere
1258 430 24 63 et
1338 426 135 71 bonne
1524 442 158 74 amie,
1716 454 71 64 que
1844 454 30 58 je
1937 454 48 55 me

464 505 101 58 porte
625 504 367 78 parfaitement,
1018 515 29 56 et
1084 523 96 56 avec
1228 535 46 47 un
1328 529 74 69 tres
1450 525 129 70 grand
1627 530 200 81 appetit,
1871 533 150 75 j'attend

467 582 51 67 les
567 584 266 83 Evenements
887 595 63 77 qui
998 612 179 58 peuvent
1230 617 168 55 arriver
1451 612 97 64 avec
1601 615 217 82 beaucoup
1871 628 31 72 de
1926 631 157 70 patience

463 663 71 77 s'ils
590 684 42 65 me
677 670 82 81 sont
817 672 210 70 heureux,
1054 680 48 77 ils
1147 686 222 71 passeront
1425 699 78 67 mon
1565 700 170 81 attente,
1767 701 72 83 j'ai
1877 703 89 82 fais
2005 724 48 55 au

484 743 183 71 ministre
722 747 52 66 les
828 751 385 85 representations
1268 762 196 92 honesses
1512 785 78 73 que
1631 783 41 72 je
1706 782 161 85 croyois
1927 783 127 76 devoir

468 821 103 82 faire
614 829 93 76 pour
779 830 26 67 la
858 834 93 68 vice
994 844 252 63 amirauté,
1290 846 92 71 sans
1426 859 70 65 rien
1545 856 81 76 dire
1680 874 70 67 que
1800 865 228 85 d'obligent

470 917 86 60 pour
617 913 71 61 M^r
750 911 28 62 de
830 919 338 74 Mainemara,
1208 935 97 54 ainsi
1370 928 54 65 les
1464 931 130 73 choses
1630 936 101 73 iront
1777 943 143 66 comme
1957 948 91 66 elles

467 987 223 81 pourront.
754 989 24 82 le
831 993 142 78 publie
1035 1004 43 62 me
1123 997 126 74 desire
1300 1007 43 70 du
1417 1008 137 77 bien,
1581 1028 32 61 et
1646 1025 37 70 je
1734 1013 96 83 suis
1881 1023 101 79 assez

461 1074 169 67 heureux
687 1079 114 62 d'étre
856 1086 140 64 aimé,
1051 1087 177 71 comme
1272 1106 94 54 vous
1416 1108 38 50 ne
1508 1111 54 66 me
1605 1106 157 75 parlés
1812 1117 119 66 point
1981 1113 89 64 dans

454 1157 100 62 vôtre
598 1161 189 67 derniere
835 1168 46 78 du
957 1175 2 67 7
1007 1170 40 63 du
1106 1174 185 67 courant
1345 1177 29 68 de
1422 1180 35 80 la
1504 1186 247 82 pententste,
1782 1199 68 70 j'ai
1899 1192 89 66 lieu
2021 1195 28 66 de

454 1247 124 80 croire
631 1255 75 75 que
759 1242 20 63 le
838 1244 75 64 Roi
978 1267 38 70 n'a
1068 1263 125 78 point
1250 1258 89 88 fais
1391 1263 39 85 de
1476 1272 301 89 promotion,
1817 1275 67 90 c'est
1921 1281 121 82 partie

461 1324 177 73 remise,
665 1327 30 69 il
739 1346 35 64 ne
830 1330 121 82 fagit
1000 1347 76 65 que
1125 1340 37 56 de
1216 1345 110 63 vivre
1380 1344 228 82 longtems
1664 1372 98 54 pour
1818 1360 216 69 attendre.

463 1400 194 79 beaucoup
713 1405 29 63 de
797 1414 92 63 gens
917 1433 62 45 icy
1029 1425 65 64 qui
1137 1413 190 80 n'aiment
1374 1441 110 55 point
1534 1426 75 65 M^r
1653 1425 36 65 de
1739 1444 262 57 Mainemara

468 1488 180 73 assurent
700 1489 106 72 qu'on
853 1503 48 46 est
943 1490 233 77 indisposés
1232 1505 12 60 à
1284 1497 29 64 la
1364 1503 91 52 cour
1501 1499 133 72 coutre
1686 1506 58 58 lui
1817 1515 27 58 je
1891 1506 69 71 n'en
1997 1508 73 63 crois

456 1567 122 59 rien,
619 1568 71 55 c'est
740 1584 41 46 un
837 1572 162 71 homme
1055 1588 66 57 qui
1177 1574 96 72 scact
1329 1577 30 60 de
1405 1579 223 65 retourner
1699 1596 11 44 à
1760 1596 122 54 moins
1933 1585 106 70 qu'en

455 1644 167 72 qualité
671 1638 249 69 d'etranger
974 1640 38 64 on
1060 1660 28 42 ne
1131 1641 152 80 veuille
1319 1652 77 67 pas
1443 1644 72 70 lui
1557 1647 147 77 donner
1758 1650 27 73 la
1817 1661 87 61 vire
1931 1660 161 65 amiraitte

458 1706 87 74 qu'on
594 1702 50 69 dit
687 1704 62 68 être
805 1709 155 72 charge
1010 1707 37 62 de
1090 1708 32 61 la
1177 1711 237 86 couronne,
1449 1734 45 49 au
1567 1724 176 74 surplus
1784 1725 33 70 je
1865 1740 32 53 ne
1933 1721 101 71 crois

454 1798 72 65 pus
568 1777 96 87 qu'il
714 1778 52 59 ait
815 1780 231 71 denterité.
1119 1784 142 89 songés
1304 1788 33 81 je
1380 1800 97 54 vous
1525 1802 91 73 prie
1651 1815 72 62 que
1754 1808 115 62 vôtre
1912 1803 153 66 amitié

450 1870 26 51 et
515 1870 61 50 vos
625 1858 251 70 seniments
916 1870 106 64 pour
1075 1863 107 76 moy,
1225 1867 98 73 font
1371 1872 27 66 le
1451 1875 201 67 bonheur
1696 1878 37 71 de
1786 1899 56 53 ma
1891 1892 81 56 vie,
1996 1891 26 58 et

457 1951 61 55 que
567 1934 126 73 quand
741 1935 154 73 j'aurai
939 1943 176 71 rempli
1174 1957 51 49 ma
1294 1946 160 76 mission
1514 1958 111 54 aussi
1667 1952 269 74 dignment
1984 1974 56 57 que

454 2020 23 64 je
524 2007 24 74 le
600 2007 153 83 desire,
783 2027 29 53 et
859 2010 123 77 d'eme
1029 2012 125 81 façon
1210 2022 61 72 qui
1311 2018 94 72 vous
1451 2023 142 71 puisse
1634 2022 72 66 étre
1764 2021 241 81 agréable,
2021 2024 31 78 je

454 2097 94 58 vous
591 2080 203 69 revoirai
838 2080 104 65 alors
991 2087 89 62 avec
1134 2083 203 79 d'autant
1374 2088 95 74 plus
1511 2086 35 78 de
1582 2087 198 72 plaisir,
1824 2103 71 64 que
1934 2111 32 58 je
1994 2094 66 70 scai

456 2170 53 64 que
551 2171 100 53 vous
686 2172 35 62 en
780 2152 100 85 serés
927 2152 142 82 flattée
1151 2154 94 73 dites
1298 2164 12 63 à
1363 2161 23 70 la
1433 2157 112 70 chere
1598 2161 94 73 sœur
1745 2176 71 62 que
1863 2179 24 61 je
1934 2158 129 74 l'aime

759 296 13 82 e

445 2240 277 66 tendrement,
773 2242 23 60 je
842 2248 88 49 vous
980 2244 37 53 ai
1072 2237 148 61 touttes
1261 2237 88 63 deux
1404 2240 97 60 dans
1566 2251 50 52 ma
1662 2236 130 68 peniée
1832 2236 245 63 continuellan

455 2318 22 54 et
533 2313 33 66 ne
610 2312 155 75 respere
815 2317 61 67 que
926 2310 99 74 pour
1070 2306 105 69 vôtre
1230 2304 188 71 bonheur
1468 2307 233 75 commins.
1750 2301 316 81 j'embrassemes

453 2390 132 68 nieces,
616 2396 30 54 et
692 2387 25 55 le
773 2385 76 57 Chr
900 2385 30 67 de
986 2385 178 64 vienne,
1209 2391 77 69 mes
1326 2400 178 60 respects
1554 2397 72 45 aux
1681 2389 153 71 Dames
1869 2388 178 72 pareutes

452 2473 28 51 et
524 2469 131 62 anires
699 2472 32 49 et
786 2461 295 73 compliments
1136 2464 60 67 aux
1262 2458 213 78 hommes,
1519 2457 71 78 bon
1645 2462 87 73 jour
1782 2460 82 63 M.
1907 2457 126 71 aimes

453 2553 61 58 car
568 2535 23 78 le
656 2543 45 72 g.
750 2543 1 65 L
860 2536 106 66 vous
1020 2535 171 70 adore.
