2125 2767
672 245 1 55 e

578 295 73 57 praccn

665 346 3 27 /

729 317 3 48 n

896 222 168 80 Brest
1132 235 28 72 ce
1242 238 48 78 17
1358 249 89 66 may
1515 235 124 80 1756

1423 310 111 89 72^e
1580 316 102 79 Piece
1722 295 116 77 cottée
1885 285 78 74 O.

437 448 98 79 apres
584 436 56 84 des
683 435 181 81 plaintes
903 438 151 96 portées
1112 470 20 65 à
1186 445 32 91 la
1266 452 87 86 Cour
1414 451 32 85 le
1488 455 148 83 demier
1679 459 204 82 ordinaire

420 525 23 68 il
501 526 66 67 s'est
626 529 131 72 platre
831 553 44 49 un
929 547 129 62 espece
1113 539 32 71 de
1194 539 405 75 raccommodement
1664 561 81 50 avec
1799 542 88 68 M^r
1924 542 28 66 Le

415 602 71 65 Duc
543 604 275 89 Daiguillon,
870 611 70 66 M^r
998 611 205 93 Duguay,
1240 619 80 72 M^r
1368 619 270 80 L'intendant
1694 632 65 64 M^r
1790 631 27 82 de
1848 630 142 86 foligny

507 662 132 46 au8
693 658 20 45 an

418 679 27 67 et
489 687 211 63 quelsques
738 692 124 56 autres
927 692 181 68 marains
1143 700 34 61 en
1224 697 100 64 petit
1359 701 61 65 nom
1478 699 56 63 bre
1581 700 180 67 dineient
1808 715 93 55 chez

413 736 3 49 .

420 744 79 70 M^r
554 744 30 72 de
645 756 226 83 Gonidee,
898 760 52 77 oû
995 760 34 84 le
1081 767 99 71 Duc
1233 768 51 68 les
1324 780 105 80 avoit
1475 779 76 85 fait
1590 786 142 84 prier,
1767 798 109 72 parce
1913 809 79 57 qu'il

410 821 132 87 fallirt
605 834 235 86 s'intendre
896 853 100 73 pour
1058 847 30 92 la
1141 856 147 84 sureté
1330 858 36 74 de
1408 862 30 73 la
1479 862 105 94 Cote,
1602 883 27 75 et
1680 885 85 71 qu'il
1809 875 118 76 disoit

418 903 64 96 etre
536 907 127 92 faché
703 913 37 79 de
779 932 23 69 ce
835 922 66 82 qui
952 919 130 97 s'etoit
1119 925 142 92 passé,
1286 933 37 77 en
1369 933 225 83 attendant
1640 961 31 67 il
1710 962 14 72 à
1773 950 83 83 fait
1912 955 97 84 faire

428 994 67 55 tout
544 996 24 53 ce
617 987 91 62 qu'il
762 993 149 83 desiroit
950 1014 88 62 avec
1090 1014 70 65 une
1205 1007 198 76 hauteure
1455 1015 210 87 dépluiee,
1705 1030 85 71 pour
1876 1031 73 80 moy

429 1051 106 80 passé
591 1065 43 72 ma
684 1068 200 71 premiere
928 1071 230 85 civilités,
1195 1086 61 67 j'ai
1293 1083 138 79 l'aissé
1467 1089 63 79 les
1566 1092 124 81 choses
1729 1104 60 71 la,
1822 1120 19 45 et
1892 1122 30 45 ne

415 1126 73 75 l'ai
531 1132 99 71 point
673 1135 78 66 vû,
788 1148 177 57 nayant
1017 1152 195 66 aucunne
1257 1155 169 72 relation
1477 1160 89 70 pour
1614 1162 29 73 le
1702 1165 144 76 service
1893 1188 84 57 avec

418 1196 87 75 lui,
542 1200 88 81 ainsi
679 1208 25 78 je
753 1202 26 71 ne
828 1204 63 69 lui
933 1208 195 95 donnerai
1174 1234 115 70 point
1336 1225 16 66 à
1380 1231 140 75 dinér,
1547 1237 22 68 il
1621 1259 119 69 mange
1777 1247 238 90 aujourdhuy

426 1281 74 64 chez
550 1286 62 54 M^r
668 1284 168 84 Duguay
873 1293 31 53 et
947 1291 151 59 demain
1150 1297 92 64 chez
1293 1302 282 89 l'intendant,
1610 1335 107 60 apres
1759 1339 95 59 quoy
1902 1343 39 52 on

424 1357 120 73 espere
594 1360 101 71 qu'il
755 1364 62 54 s'en
859 1368 58 55 ira
1005 1385 27 50 le
1075 1391 112 63 corps
1219 1388 54 64 est
1304 1388 78 69 fort
1440 1395 261 71 mécontant,
1725 1421 26 49 et
1796 1415 26 53 il
1887 1430 50 45 m'a

425 1438 78 71 pain
571 1443 102 66 qu'on
732 1442 92 61 étoit
877 1454 173 60 cntant
1106 1458 32 57 de
1189 1457 27 58 la
1267 1459 188 82 conduite
1504 1487 68 57 que
1608 1478 71 67 j'ai
1715 1494 128 53 tenu,
1872 1498 29 49 il
1940 1499 34 48 me

428 1506 133 73 semble
613 1509 149 74 qu'étant
822 1534 16 45 à
885 1523 96 69 terre
1040 1531 100 67 pour
1210 1546 47 50 ma
1318 1546 299 67 convalescence
1654 1571 26 46 et
1717 1562 254 71 inommode

424 1591 24 55 et
488 1589 30 65 ne
562 1592 218 66 nigageant
838 1592 87 64 chez
976 1607 190 57 personne
1217 1608 138 75 depuis
1396 1616 96 72 deux
1553 1624 107 62 mois,
1687 1635 22 65 il
1746 1636 159 64 pouvoit
1950 1653 25 39 et

420 1656 130 59 devoit
600 1671 52 52 me
703 1663 109 62 venir
862 1676 115 54 voir,
1026 1674 172 77 l'ayant
1231 1684 90 71 fait
1359 1689 163 71 avertir
1569 1693 41 71 de
1667 1718 79 52 mon
1812 1718 134 55 état;

431 1725 26 73 je
507 1721 72 79 suis
629 1725 66 71 tres
752 1731 205 84 tranquis
1017 1742 56 75 sur
1117 1747 107 62 cela,
1251 1762 25 49 et
1315 1768 77 55 rien
1442 1766 90 75 n'est
1586 1776 96 67 plus
1727 1774 89 73 libre
1872 1792 72 63 que
1977 1785 31 55 de

426 1797 26 69 se
484 1798 74 63 voir
610 1801 50 77 où
699 1803 28 69 de
778 1821 39 53 ne
862 1809 23 73 se
925 1826 118 60 point
1078 1829 118 47 voir,
1247 1823 165 77 surtont
1467 1833 130 70 quand
1653 1835 28 63 la
1725 1845 192 68 vanrtere

428 1860 200 64 conduit.

439 1918 90 80 j'ai
577 1925 48 66 eû
667 1943 60 43 une
787 1923 168 71 fluction
1015 1927 139 83 causée
1200 1928 68 84 par
1326 1941 38 63 ma
1417 1935 90 81 dant
1560 1934 56 82 sur
1675 1937 25 69 la
1746 1948 134 65 qu'elle
1927 1950 31 57 je

440 2018 156 42 mange,
635 2006 65 51 elle
752 2011 48 60 est
839 2007 126 64 parce
1012 2015 27 54 et
1089 2015 33 54 je
1173 2025 26 40 ne
1250 2015 102 64 crois
1389 2022 67 55 pas
1497 2028 170 53 pouvoir
1709 2039 36 47 la
1813 2037 140 47 garder

428 2072 61 61 j'ai
527 2056 101 80 aussi
681 2055 81 83 fait
815 2061 187 60 arracher
1058 2076 78 58 mon
1186 2075 107 63 autre
1343 2076 118 75 grosse
1506 2073 101 85 dant
1651 2098 60 61 qui
1750 2079 224 79 trambtoit,

433 2136 70 65 tout
545 2139 64 66 cela
663 2140 43 58 est
759 2135 155 62 facheux
972 2139 92 64 pour
1132 2143 103 73 moy,
1287 2142 92 74 mais
1425 2152 29 61 je
1500 2150 54 69 n'y
1601 2164 97 51 puis
1745 2165 140 54 aucun

480 2247 0 12 u
800 2244 40 37 pa
1211 2244 0 14 d
1323 2244 95 24 evas
1480 2247 121 31 sitrs
1647 2247 34 36 an
1720 2247 121 37 force
1878 2247 137 33 dormal

450 2268 54 68 m'a
539 2264 132 68 obligé
706 2256 30 86 de
790 2258 125 86 garder
973 2260 32 68 la
1063 2265 240 84 chambre;
1348 2266 26 81 il
1426 2268 85 87 fait
1569 2268 96 83 beau
1717 2284 276 76 aujourdhuy

437 2351 22 61 et
509 2351 23 62 je
580 2343 151 68 compte
792 2343 45 65 me
881 2341 262 71 promenir,
1191 2342 35 73 je
1264 2345 95 70 crois
1401 2356 68 68 que
1524 2345 112 82 dans
1679 2354 179 73 quelque
1901 2353 84 73 tems

436 2425 31 67 on
510 2426 129 70 pourra
688 2419 49 71 me
780 2410 99 89 faire
934 2410 129 83 sortir,
1106 2410 160 88 lorsque
1309 2423 24 76 je
1389 2414 153 84 pourai
1592 2411 110 62 avoir
1764 2411 55 81 des
1862 2415 169 86 fregattre

432 2499 56 66 qui
521 2482 68 83 sont
634 2483 168 82 bloquées
858 2484 89 58 dans
1003 2486 28 70 la
1093 2485 157 65 riviere
1300 2488 39 64 de
1401 2487 185 80 morlais,
1625 2489 28 78 je
1692 2484 62 78 dos
1799 2486 118 67 écrire
