2138 2763
734 260 0 37 L

661 284 95 48 (IE
774 289 23 46 FI

659 318 69 54 muror

859 244 163 60 Brest
1081 244 40 58 ce
1195 247 39 67 19
1298 253 114 60 may
1471 248 119 67 1756

743 336 17 68 98
775 341 26 65 5^e
822 350 24 52 e9

1352 376 1 52 1

1522 342 110 55 Piece
1673 308 140 88 cottée
1872 309 80 82 O.

1561 383 0 46 /

419 435 75 89 j'ai
538 447 128 83 reçu,
710 454 55 74 ma
809 451 83 76 tres
934 449 118 79 chere
1093 461 32 72 et
1179 458 104 88 bien
1332 492 174 62 aimée,
1537 499 81 55 M.
1676 502 120 56 vôtre
1861 485 127 71 lettre

1519 460 0 45 L

423 523 47 65 du
524 539 39 74 15
633 544 32 78 je
713 529 84 95 suis
830 531 229 84 enchanté
1098 542 42 81 de
1200 546 34 83 la
1287 549 126 85 bonne
1468 584 119 77 vente
1657 577 32 88 de
1744 595 67 69 nos
1860 585 126 84 sucres

421 610 73 68 M^r
537 607 148 77 Charet
747 624 95 60 m'en
892 621 107 68 vient
1043 625 177 78 d'ecrire;
1266 656 38 65 je
1350 666 49 70 me
1436 653 85 86 sais
1558 673 217 79 emplogé
1814 685 113 70 pour
1965 673 56 89 luy

407 690 96 87 faire
545 693 136 90 fretter
731 699 30 73 la
818 706 187 87 Comtesse
1043 712 35 74 de
1115 727 195 96 Conflans
1344 751 78 72 par
1465 740 26 79 le
1523 750 117 86 Roy;
1683 757 63 86 s'il
1789 771 2 73 y
1829 773 2 67 a
1875 774 155 70 occation

418 773 106 84 qu'on
566 786 67 65 aye
675 782 124 67 besoin
862 785 15 67 à
926 788 227 96 Rochefort
1207 805 68 86 d'en
1328 814 141 90 fretter
1525 838 108 63 pour
1675 838 22 75 le
1752 839 170 75 Canada

409 849 81 72 M^r
546 848 154 74 Milain
754 853 299 100 Commissaire
1094 875 31 71 de
1172 895 149 78 Nantes
1367 894 84 94 luy
1484 921 19 70 à
1536 922 175 75 promis
1747 937 16 57 à
1806 940 55 55 ma

405 942 436 80 reccommandation)
867 956 33 86 de
936 971 205 79 proposer
1189 972 62 83 son
1307 987 185 85 navire,
1523 996 34 79 ce
1593 996 62 81 qui
1700 999 107 68 dans
1859 1021 1 48 –

402 1014 281 73 l'occurrance
743 1043 68 70 lui
850 1051 118 68 seroit
1016 1050 81 64 tres
1142 1068 338 79 avantageux,
1511 1073 35 79 le
1587 1083 237 81 commerce
1886 1093 27 71 de
1948 1116 53 55 nos

408 1087 99 84 Isles
558 1089 100 77 étant
707 1104 83 77 trop
846 1101 284 85 hazardeux.

407 1174 106 86 apres
568 1169 246 111 l'honeteté
844 1182 74 102 que
955 1185 150 91 j'avois
1143 1208 94 87 fais
1287 1202 116 102 faire
1448 1230 24 60 à
1525 1232 79 83 M^r
1650 1224 45 85 Le
1740 1236 71 72 Duc
1851 1236 194 97 Daiguille

403 1255 29 76 de
475 1258 105 71 venir
645 1263 106 72 diner
803 1292 18 37 à
874 1295 73 46 mon
994 1299 85 45 bord
1120 1298 30 51 et
1197 1288 30 69 de
1267 1291 54 78 l'y
1361 1298 194 78 conduire
1613 1308 78 77 moy
1739 1326 127 60 méme
1926 1341 0 39 –

398 1336 189 78 quoyque
631 1341 29 79 je
691 1343 80 75 tois
818 1357 130 58 encore
996 1355 263 89 indisposé,
1283 1365 30 77 il
1355 1371 86 80 n'est
1482 1378 113 75 point
1648 1389 108 66 venu
1821 1401 51 47 me
1910 1392 84 59 voir

400 1412 51 67 les
492 1406 143 82 choses
663 1415 40 79 en
762 1414 82 82 sont
890 1418 151 98 ressées
1086 1443 138 82 ainnsi,
1250 1440 24 87 il
1313 1440 47 75 est
1404 1451 71 84 trop
1527 1456 222 89 glorieux,
1767 1480 31 59 et
1840 1482 1 46 a
1889 1473 76 71 eté

394 1486 68 75 tres
520 1488 75 72 mal
642 1494 229 76 conseillé,
902 1507 24 69 il
985 1519 41 67 me
1074 1524 153 65 paroit
1273 1539 63 58 que
1383 1538 197 69 m'ayant
1616 1544 84 67 rien
1743 1541 13 70 à
1799 1546 189 75 demeler

390 1576 203 66 ensemble
643 1594 105 61 pour
797 1597 31 47 le
895 1591 197 86 service,
1128 1608 67 71 qui
1249 1607 142 80 s'etoit
1432 1631 15 60 à
1490 1638 105 57 celui
1645 1640 70 61 qui
1765 1631 24 74 le
1840 1642 150 66 portoit

393 1648 79 73 bien
536 1650 28 68 de
621 1667 40 52 me
713 1662 112 79 venir
862 1671 121 76 voir,
1018 1669 25 73 il
1097 1671 148 78 n'aura
1285 1677 85 82 pas
1417 1679 25 83 le
1489 1696 165 71 plaisir
1698 1697 28 76 de
1783 1718 86 57 voir
1934 1723 1 56 –

388 1725 233 97 L'Escadre,
647 1741 93 85 dont
781 1750 30 71 je
858 1740 86 72 luis
991 1747 73 73 tres
1104 1755 203 68 consolé,
1334 1755 102 87 voita
1489 1795 31 55 ce
1559 1797 72 62 que
1686 1791 64 71 lui
1784 1803 184 65 procure

388 1814 25 74 la
470 1807 78 83 sotte
599 1816 161 75 vanité
794 1818 30 68 et
875 1821 49 75 ses
963 1824 127 68 vains
1139 1831 149 92 titres,
1325 1864 63 60 qui
1438 1863 103 55 n'ont
1589 1863 85 76 rien
1720 1879 71 64 qui
1819 1867 166 78 doivent

391 1884 206 80 humitier
661 1888 24 69 la
749 1892 225 89 noblesse.
1002 1902 78 65 M^r
1125 1905 34 64 de
1202 1908 332 87 Beaufremont
1589 1937 38 78 ne
1664 1955 34 63 la
1742 1958 236 62 pointon.

395 1969 66 72 M^r
509 1959 24 84 le
569 1964 114 75 Comte
730 1966 189 93 Duqueja
981 1975 82 87 fait
1113 1990 46 78 un
1204 1984 189 86 platrage
1444 2007 38 66 de
1535 2021 456 77 raccommodemen,

390 2042 83 76 selon
533 2060 22 61 ce
599 2066 61 63 que
691 2063 30 47 cce
757 2056 90 61 Duc
894 2069 63 50 lui
997 2069 20 74 à
1062 2087 97 57 pour
1199 2078 96 64 ainsi
1336 2085 75 80 dire
1445 2102 210 75 prescrit,
1692 2110 101 64 pour
1846 2115 34 50 ne

396 2118 94 86 point
544 2119 142 84 alterer
726 2125 66 89 (à
820 2124 27 70 ce
875 2126 101 75 qu'il
1028 2136 52 74 dit
1163 2141 28 64 le
1236 2141 90 83 bien
1376 2155 41 85 du
1450 2159 175 89 service,
1660 2180 69 69 par
1764 2175 137 78 raport
1931 2174 50 61 aux

349 2210 182 72 etroupes
573 2191 94 92 qu'il
709 2197 73 84 doit
829 2199 158 89 fournir
1042 2228 21 59 à
1113 2237 33 48 la
1196 2213 131 96 coste,
1349 2216 29 91 et
1413 2247 124 71 parer
1587 2242 174 83 quelque
1799 2240 148 75 demeté

382 2270 28 61 de
451 2274 78 61 M^r
570 2274 28 63 le
658 2280 127 67 garde
827 2284 58 70 des
934 2288 133 76 sceaux
1133 2315 96 68 avec
1284 2303 77 84 M^r
1409 2301 291 99 D'argenton,
1729 2333 27 69 ce
1798 2314 90 85 qu'il
1936 2335 2 65 y

390 2349 1 64 a
449 2350 24 60 de
513 2358 94 56 vrai
647 2365 70 54 c'est
761 2370 67 69 que
873 2368 32 56 le
953 2369 119 86 corps
1110 2388 44 69 est
1192 2379 83 78 fort
1337 2383 153 86 faché,
1518 2401 31 70 et
1593 2400 66 75 que
1692 2398 31 78 je
1762 2397 78 72 suis
1885 2417 1 48 –

390 2429 307 97 generalement
740 2446 202 82 applandi
991 2453 30 77 de
1070 2451 30 82 la
1143 2454 201 101 conduite
1386 2475 63 84 que
1493 2472 68 87 j'ai
1612 2476 134 91 tenu,
1777 2482 167 73 j'aurois

381 2517 59 60 cou
500 2530 47 51 me
591 2526 213 75 manquer
839 2527 21 65 à
913 2531 83 64 moi
1042 2540 130 75 méme
1229 2544 34 79 si
1297 2550 145 75 javois
1491 2552 93 81 fais
1633 2559 233 71 autrement
