2091 2737
393 450 2 44 D

895 222 15 56 à
1010 199 160 83 Brest
1232 229 40 79 ce

831 397 90 54 FERI5

1417 224 100 84 juin
1582 232 117 60 1756

1415 326 100 91 80^.
1550 343 96 68 Piece
1693 326 116 81 cottée
1856 324 83 71 O.

414 453 83 114 Jai
550 453 97 115 écris
735 489 55 68 ma
862 469 127 91 Chere
1037 489 72 69 M.
1164 484 16 86 à
1244 478 87 80 M^r
1395 476 32 84 le
1490 481 135 89 garde
1681 484 64 79 des
1808 480 159 87 sceaux

414 576 104 73 pour
578 573 61 70 lui
689 573 222 75 demender
983 573 28 77 la
1077 575 133 78 place
1266 573 33 77 de
1371 573 83 75 Vice
1510 577 227 67 amiral,
1765 589 33 48 et
1854 575 66 73 lui
1965 584 27 59 ai

416 652 273 85 représentés
749 660 77 78 que
868 653 125 87 j'etois
1046 662 101 78 plus
1201 657 161 81 ancien
1433 657 65 76 que
1552 655 71 74 M^r
1665 656 30 74 de
1742 674 274 58 Manemra

406 735 30 79 de
477 737 106 78 plus
635 738 36 75 de
718 740 94 66 deux
871 743 70 67 ans
994 754 30 65 et
1076 750 59 72 que
1176 745 30 77 je
1270 746 171 72 l'avois
1493 748 276 75 commendés
1816 761 47 60 au
1904 771 89 50 mon

417 808 189 83 pendant
668 830 40 61 20
757 810 95 88 ans,
900 808 71 89 j'ai
1013 819 71 74 été
1152 815 83 87 bien
1296 818 77 86 aise
1428 818 33 86 de
1522 823 70 81 lui
1642 830 113 80 faire
1806 849 87 58 cette

411 895 296 90 observations
753 892 198 94 quoyque
1007 899 33 88 je
1090 902 71 81 sois
1221 900 70 89 tres
1338 936 227 63 persuadé
1606 930 104 66 qu'il
1764 914 248 95 l'emportera

1630 984 0 49 4

419 985 108 83 mais
562 983 27 75 il
637 995 45 74 est
736 990 239 89 cependant
1028 996 101 65 vrai
1182 1016 71 61 que
1301 1014 70 68 nos
1424 1016 189 87 serrices
1659 1017 107 88 sont
1809 1018 205 91 differeuts

403 1073 23 62 et
476 1065 96 76 qu'il
617 1066 33 68 ne
695 1067 136 77 devoit
885 1078 76 75 pas
1009 1078 132 71 passer
1189 1080 153 72 devant
1402 1106 98 57 moy
1543 1110 85 56 par
1666 1098 69 71 des
1773 1098 203 73 ricochets

410 1144 251 78 inatendus,
715 1154 284 74 aussurplus
1056 1159 34 65 la
1147 1164 109 71 mort
1302 1183 39 48 de
1388 1186 97 50 M^r
1532 1187 28 46 de
1607 1179 183 66 Cresnay
1853 1197 49 50 me

414 1234 109 59 m'est
570 1236 37 59 en
679 1222 138 67 bonne
882 1228 273 79 Esperance,
1195 1249 28 54 et
1273 1239 189 82 j'espere
1518 1267 80 52 que
1633 1270 100 54 vous
1774 1267 95 54 vous
1899 1260 116 65 voivés

407 1284 116 88 M^de
575 1287 30 87 la
667 1290 82 90 Vice
800 1300 227 91 amiral;
1081 1303 63 88 s'il
1189 1306 40 91 ne
1280 1330 197 64 m'arrive
1524 1343 129 61 point
1712 1329 32 69 de
1797 1336 196 68 malheur

411 1363 71 67 M^r
551 1366 315 96 D'armentieres
929 1379 149 86 scaura
1126 1387 29 74 ce
1203 1403 123 72 qu'en
1367 1415 130 63 penté
1538 1402 29 81 le
1628 1411 229 77 ministre.

401 1444 58 68 les
503 1451 126 78 choses
684 1453 87 80 sont
826 1462 201 76 tojours
1074 1466 106 75 dans
1228 1473 32 74 le
1313 1489 122 69 même
1496 1497 97 61 Etat
1654 1503 104 66 pour
1836 1518 75 53 mon

406 1522 207 78 Escadre,
647 1545 28 65 et
730 1537 31 75 je
807 1541 116 73 pense
976 1551 114 62 qu'on
1149 1569 37 61 ne
1222 1554 99 75 fera
1373 1565 87 60 rien
1519 1583 75 56 que
1649 1570 208 81 l'affairre
1901 1579 40 70 du

420 1611 87 64 port
555 1605 151 69 mahon
781 1622 40 66 ne
868 1612 73 78 soit
1008 1617 224 78 terminée

1370 1648 40 76 je
1473 1667 46 59 me
1565 1657 105 71 porte
1723 1664 56 60 au
1826 1665 126 72 mieux

408 1689 32 64 et
478 1690 32 65 ai
564 1684 65 69 bon
688 1692 234 81 appetit,
980 1704 34 72 je
1077 1716 51 48 me
1190 1716 273 68 ménagerai
1497 1724 181 67 (comme
1725 1740 105 60 vous
1887 1753 45 60 me
1968 1745 24 67 la

411 1771 354 64 reccomnendes,
793 1792 73 46 car
918 1783 29 63 il
1003 1789 101 70 faut
1149 1792 116 61 vivre
1328 1803 234 77 Longtams
1609 1818 110 68 pour
1765 1813 224 77 parvenir.

415 1844 91 66 sans
555 1842 119 63 doute
718 1848 30 58 il
813 1851 59 63 n'a
919 1866 70 66 eté
1037 1857 87 71 rien
1176 1862 93 76 fait
1339 1886 14 54 à
1412 1871 32 76 la
1497 1891 248 68 penteoste,
1778 1890 24 71 il
1845 1883 113 80 seroit

408 1928 200 63 pourtant
674 1920 83 81 bien
813 1931 105 68 juste
972 1932 63 76 que
1077 1936 36 74 je
1155 1938 63 70 pû
1271 1952 47 52 me
1365 1940 113 64 sentir
1532 1943 57 67 des
1642 1949 152 73 bontées
1831 1962 35 51 du
1897 1961 80 72 Roy

408 1995 84 68 sons
546 1996 193 61 attendre
798 2001 66 62 des
921 2008 284 72 Evenements
1263 2019 243 68 critiques.
1579 2029 26 61 je
1654 2024 75 69 suis
1787 2025 189 70 bienaise

421 2080 63 59 que
536 2089 99 45 vous
692 2093 256 58 aprouviés
1019 2105 60 50 ma
1144 2088 205 73 conduite
1405 2108 100 54 avec
1546 2099 79 60 M^r
1665 2095 38 70 Le
1744 2097 84 60 Duc
1885 2118 0 42 –

409 2149 335 80 d'anguillon,
789 2156 75 73 j'ai
902 2165 57 49 cru
1022 2162 120 55 avoir
1191 2172 161 65 rempli
1389 2180 24 52 ce
1464 2186 68 45 que
1582 2170 36 71 la
1668 2171 205 76 politesse
1923 2219 0 0 –

407 2230 164 68 exigoit
618 2233 32 58 de
713 2246 116 51 moy,
876 2240 112 49 mais
1034 2244 27 45 il
1108 2246 53 49 est
1217 2239 180 73 toujoours
1445 2246 296 68 désagréable
1781 2248 144 71 quand

406 2305 52 76 les
505 2307 139 73 choses
690 2320 35 69 ne
782 2319 26 71 sa
852 2312 164 81 passent
1055 2318 83 76 pas
1195 2317 319 84 honstement,
1560 2340 30 63 je
1636 2341 29 49 ne
1711 2343 53 54 me
1809 2330 146 67 modele

399 2391 64 80 sur
504 2396 194 76 personne
751 2403 101 75 pour
892 2405 30 53 ce
974 2412 77 70 que
1090 2407 37 70 je
1184 2422 42 52 me
1260 2408 85 72 dois
1390 2411 13 64 à
1454 2424 77 66 moy
1583 2418 160 74 meme,
1778 2421 29 65 je
1848 2426 89 54 vais

424 2493 70 61 mon
563 2478 135 67 trein,
722 2490 33 66 et
798 2481 97 90 suis
931 2502 27 67 ce
1001 2494 71 78 que
1109 2489 27 81 je
1166 2487 103 90 crois
1305 2504 71 73 que
1427 2511 70 51 mon
1547 2491 185 79 honneur
1782 2501 146 80 exige.
