2119 2743
695 292 18 57 RE

704 405 0 0 1

624 345 70 51 brARCI

780 362 58 47 Ménl

672 400 114 72 LCIIES

934 204 23 63 à
1050 185 138 81 Brest
1240 207 35 58 ce
1332 204 35 56 12
1442 208 92 56 may
1574 190 110 71 1756

1059 298 93 73 70^e
1194 297 107 69 Piece
1366 274 130 90 cottée
1569 272 112 69 O.

471 446 69 79 j'ai
591 465 92 60 reçu
752 450 103 73 Ma
907 443 120 78 chere
1090 453 86 64 M.
1211 458 74 70 vos
1337 444 149 84 Lettres
1538 444 46 78 du
1635 461 0 59 5
1693 460 28 64 et
1767 452 35 75 du
1853 463 0 60 9

473 563 110 54 méme
655 547 96 70 tems
824 549 28 68 la
905 548 212 70 premiere
1165 554 130 49 avoit
1357 551 106 64 sans
1506 550 135 68 doutte
1689 555 125 66 retard

456 637 98 68 poste
627 620 134 88 quand
834 620 225 89 l'affairie
1114 625 43 72 du
1218 625 97 79 Port
1388 630 140 83 mahon
1589 627 79 82 sera
1729 653 0 52 s

461 732 96 59 vous
621 734 38 60 me
704 714 122 90 ferés
865 717 160 83 plaisir
1089 719 33 67 de
1179 720 90 92 m'en
1319 722 104 90 faire
1473 737 53 77 un
1569 737 98 78 petit
1723 728 66 80 des

469 826 46 63 ma
574 812 116 79 santé
725 816 47 67 est
812 818 169 70 bonne,
1010 827 23 54 il
1085 826 47 56 me
1196 837 175 72 manque
1427 849 43 65 un
1514 848 90 66 peû
1648 842 37 75 de
1729 861 143 57 prome

464 915 103 42 mais
600 906 79 63 cela
732 922 43 44 va
829 918 158 56 venir,
1022 928 88 56 vous
1154 929 103 56 vous
1301 918 129 80 loüés
1489 925 63 73 des
1595 931 138 71 beaux
1787 950 114 63 toms

449 991 65 58 ont
560 994 88 77 etés
698 995 89 79 fort
831 1000 101 68 durs
982 1018 101 69 icy.
1149 1012 38 75 je
1231 1018 205 73 voudrois
1491 1044 67 46 que
1602 1028 57 77 les
1718 1040 35 62 30
1805 1044 140 67 vaiss^x

448 1089 94 60 dont
588 1095 100 59 vous
741 1103 44 68 me
826 1094 142 78 parlés
1026 1098 143 90 fussent
1202 1110 211 80 effectifs,
1446 1118 77 70 cela
1567 1124 167 86 vicndra
1787 1141 99 72 peut
1908 1135 69 76 étre

446 1173 103 69 dans
592 1184 28 60 la
684 1184 160 63 suitte,
881 1201 104 62 mais
1017 1200 34 66 je
1094 1200 104 75 crois
1235 1213 69 62 que
1352 1220 84 53 mon
1489 1214 170 82 Escadre
1707 1224 68 72 sera
1824 1238 220 70 auguantée

452 1271 91 64 lion
593 1290 2 49 a
650 1279 148 77 bonne
848 1289 169 75 opinion
1078 1295 38 66 de
1172 1316 120 48 moy,
1328 1303 242 68 j'aicencore
1618 1327 67 67 une
1719 1328 94 70 plus
1860 1324 151 78 grande

441 1360 139 68 Enoie
631 1362 34 71 de
723 1382 45 52 me
815 1371 294 84 distinguer,
1140 1392 29 57 et
1215 1386 29 76 de
1301 1388 117 78 faire
1470 1400 197 72 quelque
1702 1404 110 77 chose
1853 1411 35 69 de

453 1449 146 73 notable
645 1471 103 48 pour
804 1459 257 77 humiliers
1117 1485 74 48 nos
1237 1484 266 67 orqueilleux
1555 1510 202 54 ennemis
1824 1496 159 72 jespere

445 1544 96 76 qu'il
585 1552 29 55 ne
663 1550 254 69 m'arrivera
965 1561 87 78 rien
1111 1581 76 64 que
1234 1570 261 84 d'heureux,
1526 1593 25 59 et
1605 1581 107 79 dans
1763 1596 84 61 cette
1875 1594 183 67 croyance

447 1646 31 77 je
525 1643 165 86 pourai
753 1642 107 68 tout
916 1647 359 98 entreprendre,
1308 1654 77 92 j'ai
1425 1659 31 91 la
1503 1658 114 94 force
1660 1678 28 70 et
1730 1665 29 80 la
1816 1672 148 74 santé

449 1744 99 60 pour
601 1729 130 72 cela,
813 1731 96 73 dites
947 1738 15 64 à
1012 1737 44 74 la
1112 1742 138 75 chere
1300 1743 126 89 sœur
1500 1771 72 66 que
1618 1761 36 78 je
1700 1753 242 81 l'aimerai

441 1814 225 71 toujours,
718 1822 67 54 des
837 1825 244 68 tendresses
1134 1848 17 45 à
1198 1850 71 53 mes
1317 1846 134 53 nieces
1529 1845 66 61 des
1643 1853 184 63 respects
1866 1853 75 53 aux

442 1900 154 76 Dames
641 1916 208 64 parentes
880 1913 27 72 et
959 1922 142 66 autres
1140 1932 30 51 et
1223 1926 176 68 amitiés
1442 1948 21 50 à
1506 1939 64 63 nos
1608 1948 107 53 amis
1755 1952 24 43 et
1823 1942 44 62 au
1911 1938 88 58 Ch^r

445 1983 33 59 de
517 1985 152 80 vienne
732 2001 63 65 qui
847 2006 32 54 ne
931 1998 183 72 m'coit
1176 2016 75 68 pas
1316 2006 174 76 souvent
1598 2025 36 70 on
1682 2018 54 80 dit
1796 2040 60 61 que
1916 2023 54 70 les

441 2073 97 71 cinq
583 2077 134 75 vaiss^x
767 2085 72 69 qui
884 2088 145 54 etoient
1090 2090 108 66 dans
1254 2113 27 40 le
1321 2107 87 62 port
1470 2107 191 75 mahon,
1692 2112 33 69 en
1766 2125 58 53 ont
1866 2154 174 41 mampe

448 2152 103 68 avec
592 2153 34 82 de
689 2158 179 79 grandes
912 2162 181 87 richesses
1135 2169 32 80 et
1211 2187 123 69 qu'ils
1377 2179 88 79 sont
1515 2196 13 54 à
1584 2184 312 82 Villefranche,
1918 2194 104 69 voila

448 2242 69 51 une
563 2248 83 48 ruse
702 2247 85 55 bien
843 2252 265 73 étonnante,
1146 2264 31 62 je
1226 2272 34 48 ne
1304 2279 93 49 crois
1442 2274 144 62 encore
1626 2278 80 58 rien
1755 2271 38 64 de
1848 2282 79 52 tout
1953 2277 66 57 cela

445 2322 115 69 qu'est
606 2323 94 69 donc
751 2328 179 70 devenüe
996 2333 241 75 L'Escadre
1277 2342 38 66 de
1371 2343 89 72 M^r
1521 2342 33 69 de
1610 2343 27 75 la
1698 2348 335 76 Galissonniete.

450 2409 62 81 bon
560 2411 124 84 jour,
714 2412 284 90 cherepétitte
1038 2418 168 76 mere,
1229 2437 148 63 aimés
1438 2450 87 60 moy
1561 2430 283 86 tendrement,
1886 2441 137 77 jusqua

444 2506 31 61 ce
525 2508 59 61 que
628 2511 105 58 vous
790 2496 139 79 tenies
990 2503 25 76 le
1087 2502 54 75 G.
1185 2503 48 70 L.
1284 2512 143 71 entrre
1485 2532 63 55 vos
1611 2512 121 67 bras.
