3200 3608
649 302 63 99 ses
751 304 95 88 pere
901 315 32 69 et
1004 304 166 110 mere,
1209 311 63 102 son
1320 315 118 96 age,
1485 302 24 85 le
1539 301 90 93 lieu
1681 293 42 115 de
1777 305 33 93 sa
1879 294 239 109 naissance
2186 304 34 64 et
2249 287 50 80 la

638 414 269 113 Religion
961 421 96 102 qu'il
1111 406 275 112 professe.

643 540 1 66 a
729 519 67 86 dit
874 515 54 81 se
967 515 219 89 nommer
1264 507 127 96 Pierre
1469 526 140 68 marin
1687 516 193 79 monner
1931 502 49 89 dit
2024 495 41 94 S^t
2096 493 161 84 Denis

663 630 222 102 Caporal
942 627 29 73 de
1006 625 38 102 la
1085 621 280 105 Compagnie
1428 613 37 96 de
1514 618 273 90 Coulons,
1814 604 81 105 fils
1928 606 38 75 de
1985 605 132 82 Rene
2143 607 188 76 Momnier

670 752 23 72 et
740 745 39 85 de
825 761 124 90 marie
1012 733 217 116 graffard
1291 753 78 76 ses
1400 758 85 75 pere
1540 757 23 65 et
1625 734 135 101 mere,
1785 720 105 114 age
1924 717 215 102 d'Environ
2188 713 137 76 vingt

631 874 122 54 Cinq
808 874 121 67 ans,
966 867 121 75 natif
1136 854 24 86 de
1202 849 45 89 s^t
1311 843 184 90 Sauveur
1543 850 25 74 de
1622 846 215 82 Rennes
1871 851 31 67 en
1956 837 275 77 Bretagne

649 966 35 83 de
711 964 35 79 la
786 962 260 98 Religion
1093 958 336 96 Catholique,
1462 955 267 93 apostolique
1789 963 22 69 et
1864 950 288 74 Romaine

651 1087 180 71 Luy
886 1067 168 84 avons
1094 1062 231 100 demande
1379 1061 78 97 s'il
1504 1058 217 94 Connoist
1769 1083 35 59 le
1846 1082 194 70 nomme
2088 1056 154 92 Jean

664 1181 212 85 francois
917 1176 230 86 Monpas
1187 1174 49 82 dit
1293 1176 190 79 Dumas

630 1298 1 64 a
736 1260 336 105 Repondu
1141 1268 45 92 le
1232 1263 213 102 Connoitre
1506 1259 91 105 pour
1658 1286 114 72 avoir
1825 1296 68 71 ete
1939 1265 221 102 Incorpore
2198 1266 98 89 dans

646 1368 60 81 La
760 1365 267 93 Compagnie
1087 1369 34 80 de
1168 1363 194 91 Coulons
1415 1363 87 94 huit
1556 1377 127 71 jours
1729 1385 148 66 avant
1910 1366 20 77 le
1964 1366 167 85 Depart
2184 1359 40 82 de

644 1486 60 51 La
745 1487 88 64 ditte
893 1483 298 80 Compagnie
1251 1469 34 80 du
1326 1486 101 74 petit
1474 1493 156 66 goave,
1664 1493 82 65 pour
1811 1465 150 87 soldat
2007 1465 35 70 de
2068 1472 35 63 la
2142 1465 102 70 ditte

647 1569 388 82 Compagnie.

580 1678 208 91 Luy
850 1666 159 98 avons
1050 1665 232 100 demande
1344 1661 87 102 s'il
1481 1673 50 87 est
1581 1673 50 86 son
1673 1681 165 77 parent
1895 1687 28 64 ou
1980 1687 136 68 allie

640 1765 1 93 a
749 1761 350 103 Repondu
1171 1781 131 80 n'etre
1353 1797 44 60 ny
1441 1788 94 71 lun
1586 1795 51 59 ny
1680 1767 168 93 l'autre

662 1876 349 106 Interroge
1064 1873 76 97 s'il
1185 1874 106 81 scait
1359 1898 83 62 que
1502 1872 31 86 le
1563 1872 181 106 nomme
1782 1876 106 98 Jean
1926 1890 189 82 francois
2152 1880 195 96 Monpas

675 1975 54 72 dit
782 1984 220 71 Dumas
1072 1993 0 65 a
1142 1982 177 78 deserte

636 2091 0 62 a
750 2068 379 93 Repondu
1200 2098 107 76 qu'il
1364 2081 93 93 scait
1529 2089 64 85 que
1657 2073 36 97 le
1722 2070 157 102 nomme
1929 2072 78 104 Jean
2050 2075 179 99 francois

680 2193 206 86 monpas
922 2191 49 70 dit
1020 2194 216 73 Dumas
1273 2195 49 68 est
1371 2188 154 86 accuse
1568 2194 43 81 du
1642 2191 129 83 Crime
1820 2187 31 86 de
1893 2186 204 79 desertion
2158 2204 111 65 pour

682 2310 184 72 n'avoir
922 2311 79 72 pas
1038 2317 117 64 paru
1204 2317 6 60 a
1247 2293 160 88 laditte
1462 2291 307 88 Compagnie
1830 2293 31 80 le
1891 2292 93 83 jour
2032 2288 38 69 de
2113 2287 104 84 son

653 2404 212 76 Depart
931 2408 59 77 ny
1037 2399 152 94 depuis
1242 2398 46 73 ce
1321 2401 139 87 temps
1506 2403 46 74 la
1638 2401 0 69 a
1704 2389 132 93 cette
1902 2390 205 93 garison
2147 2407 26 75 ct
2219 2407 113 74 qu'il

659 2485 137 85 Croit
862 2499 131 74 qu'il
1053 2501 0 72 a
1119 2485 149 85 deserte

665 2575 359 105 Interroge
1088 2582 1 82 a
1147 2585 169 92 qu'elle
1387 2569 111 108 heure
1555 2584 24 89 il
1635 2570 96 103 Croit
1788 2589 74 73 que
1912 2564 45 98 ce
2000 2559 139 94 soldas
2204 2573 1 69 a

675 2675 182 97 deserte
911 2696 27 65 de
978 2673 21 87 sa
1080 2691 358 81 Compagnie.

609 2800 1 74 A
717 2778 412 97 Repondu
1190 2788 63 73 que
1299 2774 54 108 Ce
1377 2777 155 90 soldat
1594 2782 0 78 a
1640 2776 147 99 deserte
1849 2783 23 95 de
1903 2779 109 95 lad^e
2043 2777 263 105 Compognie

674 2897 115 69 entre
830 2902 50 76 les
908 2888 91 90 sept
1052 2900 25 54 et
1113 2888 96 88 huit
1251 2889 150 79 heures
1455 2890 48 70 du
1539 2897 78 68 soir
1677 2890 42 80 du
1755 2891 120 85 vingt
1935 2905 108 63 mars

659 2984 338 126 Interroge
1049 2978 74 113 s'il
1187 2991 1 108 a
1260 2984 210 123 quelques
1497 2980 300 130 Connoisance
1860 2979 38 131 du
1923 2978 101 132 sujet
2096 3006 101 89 qu'a
2243 3006 45 70 pu

1386 3090 128 90 trois.
1563 3096 121 87 page

1456 3161 135 121 dmp

2911 318 82 94 and

2893 427 4 74 e

2902 527 48 65 ou

2880 619 79 88 al

2891 730 3 80 a
2965 728 24 75 de

2908 827 95 83 man

2883 928 64 85 son

2842 1095 2 40 A

2863 1139 103 95 fran

2881 1247 104 108 ques

2852 1363 2 79 A

2885 1445 51 98 n2

2869 1554 28 96 sa

2867 1664 101 103 Jns

2867 1772 76 92 des

2858 1895 66 67 ait

2828 1997 98 72 A6

2861 2100 39 72 de
2948 2106 45 65 le

2845 2196 147 101 LesC.

2857 2307 125 90 Lama

2851 2398 108 127 Jut

2686 2519 282 120 Letpe

2915 2628 1 77 l

2857 2717 28 75 de
2917 2718 77 92 lai

2853 2842 132 66 mons

2845 2949 78 113 que
