3104 4184
654 711 370 135 Carbonnel
1124 708 102 132 dit
1308 722 167 117 saint
1556 707 452 127 Marcel,

639 887 156 117 Luy
859 889 257 104 Avons
1226 876 303 111 demande패
1602 876 73 124 s'il
1767 885 165 125 scait
2024 889 156 126 pour
2244 895 120 120 quoy

643 1027 221 127 Ledit
956 1037 286 119 soldat
1334 1027 73 137 est
1490 1029 341 133 arreste패,

635 1208 1 104 A
758 1203 114 117 dit
965 1220 104 117 que
1107 1201 160 134 c'est
1352 1229 141 112 pour
1578 1233 161 96 avoir
1833 1206 340 139 deserte패,

613 1377 121 115 Luy
786 1366 262 117 avons
1145 1368 308 131 demande패
1540 1370 87 101 s'il
1723 1390 0 101 a
1819 1394 58 105 eu
1993 1387 279 116 quelque

637 1508 456 144 Connnoissance
1193 1516 62 133 du
1324 1520 225 130 dessein
1658 1547 103 122 qu'a
1861 1551 52 95 eu
2002 1531 103 150 cet
2163 1536 216 145 homme

640 1655 51 115 de
763 1659 336 136 deserter,

613 1885 0 0 A
748 1813 104 130 dit
929 1828 104 120 que
1074 1831 157 129 non,
1301 1841 112 117 que
1464 1831 165 122 tout
1719 1848 64 125 ce
1856 1868 136 95 qu'il
2101 1851 163 103 scait

692 1982 79 96 est
880 1994 104 97 que
1021 1990 193 104 ledit
1291 2000 200 104 saint
1597 2017 363 100 Marcel
2058 2026 91 90 est
2239 2022 75 99 un

620 2104 331 136 Iubecil,
1000 2140 136 101 qu'il
1238 2141 39 102 ne
1336 2141 170 111 scait
1600 2136 76 131 ce
1742 2149 134 120 qu'il
1990 2149 195 114 fait

632 2250 233 106 qu'e패tant
946 2257 146 112 venu
1185 2262 79 100 de
1305 2279 56 91 la
1417 2293 153 88 me팩me
1649 2301 211 93 recru팯e
1964 2303 120 87 sur
2152 2296 52 93 la

614 2376 260 107 Fluste
970 2381 63 112 de
1108 2405 271 117 Roy,
1425 2410 55 117 le
1522 2446 141 92 port
1761 2417 61 127 de
1870 2424 130 122 saix
2108 2432 51 120 il

601 2516 316 132 Essaya,
958 2527 80 115 des
1118 2542 261 128 malques
1466 2556 62 117 de
1570 2573 62 101 de
1702 2562 247 126 sauver
2041 2570 304 112 Voullant

594 2670 78 131 se
709 2682 162 110 jetter
962 2687 67 107 de
1076 2682 69 129 la
1193 2707 151 106 patte
1443 2702 63 109 de
1547 2704 329 128 lavere,
1949 2712 222 123 dudit

611 2800 329 142 Vaisseau
1027 2846 58 108 en
1142 2820 226 153 Leau,
1413 2843 164 139 dont
1644 2878 37 100 il
1779 2855 149 131 fu팩t
2010 2873 294 131 emperhe패

609 2965 100 92 par
785 2961 81 99 un
938 2967 388 140 Caporal,
1356 2997 74 122 de
1461 2985 282 146 ladite
1805 3030 397 102 Recru팯e

568 3110 181 114 Etant
825 3145 6 85 a
880 3132 50 97 la
986 3151 409 117 martinique,
1450 3156 266 128 Ledit
1790 3192 198 99 Saint
2094 3190 206 106 mariel

580 3260 57 90 de
711 3270 135 100 jetta
965 3272 75 103 du
1097 3277 375 138 Vaisseau,
1524 3301 191 128 dans
1833 3337 289 102 lamer,
2175 3354 36 70 et

585 3423 155 93 Sut
833 3417 487 164 Ratrape패,
1355 3462 116 120 par
1543 3454 141 150 une
1760 3500 283 118 piroque
2137 3511 0 110 a
2219 3483 71 149 un
