3136 3608
701 264 40 103 La
805 264 329 108 Contumace
1205 266 100 118 bien
1356 271 258 112 jnstruitte
1685 279 177 102 Contre
1917 282 122 108 ledit
2102 278 145 100 Jean

682 390 239 90 françois
1003 390 205 93 Monpas
1269 403 48 80 dit
1370 392 241 93 Dumas
1698 404 28 78 et
1773 400 35 82 la
1868 397 199 85 declare
2121 390 185 88 düement

686 486 182 78 attent
928 491 30 69 et
1009 489 273 90 Coivaineu
1354 492 43 89 du
1441 493 143 94 Crime
1659 500 33 88 de
1760 498 230 91 desertion
2091 522 169 67 pour

667 597 287 89 reparation
1009 599 45 94 de
1095 600 131 102 quoy
1274 601 52 90 la
1381 615 315 87 Condamné
1745 613 1 90 a
1802 611 94 96 être
1952 627 144 83 passé
2138 624 108 59 par

668 739 93 60 Les
807 738 165 69 armes
1038 725 206 88 jusqu'a
1308 727 61 93 ce
1414 734 73 82 que
1565 757 101 68 mort
1724 729 232 96 s'ensunce
2041 733 40 68 et
2133 733 1 68 a

673 828 222 76 ordonné
958 832 164 88 qu'au
1179 829 177 95 deffant
1419 831 47 97 de
1503 836 34 92 sa
1594 857 319 71 personne;
1970 837 40 86 la
2054 838 235 79 presente

671 934 227 91 sentence
987 934 97 97 sera
1166 936 76 91 lüe
1317 960 21 74 ce
1379 960 214 77 publiće
1662 970 0 62 a
1737 949 28 91 la
1827 942 117 100 Teste
2006 974 55 59 des
2102 944 213 98 Tofupes

678 1054 82 75 qui
807 1050 163 77 seront
1032 1062 102 75 por
1188 1054 63 96 cet
1311 1056 89 96 effet
1467 1065 130 91 mises
1644 1071 41 85 en
1746 1075 252 77 Bataille
2066 1086 34 54 et
2148 1081 129 68 qu'il

671 1168 84 73 sera
839 1170 80 67 mis
977 1183 47 58 au
1061 1184 100 64 pied
1230 1175 37 71 de
1304 1175 190 73 laditte
1573 1177 248 75 sentence
1889 1189 58 61 un
1995 1194 163 55 proces

649 1261 187 80 Verbal
922 1263 33 79 de
991 1277 68 70 son
1121 1273 242 76 execution
1443 1294 88 61 par
1605 1272 112 86 Jean
1759 1276 237 85 Baptiste
2057 1290 249 72 Goquetel

670 1359 265 98 greffier,
979 1357 133 98 fait
1171 1381 44 83 au
1265 1382 91 83 fort
1406 1361 53 88 s^t
1516 1389 118 61 Louis
1693 1363 45 92 Ce
1802 1364 303 107 quatrieme
2164 1400 103 62 jour

670 1455 73 82 du
789 1455 106 82 mois
948 1457 40 80 de
1041 1462 112 76 may
1200 1462 40 81 de
1279 1469 239 80 l'arnniée
1603 1466 87 88 mil
1748 1468 115 91 sept
1900 1471 128 85 Cens
2079 1481 161 81 trente

693 1544 137 87 un.
888 1547 158 107 signé
1103 1565 3 74 a
1168 1550 277 106 L'original
1521 1557 47 100 de
1608 1566 232 95 Brach.
1875 1578 29 84 le
1947 1575 109 89 Ch^er
2091 1579 37 82 de
2178 1566 181 99 Coulons

658 1643 41 111 de
757 1645 207 95 malues
1006 1656 275 111 Bignon,
1303 1671 374 101 Baguesseau
1750 1694 43 71 de
1825 1680 257 101 Bailleul
2148 1689 199 94 gacroy

662 1753 37 93 de
757 1757 219 86 paradis
1055 1758 46 90 de
1164 1762 184 95 massip
1412 1780 31 80 et
1507 1779 249 97 goguetel
1828 1775 161 105 greffe

610 1925 166 105 L'an
863 1927 76 112 mil
976 1932 118 114 sept
1131 1935 109 101 cent
1277 1948 142 108 trente
1480 1954 52 105 un
1578 1980 36 74 et
1668 1954 26 105 le
1742 1970 269 108 quatrieme
2068 1964 106 96 jour

661 2061 45 74 du
762 2055 101 77 mois
906 2054 39 88 de
989 2058 89 70 moy
1138 2066 97 86 mil
1289 2060 109 94 sept
1434 2084 89 72 cent
1559 2072 147 87 treme
1760 2083 46 77 un
1912 2072 37 86 la
1993 2078 220 89 presente

650 2157 225 87 sentence
945 2164 42 93 cy
1043 2163 135 77 dessus
1274 2174 31 74 et
1357 2167 39 88 de
1434 2168 186 99 l'autre
1659 2196 107 73 part
1843 2200 1 71 a
1906 2192 78 60 été
2032 2180 100 85 lui
2187 2201 1 56 e

683 2266 188 83 publiee
938 2286 2 68 a
1006 2267 157 94 haute
1230 2294 33 62 et
1304 2282 313 94 Intelligible
1664 2298 101 81 voix
1821 2310 0 71 a
1864 2301 44 79 la
1957 2293 118 86 testé
2137 2295 75 80 des

658 2368 218 99 Troupes
921 2383 130 74 etant
1103 2399 35 70 en
1190 2386 245 85 Bataille
1500 2393 83 81 par
1662 2409 103 74 moy
1804 2390 95 95 Jean
1952 2396 257 82 Baptiste

450 2452 98 111 an
649 2463 242 104 goquetet
964 2461 212 104 grevier
1254 2463 411 112 Conformement
1700 2500 26 62 et
1770 2500 44 71 en
1858 2483 209 98 Excuisia
2129 2491 44 73 de
2199 2493 36 73 la

658 2576 235 79 présenté
960 2580 295 113 sentence.
1299 2584 145 109 signé
1489 2599 0 54 a
1541 2589 251 109 l'original
1874 2594 242 105 goquetel

653 2649 302 121 greffier.

679 2763 407 96 Collationne
1151 2788 93 65 par
1315 2781 93 94 moy
1465 2776 216 100 greffier
1744 2778 59 98 suur
1851 2792 231 85 l'iriginial
2152 2792 45 90 du

665 2872 179 90 present
888 2875 179 88 proces.
1104 2877 107 89 fait
1256 2880 53 85 au
1347 2882 80 92 fort
1465 2903 40 61 s^t
1530 2904 127 58 Louis
1727 2912 53 65 les
1819 2898 256 80 quatrieme
2127 2918 86 60 jour

655 2968 47 76 du
746 2968 85 74 mois
863 2976 39 68 de
948 2978 103 63 may
1123 2980 71 84 mil
1233 2974 91 94 sept
1357 2978 103 83 cent
1499 2978 143 90 trente
1707 2996 46 76 un

640 3071 226 95 perifié
901 3078 88 78 sur
1038 3064 246 93 lorigenal
1329 3060 92 92 par
1480 3074 131 71 nous
1668 3083 3 59 –
1839 3044 212 88 Gquets

637 3170 185 85 major
864 3173 55 69 au
961 3148 106 91 fort
1110 3151 36 92 st
1188 3141 132 77 louis
1356 3140 29 77 le
1434 3136 282 83 quatrieme
1883 3154 184 75 qu'ur

631 3242 97 60 jour
784 3232 50 65 du
890 3223 97 71 mois
1027 3219 44 70 de
1143 3211 92 75 may
1275 3217 34 64 de
1349 3212 202 67 l'annee
1627 3195 135 75 mille

628 3292 85 99 sept
765 3280 133 96 cents
937 3277 162 97 trente
1150 3268 38 78 et
1248 3267 50 75 un

1066 3347 51 132 de
1180 3315 249 164 Massy
