2976 4224
69 2123 51 98 et

88 2439 47 94 re

86 2801 3 75 3

68 2946 65 111 119

76 3248 143 91 Mn,

843 711 244 119 Saintes
1201 696 405 133 Evangilles
1737 688 93 128 de
1889 686 146 119 dire
2104 680 56 121 la
2240 682 313 118 verite패,

839 905 309 114 L'avons
1267 880 351 150 Interroge패
1698 872 116 144 sur
1882 863 105 133 son
2057 891 94 84 nom
2240 863 260 134 celluy

873 1048 77 119 de
998 1058 85 101 ses
1197 1061 142 98 pere
1428 1071 35 85 et
1544 1062 141 94 mere
1824 1031 69 116 Le
1948 1027 118 108 lieu
2163 1028 68 95 de
2279 1030 51 102 sa

874 1208 369 96 naissance,
1291 1211 33 81 et
1403 1205 89 87 sur
1555 1208 74 103 sa
1691 1189 369 118 proffession
2131 1195 41 87 et
2260 1186 257 114 religion

757 1352 1 127 A
931 1345 429 152 Repondu
1451 1359 52 127 se
1563 1365 236 117 nommer
1920 1337 236 138 Simeon
2247 1344 389 119 Carbonnel

873 1504 116 119 dit
1072 1523 174 93 saint
1329 1504 423 117 Marcel,
1819 1499 165 120 fils
2100 1499 390 115 d'antonne

850 1656 454 108 Carbonnel,
1360 1681 34 86 et
1475 1652 363 119 disabelle
1952 1647 396 116 Ignague,
2404 1652 92 98 ses

875 1822 148 101 pere
1097 1831 33 96 et
1228 1833 239 103 mere,
1524 1828 255 105 eage패
1886 1819 74 97 de
2034 1811 181 120 vingt
2306 1809 74 91 un
2470 1824 74 91 au

870 1983 166 125 natif
1133 1979 66 119 de
1250 1967 185 121 saint
1497 1966 336 124 Marcel
1932 1984 46 91 en
2023 1965 372 121 provence,
2440 1964 55 109 de
2531 1964 54 108 la

797 2109 404 131 Religion
1290 2112 457 133 Catholique,
1810 2131 601 119 Apostollique
2492 2141 44 93 et

891 2264 471 124 Romaine,
1413 2306 42 71 et
1539 2273 286 112 soldat
1942 2278 59 112 de
2035 2283 76 100 la
2161 2282 505 109 Compagnie.

881 2427 84 102 de
1019 2425 285 122 Battet,
1376 2429 93 114 de
1513 2442 56 122 la
1622 2451 313 112 garnizon
2045 2435 92 125 du
2181 2438 130 133 Cap
2448 2474 0 79 a

803 2588 344 134 Present
1247 2595 298 136 detenu,
1617 2602 187 126 d'ans
1903 2610 95 134 les
2079 2625 298 113 prisons

894 2765 66 114 de
1006 2762 67 112 la
1137 2755 162 135 ditte
1401 2764 311 130 ville,

855 2926 455 158 Interroge패
1397 2974 109 104 par
1590 2978 89 119 qui
1753 2965 46 122 jl
1872 2984 2 84 a
1958 2956 101 122 e패te패
2120 2952 349 137 arreste패,
2499 2996 56 91 en

902 3102 153 128 quel
1154 3099 322 126 endroit,
1535 3131 43 119 et
1656 3109 364 145 pourquoy
2099 3109 312 114 conduit

896 3250 164 124 dans
1145 3264 96 101 les
1317 3257 353 122 prisons,

857 3374 1 170 A
1049 3376 512 188 Repondu팩
1649 3433 141 131 qu'il
1866 3381 130 185 s'est
2097 3381 142 188 luy
2326 3440 169 106 me팩me
