3104 4152
791 687 527 184 Après
1510 696 232 159 exuois
1818 712 78 142 bt
1959 719 52 150 la
2075 733 244 108 plainte

796 891 226 127 Faitte
1102 923 1 81 a
1174 891 362 122 Monsieur
1616 881 65 131 Le
1742 882 244 129 marquie
2148 874 317 119 desorel

790 1057 246 110 genéral
1149 1044 55 125 de
1246 1042 114 129 Cette
1438 1042 360 120 Collonnie
1929 1055 106 109 par
2095 1050 62 80 le
2218 1034 193 107 sieur

769 1215 220 125 Buttet
1076 1208 350 130 Capitaine
1523 1212 61 120 de
1681 1201 537 136 Compagnie,
2268 1213 39 84 et
2377 1197 69 99 de
2496 1197 39 98 la

743 1354 328 147 Garnison
1155 1365 89 141 du
1297 1356 163 150 Cap,
1524 1358 66 115 du
1653 1362 99 124 dix
1826 1367 131 137 huit
2075 1360 444 148 Septembre

764 1520 227 129 Mil
1093 1527 152 129 sept
1320 1534 189 107 Cents
1668 1521 123 125 dix
1874 1532 180 126 neuf,
2119 1522 359 115 Contrele

785 1681 231 99 nommé
1099 1690 216 87 Simon
1427 1674 441 113 Carbonnel
1988 1679 112 106 dit
2197 1704 187 78 saint

771 1817 430 134 Marcel,
1230 1835 283 106 soldat
1608 1817 79 121 de
1746 1850 58 91 sa
1902 1836 448 117 Compagnie

789 1987 230 112 arcusé
1119 1969 66 130 de
1275 1969 422 127 desertion,
1770 1969 524 126 lordonnance
2394 2003 56 81 au

757 2136 190 115 Bas
1081 2169 129 105 pour
1277 2143 315 135 informer
1718 2142 80 129 de
1855 2145 432 128 Monsieur
2384 2169 41 96 le

786 2306 378 118 genéral,
1204 2307 84 103 du
1344 2311 94 114 dix
1536 2318 127 117 neuf
1778 2326 101 112 du
1927 2327 310 111 Mesme
2328 2348 109 83 mois

735 2450 234 140 signé
1036 2455 44 108 le
1167 2474 273 123 marquis
1599 2469 402 135 desorel,
2052 2471 473 137 jnformations

772 2611 106 108 du
950 2611 340 132 vingteme
1391 2613 77 136 du
1504 2628 245 113 present
1841 2647 330 104 Mois,
2198 2621 367 130 Interroga^re

770 2782 28 94 et
867 2778 280 114 reponces
1262 2771 73 103 de
1423 2779 270 110 Laccusé
1808 2770 91 118 du
1969 2772 217 125 vingt
2252 2800 33 83 et
2331 2778 203 84 uniême

770 2906 73 106 du
914 2929 201 95 mesme
1210 2919 304 111 Mois,
1570 2926 521 107 Recollement
2193 2956 41 84 et

757 3067 533 139 Confrontations
1429 3067 72 110 du
1560 3076 201 124 vingt
1851 3067 182 139 deux
2149 3077 265 107 present

767 3222 217 113 Mois
1118 3213 257 123 Failles
1488 3250 43 115 et
1642 3240 478 125 parfaittes;
2205 3215 213 128 Nous

768 3400 281 104 Avons
1158 3382 291 123 trouvé,
1525 3383 70 120 Le
1648 3403 113 128 dit
1858 3386 228 150 Simon
2134 3386 417 154 Carbonnel
