3008 3624
74 421 36 64 en
163 418 146 60 accuse
372 418 56 37 du

98 483 261 108 deserteur.

70 591 42 100 un
163 581 202 112 deserteur

75 743 18 75 ue
139 722 107 109 ledit
307 713 107 116 Jean

74 932 35 77 de
142 935 29 70 la
211 930 253 96 Compagnie

68 1042 93 93 petis
211 1038 127 93 goave
381 1035 100 80 pour

89 1145 63 73 veu
220 1115 188 92 Joindre

101 1236 76 101 ela
242 1231 32 106 Il
309 1230 173 108 jugeoit

70 1453 93 79 dat
203 1440 214 105 emporte

98 1542 0 72 3

85 1664 29 74 ce
174 1660 73 82 que
282 1644 29 82 le
346 1647 59 79 dit

76 1753 53 83 les
157 1746 28 90 de
207 1745 52 86 son
300 1743 212 87 unforme

74 1844 98 84 ledit
224 1835 163 93 accuse
424 1825 65 86 Est

78 2058 204 90 francois
317 2058 212 82 Monpar

86 2164 324 78 Compagnie

93 2348 24 80 de
192 2365 156 61 recevoir
406 2347 30 76 le

136 2587 22 70 ee
217 2558 203 101 lagarde

88 2675 138 63 Jeven
291 2673 143 65 deveue

109 2782 91 56 pecis
263 2752 194 96 joaice.

72 2871 155 79 soldat
282 2891 73 60 aye
415 2875 84 71 ete

97 2977 88 91 ques
234 2954 179 128 Choses
461 2952 45 92 de

1044 324 112 67 son
1207 325 140 75 prest,
1381 324 201 76 etquelle
1633 324 140 70 raison
1829 324 22 70 il
1902 324 0 74 a
1952 324 56 71 pu
2059 324 112 56 avoir
2221 324 95 57 pour
2372 324 258 68 deserter.

1025 411 2 72 a
1114 396 327 93 Repondu
1505 392 109 79 qu'il
1673 409 43 64 n'a
1787 400 110 74 nulle
1950 397 331 78 connoissance
2334 387 55 81 des
2418 392 193 74 raisons

1067 501 116 91 qu'il
1232 507 1 67 a
1277 511 46 66 cu
1384 500 104 78 pour
1537 491 172 94 deserter
1778 490 53 86 ne
1873 486 250 89 scachant
2152 489 85 83 pas
2273 480 115 84 qu'il
2438 474 71 86 luy
2559 475 64 79 ait

1060 610 69 82 ete
1179 592 101 97 fait
1337 591 187 71 aucuns
1589 587 233 92 mauvais
1860 577 319 97 traistements
2224 589 67 76 qui
2343 577 93 89 lait
2482 576 47 89 pu
2581 564 120 96 porter

1053 704 1 70 a
1101 692 174 86 prendre
1321 690 299 80 Camauvais
1667 691 168 79 party.

1039 816 342 114 Interroge
1420 811 72 96 s'il
1539 822 41 92 ne
1610 815 73 106 luy
1737 817 1 86 a
1777 821 73 89 pas
1888 820 82 100 ouy
2023 812 152 103 parler
2230 809 25 96 de
2285 805 224 108 desertion
2547 813 120 75 entre

1047 904 371 106 Camarades.

1026 1029 1 70 a
1114 1014 337 96 Repondu
1511 1019 41 87 ne
1585 1027 75 76 luy
1706 1018 35 81 en
1781 1021 122 81 avoit
1976 1009 176 90 jamais
2192 1029 75 70 ouy
2299 1028 143 70 parler

1047 1129 342 95 Interroge
1442 1135 69 69 s'il
1557 1129 1 68 a
1598 1119 307 89 Connoissance
1958 1109 49 84 du
2040 1106 83 97 lieu
2168 1104 30 96 de
2223 1103 36 97 sa
2325 1101 192 94 retraitte
2578 1122 41 51 et

1053 1226 81 100 s'il
1175 1232 108 87 scait
1339 1233 80 79 que
1475 1228 288 94 quelquuns
1812 1218 167 98 l'ayent
2041 1212 209 103 favorsse
2306 1208 101 101 dans
2442 1205 30 91 sa
2521 1203 202 93 desertion

1023 1345 1 81 a
1101 1331 323 100 Repondu
1481 1347 164 79 n'avoir
1701 1345 115 82 nulle
1858 1327 280 100 Connoissance
2194 1322 29 92 de
2251 1329 44 80 Ces
2322 1328 101 83 deux
2465 1322 194 91 Choses.

1016 1443 246 81 Enquis
1312 1439 73 78 s'il
1447 1452 43 66 n'a
1551 1445 92 79 plus
1680 1459 80 63 rien
1797 1459 0 47 a
1852 1442 191 79 Deposer
2111 1452 36 68 n'y
2203 1445 104 75 pour
2369 1446 43 74 n'y
2449 1429 166 82 contre

1048 1537 210 87 l'accuse
1300 1536 120 66 etans
1468 1534 156 86 oblige
1660 1538 30 82 en
1738 1532 186 86 qualite
1966 1533 30 79 de
2044 1538 156 72 Temoin
2272 1529 30 86 de
2344 1528 72 86 dire
2470 1539 108 72 avec

1031 1640 147 87 Perite
1231 1643 90 87 tous
1369 1642 55 101 ce
1464 1639 128 112 qu'il
1631 1656 88 95 peut
1759 1638 167 94 scavoir
1990 1638 80 111 qui
2117 1645 64 104 aze
2229 1652 191 97 quelque
2476 1650 167 89 raport

1051 1757 0 62 a
1116 1741 41 82 sa
1221 1739 258 77 desetion

1036 1853 1 61 a
1131 1828 343 96 Repondu
1547 1846 168 78 navoir
1773 1836 102 83 plus
1911 1846 73 73 rien
2057 1832 0 96 a
2114 1823 227 105 Deposer
2399 1852 44 74 ny
2487 1844 124 71 pour

1060 1951 57 60 ny
1160 1935 174 88 contre
1395 1932 102 87 ledit
1557 1924 224 91 accuse.

989 2041 309 102 Lecture
1360 2046 1 96 a
1400 2039 82 113 luy
1521 2042 145 110 faite
1722 2041 40 83 de
1794 2035 25 90 sa
1875 2046 288 98 Deposition
2251 2040 1 90 a
2291 2043 49 99 dit
2387 2035 113 102 Icelle

1031 2138 232 90 Contenir
1336 2151 150 71 verite
1551 2148 31 62 et
1619 2160 0 51 a
1685 2132 150 106 signe
1893 2135 127 96 fait
2064 2154 53 80 au
2161 2124 82 110 fort
2287 2130 45 81 s^t
2361 2130 98 73 Louis
2569 2122 61 82 Ce

1047 2242 240 80 deuxieme
1343 2253 83 64 jour
1482 2238 49 77 du
1575 2239 84 74 mois
1704 2234 36 77 de
1791 2237 88 72 may
1919 2230 36 77 de
1994 2233 158 73 l'annee
2232 2242 77 59 mil
2348 2222 297 77 septbent

1044 2341 171 118 trente
1291 2366 48 93 un
1405 2365 161 92 signe
1609 2350 19 67 a
1654 2331 248 125 L'original
1971 2327 54 95 P.
2068 2327 195 94 Beaune
2324 2330 37 93 de
2412 2330 169 118 massiy
2677 2353 36 61 et

1055 2472 237 104 Gognetel
1363 2455 300 114 greffier.

1011 2730 676 112 Recollement
1752 2728 99 112 fait
1908 2740 42 96 au
1990 2730 83 105 fort
2130 2721 25 113 s^t
2187 2719 108 107 Louis
2327 2733 34 85 le
2384 2724 248 89 deuxieme

1055 2861 102 78 jour
1212 2850 40 84 du
1308 2858 84 77 mois
1428 2847 33 76 de
1518 2844 102 84 may
1656 2843 40 74 de
1727 2843 179 88 l'annee
1980 2849 65 76 mil
2100 2835 90 85 sept
2214 2826 97 91 cent
2343 2823 126 87 trente
2533 2840 44 72 un

1059 2973 79 70 par
1184 2955 122 90 nous
1367 2956 135 88 major
1548 2950 44 85 du
1626 2938 85 95 fort
1774 2957 29 73 et
1844 2939 218 88 quartiers
2096 2927 36 96 de
2173 2926 36 102 s^r
2250 2925 120 99 Louis

1642 3028 104 102 huit
1823 3020 131 121 page

1641 3136 150 147 dmp

2365 2452 0 92 r

2271 2560 180 69 ANENIUES
