3104 4240
805 694 339 153 Rendu
1231 725 172 123 che패s
1523 694 417 143 Monsieur
2040 684 83 139 de
2197 676 318 156 Pardieu

854 888 146 146 dou
1101 906 43 119 il
1243 908 2 93 a
1336 907 124 106 este패
1510 885 309 126 conduit
1932 897 125 125 aux
2165 913 280 118 prisons

851 1060 76 116 de
984 1060 191 130 Cette
1242 1075 268 114 ville,
1577 1064 296 137 samedy
1959 1078 57 100 au
2063 1074 136 113 soir
2298 1099 286 102 seizieme

857 1220 88 153 de
986 1226 56 149 Ce
1107 1228 218 129 mois,
1378 1230 56 152 ou
1519 1268 34 117 il
1639 1266 77 96 est
1813 1251 306 143 depuis
2246 1254 253 137 detenu

852 1419 35 79 et
985 1410 238 111 accuse패
1314 1412 82 108 de
1494 1418 480 119 desertion.

816 1538 448 153 Interroge패
1344 1547 103 136 s'il
1517 1569 294 122 conient
1933 1559 254 129 d'avoir
2278 1557 316 139 deserte패,

824 1709 3 111 A
967 1684 126 126 dit
1192 1699 299 133 quelors
1601 1738 145 102 qu'il
1836 1744 84 81 est
2010 1703 277 153 Party
2368 1710 93 116 du

849 1838 89 112 du
1018 1841 136 136 Cap
1235 1867 89 99 ce
1367 1882 182 104 netoit
1622 1860 182 117 point
1905 1868 190 114 dans
2198 1889 49 95 le
2311 1882 218 124 dessein

876 2020 83 100 de
1009 2012 365 127 Beserter,
1440 2021 137 127 qu'il
1653 2029 311 117 voulloit
2051 2056 185 100 aller
2316 2042 150 125 che패s

832 2165 47 112 le
951 2167 186 115 Sieur
1227 2172 334 138 Fleury,
1616 2187 56 92 ou
1735 2187 57 104 on
1846 2183 112 134 luy
2021 2226 167 74 avoit
2307 2207 204 103 donne패

856 2330 303 112 amanger
1270 2320 190 121 dans
1554 2324 52 103 le
1674 2327 225 120 Temps
2036 2351 112 101 que
2198 2346 70 101 sa

837 2465 437 137 Compagnie
1364 2468 159 108 Etoit
1622 2490 0 86 a
1681 2494 72 115 la
1809 2489 194 116 grand
2058 2476 339 130 reviere,

800 2628 421 168 Interroge패
1278 2628 80 136 s'il
1438 2639 114 141 sut
1620 2651 137 132 che패s
1848 2680 34 106 le
1962 2674 80 110 dit
2121 2691 160 97 sieur
2372 2633 217 143 Fleury

856 2839 34 74 et
955 2821 302 111 Combien
1330 2841 35 107 il
1447 2852 2 99 y
1522 2833 402 123 demeura,

825 2989 3 128 s
1093 2992 173 133 dit
1381 3026 141 131 qu'il
1595 3018 184 137 partit
1851 3027 66 103 un
2001 3030 214 142 mardy
2300 3070 172 102 apres

835 3147 246 134 Midy
1167 3172 80 97 du
1284 3170 160 123 Cap,
1479 3189 33 85 et
1607 3169 142 113 fu팩t
1852 3180 313 128 Coucher
2262 3223 0 81 a
2350 3216 118 98 une

846 3294 459 124 habitation,
1360 3333 137 93 qu'il
1580 3325 198 107 croit
1859 3347 120 98 e팩tre
2063 3335 192 121 celle
2378 3359 79 97 de

839 3454 392 183 Monsieur
1303 3460 284 184 Geron,
1629 3493 58 159 ou
1741 3511 46 130 il
1853 3505 48 147 ne
1943 3520 217 126 parla
2283 3525 118 131 qu'a
2509 3495 67 120 des
