3104 4224
758 737 101 103 veu
949 722 310 125 Monter
1349 708 391 131 Lagarde,
1786 740 27 100 et
1886 704 281 133 Passer
2249 743 46 83 en
2349 743 164 90 reveüe

746 926 59 92 Et
885 909 116 107 qu'il
1096 899 59 87 se
1202 909 205 83 nommé
1487 896 190 95 Simon
1782 885 432 107 Carbonnel
2319 877 74 107 dit

764 1042 171 127 Saint
1028 1046 398 120 Marcel,
1538 1037 115 131 Lay
1709 1059 368 84 Avons
2199 1035 313 125 demande

700 1194 131 141 s'il
920 1212 222 127 scait,
1200 1237 102 102 que
1340 1199 173 135 ledit
1571 1199 141 145 Jean
1812 1213 241 131 marcel
2172 1203 152 101 soit

723 1376 368 94 Arresté
1171 1375 49 91 et
1283 1377 65 77 la
1403 1382 240 95 raison
1706 1393 153 101 pour
1930 1386 146 118 quoy

730 1544 1 80 A
833 1553 112 85 dit
1054 1559 114 102 qu'il
1270 1548 72 108 le
1404 1554 200 101 scait
1713 1566 105 102 que
1888 1555 136 100 c'est
2134 1576 152 81 pour

741 1706 373 99 desertion,
1154 1724 32 78 et
1265 1720 120 93 qu'il
1472 1723 49 89 na
1631 1708 246 107 Jamais
1987 1712 161 99 sceu
2242 1721 120 100 qu'il

737 1840 240 103 voullut
1081 1844 266 129 deserter
1434 1890 55 88 ny
1557 1890 126 88 qu'il
1760 1892 107 80 eust
1946 1866 124 105 lieu
2175 1871 54 107 de
2281 1860 45 127 le
2369 1862 133 104 faire

638 2030 188 112 Luy
877 2040 315 98 Avons
1293 2025 342 124 demandé
1726 2047 84 96 s'il
1901 2064 38 97 n'a
2002 2046 149 115 plus
2260 2055 103 101 rien

739 2200 2 70 a
806 2168 216 122 dire,
1053 2172 256 125 Contre
1426 2179 214 124 ledit
1733 2226 187 81 Saint
2030 2210 433 85 Marcel,

714 2345 4 93 a
814 2347 95 107 dit
1006 2384 96 90 que
1181 2384 95 90 non
1373 2393 31 99 et
1492 2402 94 91 que
1648 2389 157 103 c'est
1896 2382 385 125 unpauvre

685 2502 329 126 Innocent,
1059 2529 82 94 qui
1203 2537 5 78 a
1277 2520 262 122 l'esprit
1637 2558 111 81 mal
1838 2545 328 107 tembre,

695 2661 338 110 Lecture
1127 2705 4 69 a
1199 2671 132 133 Luy
1396 2677 204 136 failte
1694 2691 66 120 de
1819 2702 48 122 sa
1945 2724 372 112 deposition

711 2820 2 86 a
809 2815 90 94 dit
1004 2821 207 119 quelle
1306 2823 287 126 Contient
1667 2830 264 121 Perité,
1979 2869 30 86 et
2106 2869 50 89 ny
2223 2850 245 109 voulloir

715 2953 294 135 adjouter
1102 2961 54 136 ny
1210 2963 342 131 diminuer,
1596 3004 42 100 et
1703 3014 3 81 a
1770 2980 225 136 signé,
2042 3001 311 100 Minutte

705 3119 225 113 signée
1024 3127 76 116 du
1137 3136 306 109 plessis,

663 3247 293 122 Avons
1079 3252 131 130 fait
1276 3258 154 131 venir
1519 3306 199 107 aussy
1772 3282 86 134 un
1911 3286 233 135 homme
2233 3282 51 146 de
2313 3285 133 142 Cinq

701 3407 163 114 pieds
960 3419 54 95 ou
1077 3414 274 117 Environ
1431 3420 71 104 de
1559 3431 292 153 hauteur
1948 3476 205 114 petits
2249 3462 248 137 Cheveux
