2592 3768
251 286 603 179 Chabaroche

343 412 76 177 Pre
504 413 264 180 Charle

932 902 46 74 je
1043 862 287 121 soussigné
1420 854 277 122 Premier
1800 847 308 122 Chivargien

761 1023 50 82 de
882 1008 252 98 l'hôpital
1226 1011 63 86 des
1354 994 332 96 Religieux
1765 985 49 87 de
1899 976 36 81 la

752 1126 201 82 charité
1049 1130 66 69 du
1177 1105 80 96 Cap
1360 1099 222 98 Certific
1658 1109 100 82 que
1871 1090 43 96 le

758 1226 226 65 nommé
1088 1207 226 83 Pierre
1433 1191 245 92 Charles
1744 1191 351 97 lhabaroche

748 1299 185 89 soldat
1036 1327 52 61 au
1183 1295 115 86 R3lt
1361 1305 63 79 du
1501 1291 78 96 Cap
1684 1289 133 98 Comp
1930 1300 42 84 de

755 1398 319 79 Bonnelat
1181 1417 1 60 a
1253 1417 43 60 eu
1397 1417 97 60 une
1590 1394 186 83 fistule
1878 1393 12 84 à
1950 1389 144 88 l'anus

752 1496 83 92 très
909 1492 287 96 Composée
1310 1490 252 99 produite
1650 1494 90 88 par
1806 1488 36 87 la
1915 1488 281 97 supporation

759 1594 55 80 des
885 1586 416 86 hemorroides
1403 1578 223 84 internés
1697 1587 31 70 et
1817 1574 230 80 externes

877 1696 33 71 le
1047 1694 218 69 malade
1354 1682 38 74 se
1485 1674 261 79 trouvoit
1872 1671 144 74 alors

776 1789 124 71 dans
972 1812 85 47 une
1146 1779 354 79 Carbehimie
1623 1775 353 80 scorbutique
2038 1787 28 66 et

761 1878 323 74 vencrienne
1194 1877 86 76 qui
1374 1879 1 60 a
1491 1876 180 64 rendu
1813 1888 43 53 la
1935 1876 100 66 cure

750 1965 47 72 de
846 1955 33 82 sa
953 1946 173 91 fistule
1238 1942 91 80 très
1385 1942 210 88 longue
1683 1945 33 75 et
1841 1933 78 87 tres

755 2051 289 94 difieille,
1177 2053 116 65 mais
1395 2047 26 67 il
1497 2036 123 83 reste
1779 2046 2 80 a
1830 2032 212 87 prosent

773 2154 80 69 une
961 2149 146 66 autre
1226 2139 275 72 guerison
1620 2142 1 56 a
1774 2134 232 65 desirer

763 2251 83 74 cest
933 2237 121 84 celle
1140 2234 51 79 de
1253 2228 45 76 la
1410 2225 277 88 lymphe
1817 2209 221 94 disposée

772 2340 1 62 a
809 2321 25 77 la
918 2317 323 88 dissolution
1349 2316 32 69 et
1483 2314 268 82 formant
1879 2306 267 81 obstruction

788 2422 99 81 dans
986 2412 267 86 quelques
1369 2403 230 73 viseres
1695 2393 66 66 du
1851 2382 288 85 bas-ventre

784 2529 35 75 il
886 2533 3 73 y
931 2539 2 48 a
1045 2510 278 87 beaucoup
1431 2501 129 77 lieu
1655 2496 65 82 de
1815 2498 187 78 croire

791 2633 141 61 qu'on
1007 2618 52 71 ne
1147 2597 374 88 l'obtiendra
1653 2615 92 83 que
1842 2614 106 82 par
2010 2598 37 92 le

779 2702 191 89 retour
1080 2707 56 73 du
1239 2698 216 87 malade
1535 2721 55 63 en
1669 2694 333 88 france,

777 2830 2 59 a
862 2803 67 92 cel
999 2802 126 93 effet
1295 2806 39 76 je
1380 2806 85 82 lui
1530 2828 46 57 ai
1635 2800 190 86 donné
1897 2800 32 80 le

796 2909 220 99 présent
1144 2899 319 104 Certificat
1561 2920 53 88 au
1667 2901 167 99 susdit
1917 2899 190 111 hopital

774 3034 41 73 le
930 3034 41 76 21

780 3183 59 74 vû
897 3186 72 74 par
1026 3173 107 81 nous
1191 3168 195 81 medecin

1604 3058 205 129 Gillot

775 3272 42 74 du
858 3275 75 97 10y
997 3281 34 70 au
1079 3258 60 114 Cap
1202 3253 282 106 Baladat
