3104 4224
777 779 221 107 aagé
1077 730 97 132 de
1234 727 189 150 vingt
1493 725 86 118 un
1691 739 231 114 Au,
1992 724 233 144 lequel
2325 746 146 116 apres

735 917 252 138 serment
1078 939 127 101 par
1264 917 107 136 luy
1482 910 231 138 presté
1825 899 95 133 de
1960 899 177 127 Dire
2209 904 208 112 Verité

706 1126 185 110 Luy
955 1105 314 118 Avons
1407 1081 382 155 demandé
1873 1081 124 146 son
2080 1094 110 115 nom
2275 1139 45 78 et

768 1283 339 123 quallité,
1159 1286 234 122 celluy
1471 1278 69 123 de
1575 1281 95 111 ses
1792 1291 164 109 pere
2034 1288 44 85 et
2182 1290 139 90 mere

752 1454 70 104 sa
885 1454 305 115 naissance
1283 1476 39 91 et
1401 1457 70 94 sa
1541 1454 383 108 religion,

722 1636 0 118 A
876 1630 118 115 dit
1094 1653 54 91 se
1194 1673 245 86 nommer
1539 1655 235 108 nicolas
1901 1634 454 133 Besnard,
2400 1633 46 116 du

774 1799 86 107 du
900 1808 335 128 Chesme,
1306 1808 209 129 fils
1667 1806 100 136 d'y
1811 1824 119 119 sac
2046 1833 371 109 Besnard

764 1980 47 93 et
905 1973 64 109 de
1027 2004 160 98 marie
1281 1982 371 130 Gabrielle
1764 1995 519 131 Montagne,
2316 2009 81 91 ses

690 2167 216 95 ppere
981 2170 37 84 et
1093 2169 226 103 Mere
1421 2171 166 119 natif
1671 2165 62 103 de
1783 2167 80 124 la
1921 2185 363 110 parroisse

750 2329 347 112 dudoüé
1168 2323 236 128 Evêché
1494 2356 58 102 de
1671 2347 393 124 xaintonge
2173 2339 67 118 de
2274 2343 50 102 la

753 2489 312 115 religion,
1111 2494 468 153 Catholique,
1626 2515 494 146 appostolique
2222 2531 42 77 et
2325 2521 155 88 romaine

747 2642 35 87 et
835 2642 307 107 Caporal
1253 2656 75 94 de
1357 2664 58 98 la
1461 2659 371 114 Compagnie
1918 2664 74 114 du
2039 2686 145 90 sieur
2247 2672 194 91 Bullet

738 2778 161 106 dont
956 2798 74 111 est
1088 2798 47 99 le
1183 2788 275 123 soldat
1550 2804 281 122 arresté,
1865 2837 45 92 es
1997 2826 280 101 prisons
2345 2811 64 101 de

742 2935 179 109 Cette
997 2940 279 114 ville,

715 3086 214 131 Luy
992 3111 166 94 avons
1279 3095 308 133 demandé
1651 3124 89 113 s'il
1813 3112 337 137 Connoist
2204 3124 41 100 le
2284 3130 99 96 sol

749 3250 89 113 qui
892 3254 82 106 est
1058 3261 248 105 arresté
1374 3272 42 95 et
1468 3277 170 108 dites
1752 3290 398 110 prisons,

791 3377 308 179 Adit
1183 3396 86 183 Le
1314 3405 307 177 Connoître
1721 3478 137 118 pour
1932 3476 265 121 soldat
2293 3465 52 111 de
2371 3457 39 120 le
