3136 3624
352 2330 9 79 "

603 326 427 52 Momparu
1070 326 247 65 pardevant
1378 326 109 68 nous
1528 326 98 70 pour
1672 326 175 72 premier
1893 326 41 62 ce
1975 326 77 63 moin
2088 326 31 71 de
2150 326 216 76 l'inform.

686 386 131 97 faite
872 386 38 95 cy
952 386 215 75 dessus.
1195 395 215 84 Contre
1446 388 44 81 le
1523 395 188 88 nommé
1753 386 94 92 Jean
1883 390 193 85 françois
2133 388 158 80 monpas

691 488 50 68 dit
794 482 217 80 Dumass
1066 483 167 88 accusé
1281 483 50 88 du
1360 484 111 87 Crime
1520 483 31 88 de
1594 483 203 88 desertion
1871 503 37 64 Le
1938 503 179 65 nommé
2153 494 142 65 Pierre

704 588 162 81 marin
908 577 203 86 monnier
1160 580 50 89 dit
1252 577 43 97 S^t
1321 589 148 87 Denis
1540 588 231 87 Caporal
1827 591 28 86 de
1883 583 29 92 la
1960 579 289 101 Compagnie
2304 580 36 76 de

676 697 267 85 Coulons,
977 696 220 90 auquel
1244 693 120 96 apres
1418 705 73 63 que
1551 691 160 87 lecture
1772 691 73 94 luy
1885 706 0 66 a
1932 706 67 73 été
2032 684 114 97 faite
2212 684 34 95 de
2279 689 47 83 ses

667 811 396 97 Depositions,
1097 812 77 96 luy
1222 815 160 90 avoris
1417 805 222 92 demande
1694 803 77 98 s'il
1819 816 160 77 navoit
2041 819 70 61 rien
2159 817 0 79 a
2236 802 34 89 ye

686 918 218 98 adjouter
972 918 48 96 ny
1068 918 259 96 diminuer,
1361 916 123 92 nous
1525 916 0 86 a
1565 916 41 100 dit
1668 921 129 93 Icelle
1824 915 198 98 Contenir
2090 924 143 86 verité
2281 933 41 57 et

679 1031 196 76 n'avoir
927 1036 85 64 rien
1064 1038 0 81 a
1130 1040 0 69 y
1169 1026 228 89 changer
1469 1028 39 72 et
1535 1034 0 65 a
1587 1026 163 95 signé
1796 1026 111 95 fait
1953 1044 46 75 au
2031 1026 79 95 fort
2142 1037 40 71 S^t
2201 1044 111 54 Louis

669 1113 44 78 Ce
762 1115 288 85 Beuxieme
1106 1124 94 88 jour
1248 1123 37 89 du
1342 1115 87 93 mois
1471 1115 35 94 de
1557 1115 100 98 may
1699 1115 36 91 de
1771 1139 179 70 l'année
2014 1134 79 84 mil
2136 1117 86 101 sept
2251 1117 93 98 cent

676 1216 157 102 trente
887 1231 50 99 un
1021 1226 159 97 signé
1226 1224 2 94 a
1274 1234 237 98 l'original
1596 1220 223 114 monier,
1841 1220 32 98 de
1927 1222 168 112 massip
2164 1229 32 85 et

670 1322 248 123 Goguetel
969 1326 274 123 greffier.

592 1508 640 119 Recollement
1293 1514 88 118 fait
1442 1547 61 75 au
1538 1521 87 108 Cort
1669 1512 45 104 s^t
1756 1514 123 118 Loüis
1923 1530 27 87 le
1975 1520 114 111 deux
2176 1543 123 81 jour

693 1628 43 96 du
809 1629 93 100 mois
946 1624 43 105 de
1025 1626 130 87 may
1206 1626 29 103 de
1264 1640 180 89 l'année
1509 1630 73 91 mil
1632 1635 109 94 sept
1777 1628 115 105 Cent
1928 1655 152 73 trente
2145 1658 58 71 un

694 1738 83 78 par
835 1739 110 80 nous
1021 1743 135 78 major
1214 1733 39 92 du
1291 1736 71 87 fot
1413 1741 27 76 ci
1490 1739 226 92 quartiers
1766 1739 27 90 de
1837 1741 33 80 s^r
1926 1749 193 81 Loüis.

645 1824 101 98 Et
794 1824 304 97 Comparu
1159 1827 257 95 pardevant
1463 1855 101 66 nous
1605 1854 94 70 pour
1747 1826 135 94 second
1922 1827 196 92 temois,
2159 1843 61 69 de

664 1924 373 111 L'information
1093 1924 119 106 faite
1268 1927 31 110 cy
1339 1924 168 107 dessus,
1538 1924 182 109 Contre
1768 1928 32 87 le
1840 1930 166 85 nommé
2038 1932 88 105 Jean
2157 1934 191 101 françois

677 2033 273 104 Monpas
994 2038 51 97 dit
1089 2040 214 86 Dumas
1354 2053 155 85 accusé
1553 2049 51 93 du
1634 2038 139 104 Crine
1818 2035 36 107 de
1884 2035 191 107 desertun
2149 2057 58 74 Le

690 2140 183 84 nommé
930 2134 152 92 Pierre
1127 2144 215 74 Beaune
1399 2144 51 78 dit
1494 2145 32 80 la
1569 2140 199 89 lancette
1835 2142 142 90 soldat
2013 2152 34 79 de
2070 2158 27 73 la
2133 2150 186 81 Compay

682 2226 43 85 de
773 2226 218 101 Coulons,
1019 2242 182 83 auquel
1243 2238 127 89 apres
1426 2247 70 77 que
1545 2240 183 95 lecture
1791 2238 70 95 luy
1903 2252 0 76 a
1945 2259 63 78 été
2057 2236 106 101 faite
2226 2238 28 103 de
2282 2240 49 95 ses

661 2328 441 96 Depositions,
1129 2334 101 88 luy
1276 2333 154 95 avons
1470 2333 248 100 demandé
1765 2356 67 78 s'il
1879 2361 147 70 n'avoit
2066 2364 120 71 eie,
2213 2364 0 71 a
2293 2363 0 71 y

675 2440 224 83 adjouter
954 2447 65 83 n'y
1062 2453 274 78 diminuer,
1372 2449 135 87 nous
1543 2446 102 91 adet
1695 2449 121 91 Icelle
1854 2448 191 86 Contenir
2094 2453 160 65 verité

513 2540 113 90 amum
663 2541 38 85 et
753 2544 173 95 n'avoir
978 2564 45 57 rie
1105 2555 75 80 ay
1217 2544 217 103 fanger
1479 2560 22 91 et
1538 2556 1 95 a
1583 2547 143 106 signé
1762 2556 136 97 fait
1942 2564 45 89 au
2024 2546 85 107 fort
2157 2546 63 81 s^t

663 2639 139 91 Loüis
852 2640 44 84 le
946 2648 314 84 Deuxieme
1316 2653 88 78 jour
1448 2646 44 77 du
1542 2654 82 73 mois
1668 2641 25 81 de
1743 2649 94 85 may
1869 2643 31 77 de
1932 2643 150 87 l'anne
2170 2660 82 69 mil

664 2723 102 98 sept
809 2722 282 121 centtrente
1168 2755 51 93 un
1296 2728 146 120 signé
1493 2731 0 93 a
1561 2729 240 121 Loriginal
1869 2734 43 106 S^t
1954 2729 214 110 Beaune

674 2827 35 88 de
778 2824 174 121 massip
1012 2850 36 100 et
1107 2834 209 119 goguetel
1384 2835 319 120 greffier.

1232 2951 289 103 neufiieme
1585 2962 108 91 page

1356 3028 143 139 dmp

564 2442 31 93 10

2809 500 5 89 C

2800 1560 0 98 0

2887 1248 0 102 1

2867 1620 34 61 de

2879 1731 0 61 1

2876 1833 2 58 4

2847 1920 0 80 B

2869 2027 3 89 2

2864 2243 46 70 pa

2860 2309 52 107 de

2886 2433 3 101 m

2857 2539 65 85 des

2846 2738 73 91 des

2846 2834 90 108 Ces

2861 2957 36 97 10
