3104 4208
2546 1220 29 97 10

669 756 3 100 a
743 727 109 142 luy
933 706 226 151 faitte
1271 700 68 147 de
1387 696 111 143 son
1578 689 574 150 Interrogatoire
2256 669 87 128 du

635 901 196 141 vingt
917 900 247 125 uniême
1279 859 425 161 Septembre
1824 872 181 100 Mil
2065 861 141 132 sept
2266 880 111 92 cents

660 1044 90 120 dix
840 1045 146 107 neuf.

612 1229 2 79 A
798 1205 101 108 dit
962 1209 213 109 quelle
1255 1194 295 112 contient
1631 1190 302 115 verité,
1974 1191 33 94 et
2088 1196 41 105 ny
2194 1180 237 119 voulloir

659 1369 105 93 rien
839 1344 251 124 adjouter
1173 1336 55 127 ny
1268 1334 328 113 diminuer,

623 1535 313 87 Avons
1053 1503 268 116 ensuitte
1418 1477 370 131 Presenté
1860 1468 313 135 Audit

621 1652 216 145 finion
952 1675 361 104 Carbonns
1495 1641 89 125 dit
1681 1669 185 101 saint
1982 1662 244 109 marcel

618 1822 114 129 Les
845 1849 248 114 nommés
1206 1824 227 135 pierre
1557 1816 237 138 dorlé
1898 1817 116 130 dit
2108 1807 287 136 duplessis

625 1984 248 134 Joseph
991 1977 84 119 Le
1129 1977 267 127 Conte,
1422 2009 38 85 et
1560 1999 240 95 nicolas
1916 1954 368 125 Besnard

651 2143 183 114 Tous
958 2162 149 88 trois
1238 2134 299 111 Temoins
1669 2129 299 112 contre
2064 2122 161 112 luy

611 2291 135 130 Luy
810 2291 288 130 Avons
1231 2286 364 133 demandé
1690 2302 106 91 s'il
1881 2284 97 106 les
2091 2300 240 93 connoit

652 2480 146 99 pour
903 2480 153 94 gens
1209 2468 356 119 d'honneur
1670 2486 40 101 et
1823 2472 73 104 de
1966 2474 390 96 Biens,

596 2625 499 128 L'avertiosant
1184 2628 280 127 qu'apres
1583 2655 81 103 que
1732 2622 262 126 lecture
2091 2623 136 132 luy
2288 2625 117 89 aura

644 2772 99 124 eté
840 2773 197 123 faitte
1153 2790 70 104 de
1261 2786 196 108 leurs
1613 2780 600 130 depositions,
2245 2779 44 125 il

660 2949 42 96 ne
752 2961 143 85 sera
1013 2946 143 102 plus
1291 2932 160 110 tenu
1569 2964 92 85 aux
1754 2926 581 127 Reproches

658 3110 109 118 qu'il
865 3102 285 104 pouroit
1278 3096 178 100 leur
1563 3090 316 125 faire,
1925 3117 43 85 et
2062 3099 93 111 que
2210 3099 111 80 son

664 3269 226 105 proces
1012 3265 122 127 luy
1221 3262 70 104 va
1412 3270 131 122 être
1647 3268 671 124 provotallement,

663 3405 173 135 Fait
922 3438 105 91 par
1113 3407 59 111 le
1238 3422 287 124 Conseil
1650 3416 67 135 de
1803 3434 355 117 guerre,

2506 3156 284 119 Conclasions
2845 3160 42 98 de
2942 3171 77 90 Mor

2511 3261 50 79 Le
2592 3261 119 84 Ch^er
2760 3271 242 86 dhericour

2535 3360 127 90 major
2721 3346 179 109 faisant
2922 3350 82 99 fouc

2527 3435 50 111 de
2607 3434 153 110 procur
2807 3434 40 114 du
2877 3462 105 89 roy.
