2944 4288
873 219 400 126 Carbonnel
1342 216 70 114 dit
1442 211 36 112 S^t
1524 210 194 116 Mariel
1771 198 285 117 (Simeon)

367 242 133 104 N.
539 266 102 85 5^.

329 560 201 115 plainte

1743 502 798 138 Monsieur

802 760 815 140 Monsieur
1755 769 688 141 Lemarquis

915 920 252 132 desorel
1276 925 492 154 chevallierde
1856 926 230 157 Lordre
2170 929 421 157 Millitaire

905 1069 85 107 de
1037 1073 160 107 saint
1310 1072 180 128 Louis
1622 1075 378 134 Gouverneur
2064 1076 275 134 General
2403 1081 96 133 des

896 1214 390 115 Collonnies
1426 1219 391 122 Francoises
1947 1226 77 112 de
2072 1242 167 100 saint
2338 1239 299 113 domingue

864 1436 135 113 Le
1079 1422 270 128 sieur
1428 1422 243 131 Buttet
1760 1450 395 104 Lieutenant
2252 1437 73 97 de
2378 1435 313 118 Vaisseau

885 1567 54 123 Et
1041 1585 341 110 Capitaine
1458 1613 167 80 d'une
1710 1581 419 131 Compagnie
2232 1591 349 111 Franche

885 1724 83 102 de
1029 1724 60 104 La
1157 1736 196 96 marine
1436 1767 38 67 en
1542 1750 317 89 garnison,
1897 1729 159 108 dans
2139 1743 52 89 la
2259 1747 197 93 ville

894 1878 87 114 du
1068 1886 199 111 Cap,
1354 1879 121 117 Vous
1597 1893 494 112 Remontre
2204 1929 104 80 que
2377 1914 61 90 le

853 2048 277 112 Nomme
1214 2051 231 103 Simeon
1529 2054 393 110 Carbonnol
2075 2055 100 105 dit
2245 2058 207 104 saint

863 2194 342 131 Marcel,
1275 2198 252 124 soldat
1643 2229 64 67 de
1758 2220 65 106 sa
1902 2205 494 133 Compagnie,
2449 2242 189 102 ayant

866 2329 258 138 deserte
1179 2334 97 140 Le
1330 2334 332 142 quatorze
1765 2341 77 114 de
1878 2344 96 108 Ce
2039 2374 190 96 mois,
2284 2389 1 67 a
2388 2368 143 99 este

870 2501 277 115 arreste
1200 2507 181 123 ches
1502 2509 341 125 Monsieur
1955 2501 86 133 de
2124 2498 360 136 Pardieu,
2520 2541 1 69 a

862 2676 216 104 quatre
1144 2671 182 111 lieues
1451 2680 66 92 de
1575 2676 166 103 Cette
1824 2670 250 119 ville,
2131 2672 132 119 dans
2346 2682 91 114 les

861 2854 243 88 prisons
1248 2837 69 98 de
1358 2841 350 120 laquelle,
1741 2838 35 118 il
1826 2832 69 102 est
1988 2835 375 116 actuellement

864 3001 249 124 detenu;
1203 3017 308 122 pourquoy
1561 3006 31 130 jl
1671 3001 269 135 demande
2029 2999 121 143 qu'il
2228 3012 240 128 soit

836 3163 337 116 Informe,
1230 3173 120 100 pour
1422 3167 217 109 Ensuite
1735 3163 97 112 etre
1920 3163 177 119 faite
2153 3163 257 113 Justice,
2442 3183 233 90 suivant

849 3316 69 95 les
1010 3317 362 117 ordonnances
1490 3320 43 114 de
1566 3320 43 111 sa
1676 3343 261 99 majeste,
2013 3325 186 119 Fait
2291 3363 59 78 au
2384 3346 126 105 Cap

837 3480 49 83 Le
959 3455 96 125 dix
1137 3462 274 135 huitieme
1492 3463 340 139 Septembre
1925 3468 160 137 Mil
2141 3474 122 135 Sept
2328 3477 151 97 Cents
