3136 3624
802 322 83 44 dre
926 322 165 46 ponoil
1150 322 122 50 hetre
1335 322 55 61 ny
1433 322 75 67 l'un
1568 324 57 68 ny
1676 322 170 76 lautre

726 359 314 103 Interrogé
1092 370 85 104 s'il
1217 374 101 104 scait
1374 407 71 74 que
1501 387 42 96 le
1576 405 183 84 nommé
1793 407 173 87 Dumas
2003 424 53 74 est
2093 424 157 81 accusé
2302 412 53 75 du

716 452 160 88 Canme
936 478 35 77 de
1014 470 210 110 desertion
1259 479 36 103 et
1330 474 75 109 s'il
1448 478 28 111 le
1505 482 96 113 Croit
1647 488 333 117 veitablement
2025 497 263 110 deserteur.

711 579 0 56 a
774 562 323 108 Repondu
1149 576 97 99 qu'il
1289 582 105 100 Croit
1446 600 106 84 qu'il
1603 602 33 72 en
1690 584 353 115 véritablement
2081 591 197 109 desrteur

682 687 353 116 Interrogé
1083 697 146 110 qu'elle
1264 706 150 92 preuve
1474 719 28 88 il
1544 718 6 106 a
1601 735 92 74 pour
1745 722 134 115 Croire
1939 748 65 83 que
2051 737 97 110 ledit
2212 738 113 108 Jean

712 791 221 91 françois
985 801 201 92 monpas
1223 805 45 91 dit
1304 824 202 81 Dumas
1542 818 65 92 soit
1646 820 268 98 déserteur.

677 896 1 69 a
771 884 328 119 Repondu
1149 923 82 78 que
1280 910 45 103 ce
1351 903 166 119 soldat
1568 927 182 83 s'etant
1771 924 157 101 Euadé
1965 932 41 79 de
2035 952 32 60 la
2112 947 258 98 Compagnie

688 986 68 73 Le
781 984 75 79 soir
907 991 44 76 du
981 993 190 91 Depart
1227 1004 38 97 de
1293 1018 170 91 laditte
1519 1025 291 97 Compaynie
1874 1033 42 93 du
1948 1044 102 91 petit
2095 1055 134 83 goave
2275 1068 88 62 pour

711 1085 117 87 venir
882 1090 110 77 dans
1041 1105 86 75 cette
1193 1109 231 94 garnison
1471 1140 36 63 et
1555 1143 47 60 ne
1631 1132 185 89 layant
1847 1139 77 79 pas
1961 1148 71 81 beu
2101 1139 185 92 joindre

700 1195 77 91 sa
824 1205 303 108 Compagnie
1178 1224 73 99 n'y
1294 1220 213 100 paroitre
1545 1222 160 103 depuis
1744 1232 209 111 cetomps
2017 1247 36 102 la
2116 1242 28 111 Il
2183 1258 177 98 jugeoit

706 1321 100 72 qu'il
866 1326 126 70 avoit
1041 1331 193 71 déserté

678 1413 350 102 Interrogé
1074 1425 77 73 s'il
1195 1423 4 97 a
1236 1423 310 105 Connoissance
1619 1448 77 80 que
1742 1441 200 103 l'accusé
1967 1458 56 67 ait
2062 1463 213 84 emporte

693 1515 110 79 avec
837 1515 74 75 luy
975 1530 260 72 quelques
1269 1527 158 87 Choses
1473 1531 44 85 de
1551 1548 80 69 son
1683 1542 254 88 uinformé

659 1616 1 65 a
753 1610 340 90 Repondu
1165 1637 135 74 qu'il
1347 1644 41 68 n'a
1454 1649 110 68 nulle
1610 1642 339 102 connoissance
2017 1680 64 69 que
2125 1671 19 73 le
2187 1665 57 81 dit

680 1723 194 81 accusé
922 1729 58 74 ais
1013 1729 208 82 emporté
1261 1739 100 81 avec
1401 1743 81 78 luy
1528 1757 227 83 quelques
1789 1758 165 88 Choses
1984 1763 25 87 de
2031 1765 57 87 son
2129 1773 213 81 uniforme

665 1806 365 109 Interrogé
1080 1819 69 97 s'il
1200 1821 106 91 scait
1354 1830 286 98 depuisquel
1688 1864 151 75 temps
1888 1847 105 88 ledit
2053 1857 164 95 accusé
2261 1855 60 90 Est

681 1910 168 84 soldat
906 1914 33 71 de
970 1915 33 71 la
1053 1918 290 98 Compagnie
1393 1927 34 85 de
1463 1952 169 69 Coulons

653 2029 3 59 a
750 2013 337 94 Repondu
1146 2047 127 71 qu'il
1313 2031 113 95 croit
1486 2055 79 71 que
1597 2054 114 80 ledit
1763 2049 107 97 Jean
1902 2056 204 94 françois
2159 2073 189 88 Monpas

674 2101 60 93 dit
802 2111 224 86 Dumas
1067 2129 2 74 a
1124 2139 73 81 été
1260 2141 223 87 Incorporé
1530 2137 113 88 dans
1672 2144 36 85 la
1751 2144 113 101 ditte
1901 2178 323 81 Compagnie

664 2209 37 71 de
740 2209 194 84 Coulons
1002 2223 31 71 le
1078 2234 107 70 neuf
1252 2232 113 79 mars
1392 2232 234 83 dernier.

645 2290 355 130 Interrogé
1043 2311 76 101 s'il
1175 2320 75 110 luy
1294 2352 3 54 a
1349 2354 81 73 veu
1497 2351 161 83 monter
1715 2347 29 112 la
1793 2349 131 105 garde
1990 2380 166 83 recevoir
2210 2373 32 80 le

650 2401 120 89 prest
835 2426 34 82 et
903 2416 146 97 passer
1090 2447 48 73 en
1181 2444 160 70 reveue

701 2508 330 108 Repondu
1087 2544 119 76 qu'il
1268 2540 48 89 ne
1363 2551 75 87 luy
1486 2561 3 77 a
1537 2560 76 85 pas
1660 2560 68 93 veu
1799 2584 155 81 monter
2016 2579 33 92 la
2082 2581 141 90 garde

654 2629 49 70 ny
749 2629 184 72 recevoir
988 2633 28 84 le
1041 2635 156 89 prest,
1253 2662 109 59 mais
1412 2655 121 75 qu'il
1582 2660 28 67 la
1657 2668 69 84 veu
1781 2677 157 81 passer
1975 2697 43 61 en
2082 2689 148 79 reveüe

633 2703 37 82 la
718 2710 128 84 veille
901 2717 41 77 du
985 2727 200 85 Depart
1227 2731 37 88 de
1292 2734 174 98 laditte
1501 2746 272 97 Compagnie
1813 2773 51 86 du
1884 2790 98 77 petis
2037 2785 197 82 goacre.

628 2797 384 133 Interrogé
1056 2822 81 101 s'il
1173 2833 5 78 a
1222 2840 318 113 Connoissance
1617 2876 88 80 que
1758 2869 56 102 ce
1841 2865 160 96 soldat
2065 2907 68 81 aye
2189 2915 93 66 été

1215 3036 167 106 Sept^e
1418 3036 109 108 page

1339 3114 144 226 dmp

2862 1424 4 75 A

2861 1523 3 55 C

2862 1711 4 100 /

2860 1836 0 59 A

2839 1930 0 67 A

2857 2015 5 76 1

2796 2128 0 85 L

2837 2202 86 94 Con

2843 2301 73 103 deu

2842 2419 96 90 Très

2844 2521 37 102 Ge

2803 2929 113 83 jour

2801 3038 81 74 par
