3008 3608
184 320 98 63 ment
345 320 53 55 du

109 491 79 87 che패
246 486 93 86 sur
377 488 41 88 le

101 593 319 106 Connoissance

76 704 53 99 es,
155 721 67 82 Est
270 696 103 105 fils

79 823 251 60 aternieur

105 912 224 71 Barras

137 1023 186 93 quatre

72 1128 107 83 sage
226 1114 96 77 rond
382 1113 39 68 le

82 1344 204 80 l'Endroit
330 1341 173 90 l'accuse패

68 1456 33 77 au
138 1443 116 113 dans
275 1439 201 111 sefuutte

83 1555 160 82 eudroit
294 1565 37 69 ou
365 1548 130 85 ledit

103 1678 66 66 n'il
208 1675 1 64 a
259 1673 101 65 tenu

89 1882 37 78 ue
179 1874 37 104 la
260 1868 210 110 desertion

97 1983 268 77 habitants

78 2190 28 82 de
148 2172 173 98 Cola.

76 2289 109 84 ontre
261 2281 213 90 l'accuse패

121 2402 114 64 avee
272 2385 152 76 verite패

125 2483 177 90 laport
349 2505 7 76 a
396 2481 35 92 sa

124 2729 50 66 ny
219 2726 111 70 pour
386 2724 73 52 nx

89 2931 2 88 a
129 2914 57 110 dit
232 2913 167 110 Icelle

1035 320 232 75 Contenu
1334 320 143 67 verite패
1527 321 33 68 et
1605 321 0 56 a
1666 321 177 77 signe패s
1893 321 60 73 au
1992 321 89 75 fort
2120 321 38 75 S^t
2197 321 133 70 Lou팯is
2369 322 27 55 ce
2435 322 244 66 deuxieme

1035 384 111 98 jour
1205 396 44 76 du
1300 382 88 89 mois
1425 382 44 86 de
1521 392 95 90 may
1668 380 29 88 de
1734 380 169 96 l'aine패e
1977 397 66 88 mil
2094 378 103 105 sept
2227 380 110 100 cent
2389 383 110 90 trente
2558 399 58 84 un

1041 480 163 114 signe패
1252 479 1 88 a
1317 477 246 120 L'original
1677 475 245 104 monnier,
1961 481 34 93 de
2052 471 147 120 massip
2272 488 33 101 et
2362 484 252 104 goguetel

1030 581 263 125 greffier.

953 837 136 93 Le
1148 813 165 113 Jour
1381 815 36 116 et
1459 826 52 114 an
1579 810 79 115 que
1717 809 156 103 dessus
1949 806 243 111 deuxieme
2242 807 36 102 de
2320 821 78 107 may
2466 813 208 115 milsept

1034 935 89 67 cent
1176 924 149 75 trente
1384 934 89 62 un,
1509 922 65 81 Est
1622 922 279 86 Comparu
1966 922 255 84 pardevant
2269 930 118 76 nouss
2441 938 184 68 Major

1027 1018 40 86 de
1107 1018 59 83 s^tt
1199 1018 133 96 Lou팯is
1438 1021 112 89 pour
1610 1026 106 74 nous
1802 1017 159 92 servir
2014 1014 39 78 de
2100 1016 165 89 Second
2325 1012 178 87 Temoin

1014 1113 200 96 Contre
1267 1115 34 90 le
1341 1120 193 91 nomme패
1581 1115 107 94 Jean
1748 1116 213 95 franc퍊ois
2001 1119 240 85 Monpos
2274 1119 47 80 dit
2375 1134 226 73 Dumas

1037 1222 179 89 accuse패
1266 1226 39 81 du
1362 1222 172 88 Crime
1597 1222 39 86 de
1686 1223 293 92 de패sertion.

1007 1331 75 90 Vn
1132 1332 251 88 homme
1452 1334 201 85 detaille
1709 1332 25 86 de
1784 1331 119 87 Cinq
1953 1356 138 62 pieds,
2110 1332 219 85 Cheveux
2380 1332 250 84 Chatains

1028 1437 81 85 Les
1163 1436 108 84 yeux
1319 1436 196 93 Bleus,
1555 1443 183 92 visage
1792 1445 141 87 rond,
1960 1442 169 81 Barbe
2163 1439 257 98 Blonde,
2440 1444 34 71 le
2515 1447 54 83 ne패s
2623 1459 54 78 un

1025 1546 100 81 peut
1182 1541 100 90 gros
1318 1539 28 74 et
1397 1544 207 101 eerasse패,
1647 1542 28 69 la
1733 1544 179 103 Douche
1962 1549 250 100 grande,
2248 1561 193 88 auquel
2498 1548 150 92 apres

1027 1640 243 82 serment
1343 1651 85 73 par
1483 1652 79 79 luy
1623 1650 134 81 pre팩te패
1805 1645 25 72 de
1872 1646 86 71 dire
2037 1647 213 85 Verite패.

1022 1735 213 93 avous
1277 1735 248 96 demande패
1574 1737 57 91 son
1702 1755 99 71 nous
1850 1753 29 72 et
1928 1753 212 83 qualite패s
2183 1767 28 63 et
2246 1741 184 105 Celluy
2473 1743 35 103 de
2536 1743 43 90 ses

1032 1846 94 96 pere
1187 1848 27 77 et
1288 1844 148 98 mere,
1470 1849 47 80 son
1577 1852 128 88 age패.
1753 1845 161 81 lelieu
1961 1846 34 96 de
2036 1847 26 83 sa
2137 1843 256 99 naissance
2460 1860 34 61 et
2548 1847 40 77 la

997 1936 303 110 Religion
1361 1943 121 99 qu'il
1535 1931 274 108 professe.

990 2065 0 61 A
1091 2044 71 82 dit
1239 2040 24 85 se
1305 2045 250 80 nommer
1638 2038 137 86 Pierre
1828 2049 226 75 Beanne
2143 2051 54 72 dit
2250 2045 30 78 la
2334 2038 196 85 Lancette
2607 2046 0 76 a
2696 2053 24 69 at

1018 2142 237 83 Baibier
1306 2138 30 76 de
1373 2138 37 104 la
1469 2139 289 107 Compagnie
1810 2138 37 100 de
1884 2138 178 106 Coulons
2151 2140 81 106 fils
2269 2152 178 84 d'Etienne
2492 2144 192 72 Beaune

1018 2245 270 92 Bourjeois
1323 2244 35 73 et
1393 2240 27 73 de
1469 2238 229 103 martialle
1753 2251 132 90 pinot
1941 2241 48 99 ses
2031 2253 83 88 pere
2170 2252 14 61 et
2239 2249 84 74 mere
2385 2244 118 71 natif
2565 2247 28 72 de
2621 2249 35 73 la

1026 2341 221 94 perroisse
1298 2341 33 73 de
1364 2343 188 77 libersai
1597 2342 169 86 Eueche패
1811 2346 33 73 de
1889 2337 175 92 L'imoges
2102 2336 27 82 de
2161 2343 26 79 la
2232 2333 247 90 Religion

996 2449 346 84 Catholique,
1373 2449 283 86 apostolique
1706 2453 32 79 et
1807 2449 257 84 Romaine

998 2539 165 116 Luy
1211 2552 164 85 avons
1415 2544 224 122 demande패
1680 2543 61 100 s'il
1802 2546 203 82 Connoist
2076 2545 41 94 Le
2157 2545 163 142 noorne
2416 2547 9 140 d
2540 2573 137 89 anc퍊ois

1031 2654 203 90 Monpas
1270 2649 52 74 dit
1384 2654 210 74 Dumas

991 2744 5 83 a
1079 2736 70 94 dit
1221 2736 44 92 le
1301 2736 233 93 Connoitre
1600 2761 87 75 pour
1738 2741 132 95 soldat
1921 2736 36 89 de
1979 2757 29 70 la
2059 2739 262 95 Compagnie
2387 2745 29 71 de
2452 2737 175 92 Coulons

999 2848 343 104 Interroge패
1386 2846 82 102 s'il
1523 2864 55 83 n'en
1649 2850 119 83 point
1815 2844 166 92 parent
2044 2857 48 66 ny
2131 2852 119 78 allie패
2304 2838 33 86 du
2383 2838 277 95 Denomme패

1022 2959 47 95 cy
1119 2954 234 81 dessus.

1519 3036 65 94 Six
1654 3014 121 118 page

1521 3120 170 133 dmp

2223 2463 2 121 F
