3136 3616
355 2502 92 0 1

899 323 169 56 oge
1130 323 94 53 s'il
1274 323 2 46 a
1337 323 393 78 Connoissances
1766 323 46 82 du
1849 323 358 92 signalement
2269 334 54 77 du

713 386 203 90 nommé
973 384 115 91 Jean
1124 391 200 83 françois
1372 400 213 94 Monpas
1630 408 53 88 dit
1734 418 277 86 Dumas.

678 486 1 68 A
765 473 345 121 Repondu
1168 494 85 104 que
1287 496 85 103 par
1432 500 51 91 le
1518 495 369 120 signalement
1918 515 184 103 Couché
2156 508 89 98 sur
2292 533 32 80 le

688 586 252 94 Registre
1014 591 30 82 de
1080 597 33 85 la
1168 594 285 106 Compagnie
1510 608 41 101 de
1591 604 269 105 Coulons,
1882 626 30 84 il
1963 624 1 95 a
2015 616 313 107 Connoissance

688 696 89 79 que
852 685 129 78 ledit
1041 689 114 78 Jean
1191 699 202 86 françois
1431 710 246 97 Monpas
1709 712 57 96 dit
1812 728 227 93 Dumas,
2057 747 70 77 Est
2180 728 97 97 fils

695 795 47 73 de
774 799 218 78 Martin
1058 812 206 75 Monpas
1313 821 25 69 et
1382 814 36 79 de
1478 828 319 79 Margueritte
1858 834 370 81 Bertenieur

692 904 146 98 natif
887 905 34 78 de
963 908 28 74 S^t
1060 912 168 99 Martin
1289 923 245 95 parroissé
1574 924 37 96 de
1644 923 127 91 susd.
1790 926 176 88 Eueché
2005 940 225 62 Darras

674 1016 125 97 agé
851 1017 30 86 de
920 1029 124 91 vingt
1090 1024 117 91 deux
1267 1042 158 73 ans,
1465 1030 144 96 Taille
1669 1032 307 103 Cinqper,
2023 1054 192 83 quatre

684 1122 202 80 pouces,
928 1126 219 81 cheveux
1200 1132 301 82 chatane,
1533 1146 96 65 sans
1666 1144 190 83 barbe,
1882 1147 173 79 visage
2105 1159 128 63 rond,
2266 1157 72 62 les

699 1235 102 64 yeux
850 1227 144 77 bleus
1042 1225 38 104 de
1113 1230 266 103 profession
1420 1232 230 84 Jardinier

667 1325 368 111 Interrogé
1081 1348 84 87 s'il
1226 1338 48 103 n'a
1310 1368 79 74 pas
1425 1345 79 99 ouy
1548 1349 94 78 dire
1701 1348 110 103 dans
1847 1376 102 74 quel
1985 1354 163 88 endroit
2192 1366 163 86 l'accuse

661 1437 0 74 a
738 1445 147 85 resolu
962 1440 41 92 se
1047 1446 149 96 retirer
1256 1451 33 107 et
1333 1451 141 98 qu'elle
1527 1457 125 96 route
1704 1474 33 83 il
1790 1474 2 85 a
1851 1458 111 109 tenu
1998 1460 111 113 dans
2137 1464 26 112 sa
2206 1466 127 112 fuitte

651 1543 1 67 a
728 1535 309 96 Repondu
1094 1550 161 72 n'avoir
1305 1571 111 73 nulle
1446 1556 335 95 Connoissance
1837 1564 34 93 de
1901 1567 195 86 l'endroit
2145 1593 40 59 ou
2222 1579 130 85 ledit

668 1653 188 94 accusé
894 1655 2 89 a
968 1660 142 91 résolu
1155 1663 28 84 se
1228 1685 136 71 retirer
1428 1669 69 95 n'y
1535 1669 36 98 de
1595 1677 36 88 la
1682 1679 149 93 routte
1883 1695 129 79 qu'il
2050 1695 2 70 a
2103 1688 101 81 tenu

652 1738 121 100 dans
820 1753 30 82 sa
903 1756 170 90 fuitte,

643 1838 359 114 Interrogé
1055 1844 74 100 s'il
1198 1873 50 89 n'a
1294 1869 130 80 point
1459 1860 343 114 Connoissance
1872 1903 81 69 que
2007 1895 41 91 la
2094 1883 216 105 desertion

658 1947 43 79 de
740 1953 206 97 l'accusé
992 1960 84 95 aye
1127 1977 72 87 été
1235 1970 236 104 fauorisée
1521 1995 79 75 par
1664 2000 228 85 quelques
1924 1994 273 85 habitants

654 2065 37 56 on
754 2053 159 75 autres
947 2058 38 102 de
1033 2061 210 100 quelque
1303 2075 162 102 façon
1519 2089 89 76 que
1669 2085 41 102 ce
1742 2087 168 92 soit.

603 2156 1 79 a
710 2149 364 96 Repondu
1144 2184 166 71 n'avoir
1365 2193 110 82 nulle
1522 2179 331 111 Connoissance
1900 2198 32 81 de
1971 2199 175 89 Cela.

596 2262 286 76 Enquis
933 2270 79 85 s'il
1063 2273 51 79 na
1171 2285 80 84 rien
1300 2293 4 66 a
1371 2284 187 92 Deposer
1627 2314 102 72 pour
1781 2318 37 65 ou
1852 2320 156 73 Contre
2079 2310 208 89 l'accusé

647 2369 162 68 étant
852 2374 156 94 obligé
1057 2387 41 82 en
1146 2401 215 73 qualité
1396 2390 37 84 de
1486 2400 188 88 remoin
1731 2400 33 72 de
1795 2401 85 71 dire
1936 2412 85 75 ave
2090 2414 155 78 verité

633 2478 105 77 tous
780 2478 44 87 ce
859 2478 114 86 qu'il
1042 2493 103 73 peut
1190 2489 186 92 scavoir
1436 2523 82 64 qui
1552 2525 58 58 ait
1657 2514 216 80 quelque
1940 2527 179 78 rapors
2162 2542 0 65 a
2211 2521 37 80 sa

634 2585 240 82 desertion

575 2690 1 69 a
691 2673 349 103 Repondu
1107 2692 164 84 n'avoir
1325 2706 98 71 plus
1461 2714 85 79 rien
1597 2722 3 62 a
1652 2711 221 93 Deposer
1937 2743 58 59 ny
2033 2749 117 64 pour
2204 2753 62 54 ny

627 2792 173 80 Contre
857 2801 41 73 le
936 2796 60 84 dit
1064 2804 179 80 accusé

633 2899 284 90 Lecture
985 2913 3 71 a
1029 2908 97 106 luy
1167 2910 128 104 faite
1353 2918 42 86 de
1437 2921 59 81 sa
1537 2932 302 105 Deposition
1881 2962 4 74 a
1927 2949 48 96 dit
2029 2949 161 101 Icelle

1237 3049 159 71 Cinq.
1436 3050 101 84 page

1313 3153 75 119 dm

2873 1310 0 76 6

2854 1501 3 75 L

2863 1611 67 69 pet

2861 1696 59 93 Se

2843 1798 78 85 Al

2857 1911 70 69 pes

2823 2006 1 66 A

2805 2106 104 83 Ad

2833 2209 100 77 Ba

2823 2307 102 68 Bo.

2828 2423 100 80 purs

2800 2510 121 80 Catt

2761 2604 130 87 Lu

2804 2724 108 75 Mon

2779 2788 150 106 Adit

2766 2890 157 120 Inte

2785 3024 43 106 cy
2886 3010 26 99 de
