3232 4264
837 1677 230 118 L'honneur
1156 1679 26 105 de
1213 1691 83 86 vous
1335 1703 140 80 envoier
1531 1686 43 97 cÿ
1604 1682 91 99 joint
1775 1664 83 104 dela
1905 1661 100 110 lettre
2079 1665 40 100 du
2152 1653 33 118 S^t
2225 1655 33 107 du
2291 1689 81 78 past

818 1821 238 101 Lieutenant
1119 1850 58 78 qui
1247 1826 3 92 a
1280 1816 50 104 son
1377 1816 181 109 defaut,
1604 1809 252 92 Commande
1961 1820 33 83 na
2050 1802 130 104 troupe
2260 1819 33 88 au
2325 1797 57 107 fort

827 1963 201 109 Royal.
1095 1955 29 111 de
1150 1949 116 114 facon
1308 1965 60 96 que
1420 1943 18 96 le
1467 1942 74 93 bien
1602 1951 41 81 du
1673 1944 136 94 service
1910 1928 160 116 moblige
2131 1934 33 85 de
2186 1952 89 71 vous
2313 1930 104 83 recteu

836 2118 33 75 La
915 2106 254 83 demande,
1203 2107 63 76 que
1295 2096 27 79 la
1350 2101 180 78 premiere
1603 2082 185 87 nouvelle
1848 2079 26 89 de
1903 2081 186 86 l'avident
2136 2084 33 70 de
2204 2073 69 77 M.
2296 2070 131 84 Amman

812 2258 62 96 jay
913 2238 70 114 pris
1022 2223 238 107 laliberté,
1299 2215 391 118 Monseigneur
1789 2221 20 85 de
1831 2227 79 94 vous
1941 2203 94 117 faire
2092 2207 104 100 ieja,
2226 2189 37 89 de
2302 2187 113 93 Voulon

814 2366 79 102 bien
963 2373 151 89 acorser
1176 2380 40 73 au
1255 2352 32 94 1^r
1332 2345 176 109 eneeKer
1577 2343 26 108 la
1664 2369 97 80 grace
1859 2347 28 91 de
1929 2332 29 103 le
2008 2332 162 93 Revêtir
2236 2322 28 93 de
2275 2325 29 93 la
2338 2316 83 107 Crous

815 2505 82 96 dest
946 2503 109 100 Louis
1105 2508 29 81 et
1174 2501 135 90 donner
1360 2494 45 81 des
1439 2496 115 87 oreres
1606 2508 115 80 pour
1772 2482 19 123 le
1834 2477 187 128 passage
2095 2483 29 84 de
2156 2474 49 113 ces
2226 2470 126 123 officier
2392 2467 30 82 su

814 2650 26 107 de
885 2646 173 111 premier
1120 2639 182 95 Vaisseau
1378 2660 65 87 qui
1480 2637 71 108 fera
1605 2641 112 98 voille
1777 2642 103 88 pour
1925 2625 33 92 la
2011 2619 276 106 Martinque
2348 2618 85 74 toure

816 2795 29 61 on
907 2771 184 88 mobserve
1174 2766 100 100 aussi
1329 2768 85 98 qu'il
1462 2762 36 94 est
1553 2761 79 94 deut
1694 2759 211 97 plusieurs
1961 2755 134 101 Conges
2150 2755 92 91 dans
2291 2761 29 72 ma
2354 2752 50 77 trou

812 2899 69 120 qui'
916 2920 0 95 y
942 2897 96 103 sert,
1064 2918 26 90 je
1107 2909 87 87 rons
1220 2890 199 127 supplie,
1489 2897 399 116 Monseigneur
1963 2890 126 90 d'avoir
2146 2882 160 93 labonte
2336 2882 88 81 coider

815 3039 51 108 que
926 3025 222 120 Cinquante
1216 3022 179 103 hommes
1464 3048 51 95 que
1557 3041 60 98 j'ay
1677 3036 0 83 a
1720 3035 136 82 envoier
1931 3044 3 65 a
1990 3015 81 94 Cette
2101 3015 217 115 Compagnie
2357 3013 72 75 sous

807 3152 213 102 embarqué
1066 3147 61 96 sur
1172 3145 15 79 le
1241 3169 99 72 même
1423 3144 183 103 Vaisseau
1698 3157 76 72 avec
1835 3141 53 96 Ces
1924 3142 193 103 officier.
2183 3143 109 94 Mais
2327 3148 20 95 je
2381 3136 41 78 vois

802 3291 82 84 vous
929 3285 262 101 remarquer
1281 3282 90 107 qu'il
1438 3296 38 93 me
1521 3285 157 104 paroist
1745 3283 75 89 bien
1878 3276 235 109 difficile,
2156 3296 85 64 pour
2290 3282 33 71 ne
2365 3280 62 75 pas

807 3403 60 84 dire
918 3396 283 124 impossible,
1261 3396 94 117 que,
1389 3396 94 89 sans
1526 3396 43 116 les
1620 3415 180 105 exposer
1859 3396 293 105 visiblement
2228 3417 1 62 a
2261 3400 28 79 la

789 3522 277 140 Contagion,
1115 3519 50 138 ils
1194 3517 198 140 puissent
1471 3515 119 121 lêtre
1669 3523 89 104 dans
1807 3518 30 126 la
1884 3510 202 140 fregate
2161 3522 33 88 du
2240 3508 83 125 Roy
2359 3525 63 107 que

2954 1609 85 120 Con

2951 1758 82 106 Sieu

2955 1965 76 163 Gel

2975 3273 3 88 a
3004 3267 74 94 Roc
