3104 4224
846 756 92 138 dix
1013 755 137 146 neuf,
1187 765 6 101 M
1318 731 164 144 inutte
1586 708 251 158 Signe패e
1916 685 372 173 Gullet,

268 933 253 124 ordonnance
555 929 35 120 de
623 917 174 141 Mons^r
814 913 118 153 IL
1023 910 81 154 est
1191 904 393 156 ordonne패
1634 907 53 141 au
1713 901 122 136 sieur
1885 891 338 143 Chevallier
2279 903 299 131 d'hericourt

852 1091 203 123 Major
1132 1090 55 108 du
1270 1076 125 126 Cap
1478 1065 325 131 d'informer
1901 1051 231 110 contre
2226 1039 62 102 le
2340 1061 201 86 nomme패

822 1229 178 98 simon
1086 1211 412 111 Carbonnel,
1526 1201 238 106 soldat
1841 1196 303 101 deserteur
2231 1185 82 94 de
2348 1186 53 89 la

810 1371 385 98 Compagnie
1268 1344 80 108 de
1378 1355 242 96 Bultet,
1677 1358 2 65 a
1735 1330 54 91 la
1837 1311 215 121 grande
2125 1315 344 99 Riviere

794 1537 63 67 Le
912 1501 356 113 dixncufieme
1346 1499 350 108 septembre
1782 1466 177 101 Mil
2020 1446 147 133 sept
2248 1437 174 120 Cents
2503 1433 66 134 di

839 1650 132 111 neuf,
1024 1650 271 97 Minutte
1346 1628 207 113 signe패e
1656 1605 389 123 Lemarquis
2133 1603 406 108 desorel,

902 1772 3 111 &

835 1939 749 161 Information
1712 1954 67 120 du
1825 1954 291 113 bingte팩me
2205 1929 331 123 septembre

862 2126 143 108 Mil
1048 2113 116 107 sept
1225 2096 179 113 Cents
1499 2091 117 114 dix
1686 2088 152 124 neuf,
1907 2079 207 121 Faitte
2191 2074 127 117 Par
2377 2105 117 86 nous

843 2269 167 77 Louis
1118 2229 365 127 Chevallier
1571 2224 444 143 d'hericourt,
2050 2224 249 141 Major
2385 2224 52 89 de
2483 2232 139 81 saine

837 2396 315 104 domingue
1234 2393 255 102 servant
1563 2422 54 62 au
1698 2380 188 111 Cap,
1938 2380 248 105 Contre
2222 2382 61 98 le
2320 2402 203 80 nomme패

816 2526 204 111 Sime패on
1107 2529 318 113 Carbonne
1600 2525 116 117 dit
1803 2546 159 96 Saint
2072 2525 375 108 Marcel,

810 2680 233 107 soldat
1147 2680 41 96 de
1227 2679 57 103 la
1371 2682 370 119 Compagnie
1827 2699 74 105 de
1971 2696 298 108 Buttet,
2315 2686 203 99 accuse패

840 2816 46 101 de
960 2823 382 109 desertion,

670 2980 552 147 Avons
1374 2977 152 150 fait
1602 3008 151 116 venir
1829 3004 65 125 un
1981 3019 218 106 homme
2293 3020 80 106 de
2402 2987 143 137 Cinq

818 3163 158 102 pieds
1073 3171 35 93 et
1206 3165 157 91 deux
1452 3170 208 110 poulces
1773 3191 68 96 de
1880 3181 249 111 hauteur
2209 3177 248 115 grandse

797 3322 270 106 Cheveux
1146 3335 244 96 Bruns
1495 3339 325 107 Moyenne
1890 3345 486 109 Corperance,
2427 3347 155 102 aage패

813 3478 53 105 de
904 3481 195 133 vingt
1218 3477 164 148 neuf
1471 3487 233 111 ans,
1754 3481 234 141 lequel
2098 3510 204 115 apres
2371 3477 244 146 serment

283 1063 39 103 Le
369 1081 201 118 marquis
654 1058 143 133 desorel

285 1173 177 82 general

241 1924 323 116 Information,
