2368 3488
1477 188 637 139 Valvoisin.

284 356 221 89 INVALIDES
594 343 514 121 DE패PARTEMENT
1180 343 50 105 DE
1302 339 473 120 CHAMPAGNE.

291 442 92 67 retire패s
406 444 52 66 avec
481 449 17 62 la

311 525 74 56 Solde
418 525 20 58 de
467 525 12 59 la

341 587 119 78 Marine.

656 583 598 86 CERTTFICAT
1352 587 86 78 DE
1547 582 184 80 VIE.

585 699 236 118 NOUS
887 697 97 111 Louis
1058 695 184 113 Mathior
1283 703 44 93 Du
1360 715 95 81 hous
1523 724 164 87 Pre패cre,
1729 716 96 92 Cure패

695 810 27 79 de
762 811 33 78 la
835 798 165 86 Paroisse
1048 800 43 85 de
1218 794 232 76 Rocroy
1632 791 165 84 Flection

692 881 43 62 de
798 877 190 64 Reim
1319 866 189 66 certisions
1549 867 15 62 a
1600 871 74 57 tous
1724 861 84 65 qu'il

692 935 307 74 appartiendra,
1039 934 49 73 que
1130 933 24 72 le
1205 926 145 79 nomme패
1430 924 108 68 Jean
1590 917 215 75 Baptiste

695 1000 267 75 patvoisin
1112 989 257 74 Soldat
1519 995 33 64 au
1603 980 204 77 Re패giment

662 1046 101 73 dau
826 1056 74 60 cap

1506 1051 184 60 conpe패die패
1729 1058 12 54 a

1492 1098 50 44 sx
1573 1098 130 56 drnier
1734 1076 273 96 d'lyCinquience

689 1117 27 74 la
771 1112 113 79 demie
923 1106 118 83 solde
1085 1109 31 64 de
1185 1103 146 67 quare
1406 1105 65 78 sols
1522 1129 53 54 par
1621 1129 71 53 jour

695 1182 260 75 actuellement
1019 1178 164 77 vivant;
1236 1176 82 74 pour
1377 1176 98 75 s'e팩tre
1534 1168 168 79 pre패sente패
1750 1187 34 55 au

690 1249 191 76 jourd'hui
933 1245 132 73 devint
1117 1244 149 73 Nous,
1318 1242 22 67 en
1402 1240 48 74 foi
1507 1248 28 57 de
1592 1236 80 75 quoi
1724 1240 85 68 nous

690 1313 50 66 lui
797 1318 103 65 avons
958 1304 140 76 de패livre패
1134 1304 22 70 le
1220 1302 140 76 pre패sent
1417 1314 82 55 pour
1556 1300 92 70 jouir
1706 1294 103 74 dudit

689 1376 223 72 traitement
954 1368 299 80 conforme패ment
1306 1368 17 71 a
1355 1368 55 75 son
1458 1365 136 74 Conge패
1631 1360 1 76 &
1701 1373 12 61 a
1750 1358 55 74 son

696 1431 220 74 Certificat.

757 1494 132 71 FAIT
945 1489 13 74 a
1036 1485 206 69 Rocroy
1304 1486 29 66 ce
1411 1472 318 76 deuxieme

690 1563 80 72 jour
820 1561 35 69 du
911 1560 75 72 mois
1036 1561 40 69 de
1160 1550 200 81 fuillet
1529 1544 46 76 mil
1614 1544 75 79 sept
1733 1545 75 78 cent

720 1623 299 103 quetrevingt
1102 1631 121 95 Rinq
1347 1627 92 91 Du
1483 1628 166 95 houx

600 1763 190 103 NOUS
832 1769 302 93 SUDUBLE패QUE패
1172 1778 24 78 de
1233 1767 208 87 Mtendance
1486 1765 24 85 de
1548 1761 201 81 Champagne
1786 1765 32 77 au

700 1859 222 67 De패partement
959 1856 40 57 de
1055 1852 184 65 Rocroy
1574 1844 154 68 certifions
1766 1846 49 64 que패

694 1922 22 61 la
751 1913 161 73 Signature
947 1908 160 74 ci-dessus
1142 1906 32 72 est
1209 1904 63 78 celle
1317 1904 22 71 de
1375 1902 46 75 M.
1468 1902 169 71 Duhoux

696 1972 86 77 Cure패
810 1979 29 61 de
872 1968 18 74 la
934 1966 126 74 Paroisse
1099 1972 41 64 de
1196 1966 188 78 Rocroy

705 2041 42 63 que
782 2032 37 68 foi
854 2032 57 70 doit
952 2046 1 57 y
993 2030 52 72 e팩tre
1085 2028 109 74 ajoute패e

749 2083 82 87 FAIT
877 2094 14 64 a
924 2089 184 81 Rocroy
1242 2069 28 90 ce
1310 2069 88 90 dedx
1438 2084 143 75 Juillet
1715 2071 102 84 1785.
1837 2084 1 71 1

1199 2162 91 72 AII
1425 2145 217 108 follodeau
1675 2140 42 92 du
1744 2137 111 90 seaie
1912 2147 42 65 me

590 2369 1 86 I
642 2369 1 85 E
680 2376 40 78 prie
752 2379 117 74 Monsiour
887 2371 14 81 le
933 2372 111 79 Receveur
1068 2373 137 77 particulier
1230 2380 33 68 des
1288 2362 111 86 Finances
1418 2362 20 84 de
1463 2356 117 90 l'Elestion
1625 2372 27 72 de
1689 2354 182 90 Recins

1410 2431 12 57 de
1450 2429 60 59 payer

679 2484 10 63 a
709 2478 97 71 Jean
851 2475 184 72 Baptiste
1080 2475 189 69 Palvoisin
1313 2473 154 68 fusilier
1501 2468 174 72 Conge패die
1745 2466 47 71 du

692 2528 249 53 Re패giment
994 2529 37 53 du
1080 2530 57 54 Cap

673 2571 19 70 la
714 2571 84 77 fomtme
820 2571 20 80 de
867 2571 114 79 treize
1026 2571 119 74 livre패s
1190 2568 85 77 onze
1314 2559 84 83 sols
1508 2552 42 68 pour
