2720 4096
643 93 268 207 Adam
1033 86 238 202 hierrey

225 424 51 144 La
382 415 240 162 Guyanne

866 492 357 120 Lxtrait
1301 502 74 87 des
1436 497 235 103 Registres
1758 493 74 89 des
1934 464 276 120 Successions

486 880 380 112 Aujourdhy
968 871 88 89 huit
1109 884 239 86 septembre
1439 884 55 73 de
1577 855 147 103 Lannée
1799 870 56 75 mil
1907 854 124 103 sept
2105 855 80 87 cent
2243 843 157 103 quatre

532 974 127 92 vingt
730 969 90 89 neut
879 975 114 84 ayant
1065 961 64 86 eté
1202 960 169 90 informé
1438 965 69 80 que
1568 949 126 76 Pierre
1760 948 120 74 adam
1958 939 83 79 fils
2119 944 40 71 de
2231 941 207 72 Laurant

517 1055 149 86 Adam
755 1060 33 68 et
883 1053 40 75 de
999 1044 65 84 feu
1133 1060 110 68 marie
1325 1035 136 93 Touch
1550 1048 46 67 né
1659 1051 1 66 a
1735 1026 181 87 Colmard
1991 1022 41 85 En
2100 1020 163 88 Atpace
2325 1025 66 73 Lan
2440 1009 47 83 mil

520 1133 97 87 sept
661 1134 72 81 cent
770 1131 187 86 soixante
1014 1126 91 84 trois
1161 1118 65 84 f^e
1270 1117 46 93 de
1379 1115 27 83 la
1469 1115 258 90 Compagnie
1796 1122 40 68 de
1886 1108 136 88 Mercy
2066 1111 52 82 n°
2162 1118 1 71 3
2245 1119 46 66 au

541 1208 239 99 Bataitton
823 1214 45 81 de
927 1224 46 73 La
1045 1193 179 105 Gayane
1313 1189 112 85 Etoit
1535 1194 98 88 mort
1698 1206 31 67 à
1795 1174 223 108 l'hopital
2098 1179 39 86 de
2158 1194 76 75 cette
2277 1174 68 100 ville
2395 1165 17 108 le
2439 1162 77 108 jour

528 1281 143 104 d'hyer

729 1338 266 113 Nous
1067 1349 173 102 quartier
1313 1354 140 88 maitre
1534 1348 50 86 du
1633 1322 263 117 Bataillon
1977 1352 99 79 nous
2182 1308 231 117 Sommes

541 1452 315 89 Transportés
963 1463 78 68 aux
1136 1435 219 92 Cayernes
1475 1455 40 63 En
1597 1429 212 86 Présenie
1884 1424 28 84 de
1935 1419 188 88 MaMr
2154 1422 33 79 Le
2231 1412 110 88 Ch^er
2372 1410 1 86 e
2404 1408 90 87 Coup

527 1532 233 97 Capitaine
849 1522 51 87 En
969 1516 164 103 second
1208 1508 345 93 commendant
1656 1501 45 92 La
1769 1495 297 102 Compagnie
2141 1505 51 81 et
2267 1491 185 95 Boüe

536 1630 204 73 Ecrivain
822 1604 235 85 Principal
1120 1600 217 90 chargé
1412 1595 45 85 de
1494 1598 27 88 la
1608 1590 122 85 Polie
1799 1595 83 75 des
1957 1584 230 86 Troupes

541 1686 125 94 Nous
698 1699 105 75 avons
854 1679 152 89 trouvés
1096 1687 106 73 dans
1299 1700 40 62 le
1410 1671 119 92 coffre
1626 1670 59 77 du
1782 1669 99 77 Dit
1972 1657 132 89 adam
2194 1670 67 75 les
2318 1649 119 96 Effels

496 1772 223 92 suivants
797 1788 49 76 qui
891 1771 54 79 ont
1004 1767 69 92 été
1125 1763 155 87 vendus
1359 1761 81 83 sur
1506 1751 34 92 Le
1612 1750 162 94 Champ
1853 1754 42 85 au
1927 1747 81 92 plus
2081 1740 148 89 offrant
2275 1754 27 76 et
2355 1749 155 79 Dernier

531 1851 301 73 Encherisseurs

571 1922 1 79 4
691 1911 265 87 Chemises
1045 1904 181 84 vendues

570 1993 1 82 4
655 1986 171 88 Culottes
916 1985 38 86 Et
1025 1987 1 83 2
1092 1984 147 85 Gilete
1317 1993 43 74 de
1426 1977 165 89 Coutilic

566 2068 1 92 2
670 2063 273 92 Pentulons

555 2159 1 84 2
642 2150 211 91 Graandes
946 2129 204 106 Culottes

546 2232 1 86 2
628 2234 154 82 Sartot
946 2225 42 86 de
1058 2224 171 85 Coutils

541 2314 1 84 2
636 2303 137 94 Gilets
875 2315 42 80 et
969 2308 2 86 1
1038 2296 165 97 Cttotte
1285 2298 47 92 de
1407 2289 143 100 Toille

557 2387 0 85 4
645 2382 88 88 des
848 2391 47 85 de
997 2380 243 98 Guestres

567 2500 1 68 9
647 2481 67 85 col
832 2478 54 90 de
978 2479 234 91 Barins

529 2566 0 75 4
643 2564 209 76 Bonnet
909 2559 38 78 de
1029 2554 121 82 Potie
1219 2557 32 77 et
1295 2559 0 74 1
1327 2550 51 83 Col
1428 2564 51 72 nou
1593 2548 178 92 mauvais

555 2657 2 89 4
680 2647 229 95 mauvaises
1062 2632 96 93 P^irs
1252 2641 68 82 de
1406 2632 156 86 Bas
1649 2621 61 105 de
1789 2622 60 93 fit

543 2731 1 81 2
638 2728 266 82 Broses

546 2818 0 76 1
656 2803 68 88 P^re
799 2813 49 88 de
937 2801 200 97 Gaestre
1232 2800 152 90 Noire

556 2887 1 87 1
623 2886 117 87 sar
825 2912 1 59 a
946 2880 239 89 poudre

547 2973 1 86 1
660 2960 226 107 manvaise
973 2960 226 114 Caraque

565 3051 2 105 1
638 3049 147 107 Faire
885 3054 60 82 de
1031 3042 234 89 Souliers

543 3138 64 82 De
684 3122 156 103 Coffre

561 3207 293 87 Montant
932 3199 50 86 Le
1036 3198 80 84 tout
1194 3200 25 78 ae

2273 1881 33 98 4.
2376 1875 26 107 14

2288 2261 0 48 /

2262 2374 0 106 4

2284 2567 7 59 1

2299 3017 34 159 11

2258 3163 47 115 44

2378 2220 29 79 10

2373 2378 21 87 16

2376 2466 29 85 16

2366 2617 42 83 16

2379 2779 45 94 16

2392 2951 32 86 12

2383 3157 29 132 14

215 279 280 93 Bataillo

586 3275 44 113 Il
683 3284 1 89 y
737 3281 1 87 a
779 3272 162 110 deplus
1037 3271 108 97 dans
1230 3238 55 133 Le
1370 3223 141 158 Cofre
1606 3230 55 138 En
1767 3221 184 155 Espeus

1485 3354 183 101 faisant
1751 3375 36 77 un
1850 3348 106 97 Totut
2018 3352 36 88 de

2242 3272 30 73 10

2218 3342 79 110 55.

2377 3274 35 99 10

2416 3355 41 82 4.

175 794 184 142 N°1.

543 3501 34 60 Le
639 3483 118 77 montant
813 3487 66 72 deic
933 3470 99 88 Effets
1081 3465 92 88 sera
1222 3464 156 82 Retenu
1448 3474 39 68 au
1525 3468 199 71 Decompie
1793 3443 169 88 Prochain
1992 3449 59 79 aux
2107 3435 130 84 hommes
2312 3452 47 68 qui
2409 3429 66 83 onte

534 3566 161 78 retretés
765 3548 52 89 Les
887 3545 100 88 Effetse
1064 3539 68 89 Pour
1179 3536 63 88 Etre
1289 3533 111 88 Gardé
1465 3536 118 79 Jusqua
1623 3523 27 87 la
1690 3524 118 84 Rerue
1854 3524 203 79 d'inspation
2116 3511 178 84 Prochain̈e
2346 3505 107 82 Epoque
2493 3511 26 72 ou

536 3643 60 84 Ou
658 3631 195 94 L'Envoyerce
920 3632 54 80 Au
1029 3630 188 81 Ministre
1304 3621 3 81 E
1375 3631 156 71 Cagenne
1599 3604 47 92 les
1695 3611 92 71 jours
1874 3612 60 72 mois
2009 3600 124 80 dan
2169 3603 53 64 que
2265 3588 137 72 dessus

1026 3682 130 93 signé
1191 3685 35 69 au
1280 3676 186 88 Regittre
1540 3670 174 91 Gessin,
1745 3664 127 89 Boué
1935 3667 39 79 et
2035 3662 28 84 Le
2106 3660 96 86 Ch^er
2239 3653 27 87 de
2315 3654 91 87 Coux

747 3772 136 105 Pour
936 3770 143 104 Coppie
1146 3759 216 95 Conformé
1403 3763 46 79 au
1520 3746 248 99 Registre

1936 3734 153 120 Jlhm

1881 3833 169 118 Guaste
2111 3791 87 151 M^r
2212 3793 155 144 Casen
