2944 3856
719 227 75 92 sera
873 229 112 94 plus
1057 221 149 89 Récû
1285 227 69 72 aux
1401 207 305 99 Réproches
1815 194 89 103 qu'il
1992 190 169 85 pourait

725 333 270 105 proposer
1057 318 249 92 Contreux
1411 320 32 95 Et
1482 313 76 94 que
1620 310 83 93 son
1766 304 144 87 procès
1997 295 58 88 lui
2112 300 51 77 vâ
2213 284 73 97 être

711 438 113 107 fait
905 422 383 114 prévotalement
1377 430 162 86 pour
1588 407 80 115 être
1749 409 119 107 jugé
1935 403 153 111 par
2161 389 45 89 le

686 533 210 83 Conseil
1001 523 40 82 de
1114 518 178 91 Guerre

865 626 2 76 a
1006 607 319 114 Répondu
1463 592 55 95 les
1603 590 285 97 Connaitre
1983 598 133 102 pour
2150 575 116 121 Gens

723 722 266 74 d'honneur
1090 713 31 83 Et
1170 712 66 79 de
1268 715 77 76 bien
1442 704 24 70 et
1533 702 220 79 n'avoir
1827 702 116 70 aucun
2011 693 254 83 réproche

710 839 21 61 à
766 813 66 91 leur
913 811 134 83 faire
1165 806 42 82 les
1267 799 173 90 témoins
1540 801 52 81 ont
1654 791 53 89 dit
1755 786 34 83 le
1864 784 230 81 Connaitre
2188 775 96 90 Pour

683 917 134 84 Celuy
900 914 121 80 contre
1116 917 61 75 qui
1260 900 51 87 ils
1387 899 49 83 ont
1530 894 189 82 déposé

943 1019 210 73 Lature
1292 991 112 110 faite
1515 990 76 92 des
1678 985 246 109 dépositions
2021 982 37 78 les
2102 979 149 95 temoins

703 1123 57 71 ont
818 1109 45 88 dit
922 1110 118 89 quelles
1141 1105 299 85 Contenaient
1505 1092 202 79 verité,
1748 1090 209 77 l'accusé
1999 1105 25 62 en
2078 1086 55 80 est

682 1209 192 87 Convenû
956 1210 30 80 Et
1040 1200 50 84 ont
1152 1197 149 98 signé
1356 1208 92 71 avec
1511 1197 183 74 Nous
1755 1188 2 73 &
1854 1182 93 87 notre
2016 1170 254 106 greffier.

590 1300 211 102 signés
916 1305 151 99 pierre
1141 1298 169 88 Adert,
1375 1283 211 124 Monfay,
1651 1278 94 123 Jean
1801 1276 194 122 Jacques
2087 1282 150 78 Venant

687 1394 285 124 Casamajor
1074 1394 217 97 Cazac

1007 1570 462 100 Conclusions

626 1702 129 79 Vu
842 1679 73 92 Par
985 1678 178 104 Nous
1281 1674 99 99 Louis
1482 1670 193 114 Gabriel
1762 1683 305 90 Casamajor
2114 1671 185 101 Capitaine

679 1800 36 79 au
743 1786 251 103 Régiment
1036 1793 87 77 du
1172 1792 73 93 Cap
1330 1778 158 104 fétant
1594 1777 194 96 fonctions
1938 1769 136 96 d'aide
2131 1769 137 86 Major

674 1901 152 82 decette
916 1891 199 94 place,
1165 1889 21 92 le
1211 1892 139 84 procès
1434 1886 433 81 extraordinairement
1977 1876 158 83 instruit
2206 1889 41 60 au

682 1988 181 96 nommé
926 1994 187 90 Pierre
1209 1983 147 78 Adert
1466 1977 167 85 soldat
1681 1975 36 82 de
1764 1975 36 80 la
1868 1973 258 100 Compagnie
2175 1980 27 63 de

671 2082 209 91 Dupuy
952 2099 36 65 au
1017 2095 288 79 Régiment
1399 2078 72 84 du
1514 2078 65 98 Cap
1695 2080 137 87 accusé
1904 2076 174 83 d'avoir
2126 2073 168 101 déserté

687 2184 29 79 de
758 2180 163 81 ladite
1027 2178 296 103 compagnee
1415 2194 29 76 le
1493 2181 85 89 trois
1663 2179 35 80 de
1733 2183 22 84 ce
1797 2191 127 86 mois,
1960 2176 28 101 le
2023 2182 135 88 procès

673 2282 158 87 verbal
959 2283 31 76 de
1032 2279 219 80 Capture
1360 2279 31 81 de
1433 2279 201 88 l'officier
1713 2287 49 78 de
1804 2281 353 80 marechaussée

682 2372 46 95 du
761 2384 245 83 quatre,
1046 2383 33 75 la
1132 2372 186 95 plainte
1417 2385 192 77 portée
1688 2369 67 94 Par
1788 2369 146 85 M.
1964 2369 51 88 Le
2063 2371 150 88 Ch^es

672 2467 192 110 Dupuy
941 2468 277 109 Capitaine
1295 2497 46 58 au
1433 2469 261 110 Régiment
1823 2474 57 90 du
1930 2483 103 76 Cap
2115 2479 2 68 a
2169 2473 110 74 M.

660 2578 0 70 d
757 2569 219 86 Lilancour
1067 2569 310 88 Brigadier
1493 2578 73 78 des
1675 2582 146 68 armées
1936 2568 43 86 du
2009 2568 104 90 Roy

654 2660 371 93 Commandant
1158 2663 21 93 la
1256 2674 189 89 partie
1516 2674 77 83 du
1663 2662 245 96 Nord,
1955 2665 24 96 le
2025 2672 66 89 six
2145 2684 44 60 de

670 2759 45 79 Ce
752 2771 70 70 mois
936 2761 39 85 Et
1063 2784 152 69 par
1304 2763 69 88 luy
1456 2763 241 92 repondüe
1830 2765 96 89 d'un
1992 2767 86 85 soit
2131 2767 80 79 sait

671 2871 103 69 ainsi
856 2872 98 75 qu'il
1054 2887 50 67 est
1168 2872 194 86 Réquis
1492 2874 313 86 l'information
1900 2898 19 54 et
1960 2880 211 71 recolement

673 2964 70 76 des
797 2959 157 80 témoins
1062 2968 56 68 du
1170 2970 186 89 sept,
1409 2968 35 79 la
1524 2964 335 92 confrontation
1994 2960 117 87 dudit

674 3065 168 73 accusé
918 3067 78 75 avec
1059 3065 52 69 les
1168 3068 167 76 témoins
1437 3078 52 66 du
1532 3084 110 75 même
1750 3086 78 70 jour
1917 3069 225 82 ensemble

665 3146 370 108 L'interogatoire
1140 3156 95 104 subi
1317 3169 164 91 par
1540 3158 208 96 l'accusé
1817 3178 100 71 aussi
1986 3166 162 93 dumême
2178 3168 101 76 jour,

675 3258 91 83 qui
841 3256 43 69 dit
945 3258 180 78 n'avoir
1193 3263 83 81 été
1338 3260 139 88 arreté
1564 3273 181 86 qu'au
1806 3264 105 97 bourg
1971 3266 36 68 de
2068 3270 56 60 la

678 3347 217 91 Tatmerie
1008 3361 141 94 par
1224 3364 40 85 un
1331 3354 133 106 seul
1562 3365 239 98 Cavalier
1869 3361 32 88 Et
1946 3362 32 89 de
2007 3354 32 108 la
2084 3354 147 111 Conduil
