2752 4104
330 237 372 154 Bataillon
798 266 53 126 de
904 266 43 126 la
1032 266 382 126 Guyane.

547 640 0 0 1

678 585 0 93 3

821 467 41 98 ae

1301 328 272 159 Cayenne
1621 341 26 112 le
1716 351 84 139 1^er
1878 330 95 140 7^bre
2025 335 170 157 1786.

1229 480 0 80 N

1548 489 2 65 M

185 797 251 92 a0
1289 807 38 70 pr
1437 805 96 76 man
1569 805 1 70 1
1694 780 38 96 an

880 1012 1 70 "

1044 895 605 121 Monseigneur,

238 1137 1 44 L
940 1111 114 85 Mn.

1173 994 99 82 Aois
1336 994 240 84 vabeis

1839 994 27 92 ri

1266 1109 24 83 ne
1444 1101 110 81 Liat
1677 1098 80 80 ans
1868 1114 80 73 ani.

1779 1213 2 174 M
1904 1212 115 181 Soud

670 1532 115 78 Jai
849 1514 227 104 l'honneur
1140 1523 33 81 de
1208 1518 92 92 vous
1335 1506 188 101 prevener
1603 1517 63 83 que
1730 1493 26 99 le
1798 1487 85 111 S^r
1969 1481 377 110 d'Ailleboust,

708 1619 236 124 Lieutenant
1022 1618 38 105 au
1092 1609 182 112 Bailtan
1380 1624 27 84 de
1441 1602 39 122 la
1531 1613 289 111 Guyanne,
1879 1593 288 128 languissant
2256 1595 162 102 depuis

706 1735 69 88 tres
824 1728 274 111 longtems,
1139 1723 91 95 etoit
1308 1719 157 100 tombe
1513 1722 99 100 dans
1682 1731 62 78 une
1814 1705 128 105 espece
2012 1690 303 106 d'imbecilite
2373 1704 133 86 pour

708 1844 183 99 laquelle
965 1849 36 70 on
1048 1836 50 82 lui
1145 1846 3 75 a
1200 1828 86 103 fait
1360 1846 44 71 ici
1471 1820 196 104 quelques
1720 1812 322 103 traitements,
2102 1823 127 78 apres
2275 1792 183 101 lesquels

708 1949 45 81 les
808 1953 221 80 Medecins
1119 1937 236 93 deciderent
1430 1929 109 103 qu'il
1593 1925 152 101 devoit
1807 1920 158 103 passer
2026 1925 31 90 en
2104 1912 193 94 france.
2345 1908 30 78 le

705 2058 173 103 deffaut
957 2045 248 108 d'occasion
1277 2048 39 83 de
1372 2036 55 107 l'a
1461 2044 70 92 pas
1574 2039 224 101 permis;
1847 2025 121 106 mais
2018 2020 24 84 il
2070 2020 39 88 est
2151 2017 136 91 tombe
2344 2012 84 84 tout

712 2154 87 90 d'un
853 2163 93 80 coup
1013 2157 102 84 dans
1190 2167 65 71 une
1323 2139 226 98 alienation
1630 2129 212 103 d'Esprit
1924 2122 73 103 tres
2044 2116 380 106 inquietante,

704 2264 196 114 puisque
968 2262 118 102 pour
1146 2261 33 101 se
1224 2273 140 82 guerir
1440 2245 26 95 il
1502 2249 173 101 croyoit
1735 2237 79 99 tres
1889 2225 290 110 fermement
2262 2229 165 79 devoir

714 2376 40 84 se
831 2366 135 105 casser
1037 2362 39 84 la
1140 2359 62 97 tete
1280 2364 90 91 par
1435 2356 98 99 deux
1596 2359 127 92 coups
1780 2344 40 99 de
1883 2335 208 103 pistolets
2163 2331 105 87 tires
2332 2346 24 65 a
2390 2323 39 83 la

709 2476 164 96 fois,
906 2471 86 100 l'un
1046 2486 87 83 par
1187 2470 156 83 devant
1410 2464 24 76 et
1496 2455 163 97 l'autre
1720 2462 101 84 par
1895 2444 227 92 derriere,
2162 2449 30 81 et
2232 2450 65 79 que
2358 2443 31 67 ce
2443 2439 30 68 ne

714 2586 124 90 seroit
922 2572 211 102 qu'apres
1210 2569 81 90 cette
1347 2555 211 109 operation
1635 2552 104 103 qu'il
1794 2556 38 89 se
1895 2539 211 109 porteroit
2190 2536 89 95 bien
2363 2546 31 74 et

715 2687 204 95 pourroit
984 2674 93 107 agir
1164 2667 273 97 librement.
1531 2658 32 103 Il
1628 2659 2 88 a
1682 2662 92 100 dous
1816 2663 129 88 tache
2003 2658 40 83 de
2101 2636 339 109 s'administrer

708 2791 39 79 Ce
803 2789 233 96 remede.
1098 2779 39 101 Il
1199 2779 53 99 s'y
1293 2787 46 77 ait
1386 2763 312 105 lieureusement
1790 2767 75 95 mal
1920 2761 96 96 prit
2086 2761 31 72 et
2158 2770 38 61 en
2245 2770 2 59 a
2317 2746 67 81 ete

718 2888 111 107 quitte
906 2897 111 91 pour
1085 2881 112 108 s'etre
1257 2875 127 102 brule
1453 2872 48 98 les
1570 2877 252 101 cheveux.
1889 2861 129 111 C'est
2069 2865 105 93 donc
2242 2866 128 83 pour

718 3000 123 86 eviter
923 2998 206 89 quelques
1211 2991 207 88 malheurs
1500 2998 26 71 et
1576 2978 168 89 d'apres
1806 2970 47 93 les
1890 2966 239 93 Certificats
2210 2963 53 83 des
2332 2955 162 83 medlecun

715 3089 65 113 que
823 3085 81 111 nous
972 3083 26 113 le
1026 3082 160 110 faisons
1261 3092 143 96 partir
1471 3081 88 103 par
1604 3077 18 91 le
1667 3069 189 106 batement
1924 3059 41 100 la
2034 3078 134 87 Marie
2237 3054 236 90 Catherine

712 3219 238 102 Capitaine
1033 3214 152 101 Rigal
1284 3224 73 78 qui
1412 3217 101 83 part
1570 3212 44 89 ces
1648 3205 116 92 jours
1834 3208 30 70 ci
1941 3203 116 79 pour
2112 3181 317 86 Bordeaux,

722 3322 85 71 avec
867 3334 61 56 une
987 3313 97 75 lettre
1149 3308 43 76 de
1258 3297 368 85 recommendation
1709 3307 19 65 a
1787 3294 97 77 M^r
1973 3283 146 84 Prevot
2207 3270 279 92 Ordonnateu

723 3415 103 109 pour
899 3404 28 114 le
967 3397 103 120 faite
1135 3405 153 109 passer
1353 3393 27 99 a
1430 3403 35 91 sa
1514 3390 219 114 famille,
1782 3379 27 91 si
1866 3374 35 96 sa
1976 3385 144 94 raison
2194 3369 94 91 s'est
2346 3397 34 61 un

718 3539 74 101 peu
868 3523 178 115 reuise;
1099 3535 42 83 ou
1209 3512 27 117 le
1273 3508 114 117 faire
1464 3515 161 107 garder
1694 3518 26 69 a
1766 3495 241 105 l'hopital
2052 3496 34 103 en
2140 3492 65 93 cas
2244 3483 199 94 contraire

147 381 100 83 M.
294 382 35 83 De
370 385 105 76 Vaide

148 866 156 109 N.

501 872 0 99 9

153 1060 289 131 Duplicata
