2432 3720
740 670 138 76 M.
917 664 53 75 de
1009 637 75 98 la
1142 624 338 111 Grandville
1563 648 16 68 à
1626 628 81 87 qui
1760 614 53 84 je
1888 607 172 85 mande

750 777 122 79 qu'il
969 760 210 89 jugera
1265 747 140 91 sans
1458 736 147 86 doute
1677 717 328 94 convenable
2071 721 47 66 de

736 878 33 97 le
818 879 146 96 faire
1066 864 160 91 mettre
1320 877 26 63 à
1409 833 311 107 l'hopital
1798 834 42 81 en
1917 803 290 104 attendant

745 999 107 83 que
903 985 133 75 vous
1126 971 87 76 lui
1298 964 131 88 ayes
1508 945 118 92 fait
1692 936 188 89 passer
1946 924 80 73 vos

747 1089 201 103 ordres
1053 1086 55 74 au
1162 1061 208 106 Sujet
1438 1065 55 74 de
1539 1043 70 88 cet
1684 1025 239 114 officier,
1962 1010 112 109 qu'il
2114 1020 113 61 vous

752 1183 302 100 demandra
1149 1174 48 90 de
1259 1179 203 79 concert
1543 1171 121 72 avec
1736 1152 128 75 M.
1903 1133 38 92 le
2013 1126 82 88 C^te
2151 1127 48 78 de

741 1302 304 100 Vaudreuil
1127 1308 91 90 que
1284 1272 98 103 j'ai
1457 1255 326 122 Egalement
1865 1231 342 122 Informe.

749 1418 58 88 de
856 1427 38 75 ce
977 1417 84 81 que
1130 1404 144 76 M.
1317 1383 37 96 le
1425 1373 163 91 Ch^er
1670 1355 218 102 Dalais

739 1499 482 108 Commandant
1303 1489 67 78 du
1447 1466 303 95 Bataillon
1826 1472 48 73 de
1930 1446 55 94 la

730 1623 267 96 Guianne
1115 1618 68 71 ma
1293 1603 225 85 marque
1594 1603 3 54 a
1657 1570 126 88 son
1822 1552 224 107 sujet.
2094 1548 44 95 Je

746 1731 190 87 desire
1012 1714 168 76 bien.
1211 1690 514 102 Monseigneur,
1790 1695 97 82 que
1952 1667 228 97 l'orsque

752 1825 117 80 M.
925 1834 41 70 de
1015 1806 99 100 filz
1192 1806 230 83 maurice
1500 1796 120 77 vous
1674 1798 119 68 aura
1879 1761 157 91 rendu

736 1911 241 90 Compte
1052 1919 46 71 de
1137 1899 45 93 la
1264 1898 228 83 Vacance
1561 1893 46 76 de
1688 1865 295 94 l'Emploi
2047 1860 37 76 de
2132 1863 55 69 cet

758 2025 235 98 officier,
1048 2024 127 71 vous
1242 2007 242 85 puissies
1558 1979 42 93 le
1674 1969 265 84 Procurer
2015 1970 52 71 au
2113 1951 57 85 S.

351 2072 257 181 An
755 2107 224 124 Prevost
1061 2103 48 123 de
1206 2091 245 124 mesqueu

721 2411 80 142 Je
859 2408 151 136 suis
1074 2438 114 92 avec
1243 2446 54 89 un
1362 2392 221 135 Profond
1648 2376 281 135 Respect

903 2698 321 114 onseigneur

1396 2952 152 112 Votre
1580 2947 101 95 trés
1743 2925 251 101 humble
2018 2932 49 86 et
2093 2927 100 81 trés

1435 3028 294 90 obeissant
1814 3000 363 97 Serviteur※.

1450 3141 261 150 Pavos
1764 3118 59 153 de
1865 3114 243 146 lacaon
