2912 3880
741 264 180 87 pour
968 250 105 97 huit
1162 248 72 94 ans
1346 217 408 115 Conformément
1905 228 17 66 à
1980 200 220 111 L'article
2267 209 35 99 12

768 350 49 94 de
858 347 342 89 L'ordonnance;
1287 329 135 96 signé
1488 311 316 98 Cournoyer;

945 434 236 100 L'accusé
1229 433 119 89 etant
1440 424 250 77 Convaincu
1784 420 51 84 du
1886 425 102 77 Crime
2076 425 39 82 de
2140 410 201 98 Deserlin

728 571 46 68 Je
802 552 40 84 le
907 545 245 81 Condamne
1242 534 15 81 à
1280 534 90 81 être
1454 530 163 85 attaché
1691 530 12 73 à
1734 522 25 81 la
1827 520 162 83 Chaine
2069 520 152 83 établie
2292 534 59 69 dans

729 646 47 96 les
823 649 108 88 ports
1037 652 30 76 de
1111 636 36 89 sa
1199 627 225 100 Majesté
1475 620 333 101 Conformément
1915 642 15 51 à
1976 612 185 91 L'article
2231 623 86 86 12–

746 759 37 63 de
815 737 284 88 l'ordonnance
1192 736 51 79 du
1295 732 43 80 13
1420 736 152 74 Janvier
1640 723 138 80 1776.
1813 721 41 74 Et
1901 720 214 96 d'après
2197 715 28 97 la

734 844 196 100 depeche
997 837 34 89 du
1090 837 188 85 Ministre
1360 830 45 76 du
1470 826 55 109 30
1614 821 78 109 9^bre
1793 821 27 81 de
1852 821 179 90 lamême
2098 822 196 86 année.

689 940 169 102 Signé
895 922 300 138 Lelamour.※

1241 1140 2 74 e
1400 1134 86 75 Par
1538 1081 34 129 le
1655 1063 152 159 Roy

691 1341 103 88 Vû
841 1337 129 82 par
1056 1314 25 100 le
1144 1314 184 100 Conseil
1399 1314 32 115 de
1470 1316 121 105 Guerre
1686 1341 0 60 a
1734 1316 144 85 ssemble
1949 1330 41 96 au
2019 1322 58 104 Cap
2139 1320 152 106 français

735 1446 157 73 par
945 1430 98 84 ordre
1075 1429 33 82 de
1166 1427 106 87 M.
1317 1436 33 73 de
1395 1422 191 79 Lilancour
1664 1424 275 91 Brigadier
1971 1419 60 76 des
2109 1434 111 61 armées
2253 1434 33 68 du

726 1517 122 100 Roy
924 1521 335 95 Commandant
1343 1515 45 110 la
1465 1524 167 101 partie
1693 1521 76 88 du
1822 1513 145 91 Nord
2050 1514 38 93 de
2119 1517 76 101 Liste
2218 1518 23 105 de
2271 1515 23 104 S^t

714 1629 294 91 domingue,
1066 1630 19 90 le
1162 1644 167 76 proces
1438 1625 455 84 extraordinairement
2053 1625 109 82 intruit
2233 1632 32 75 au

707 1728 171 102 nommé
922 1727 156 103 pierre
1182 1720 118 90 Adert
1404 1718 156 84 soldat
1612 1731 37 74 de
1693 1717 37 93 La
1782 1717 349 106 Compagnie
2183 1732 29 62 de

720 1841 173 88 dupuy
956 1846 34 67 au
1018 1827 215 99 Régiment
1337 1828 49 82 du
1420 1834 70 83 Cap
1587 1847 139 73 accusé
1781 1828 69 75 du
1913 1823 104 78 Crime
2086 1843 28 81 de
2142 1824 139 100 désertion

706 1948 29 81 le
784 1938 156 89 procés
1046 1930 163 78 verbal
1315 1938 36 76 de
1379 1933 241 87 Capture
1719 1938 21 83 de
1775 1931 206 103 l'officier
2037 1931 36 74 de
2115 1931 213 103 marchausse

712 2032 66 104 du
814 2039 153 87 quatre
1062 2029 36 77 de
1120 2034 15 73 ce
1171 2039 124 80 mois,
1346 2028 22 108 la
1433 2030 211 106 plainte
1717 2029 212 107 portée
2009 2036 109 100 par
2183 2033 0 67 M

699 2121 36 70 Le
785 2114 101 78 Ch.
944 2116 159 104 Dupuy
1168 2118 252 99 Capitaine
1500 2144 87 65 auoit
1702 2121 245 103 Réegement
2063 2153 14 56 à
2121 2135 0 80 M
2265 2126 36 81 de

704 2211 223 97 Lilancour
1018 2223 25 79 le
1117 2220 67 81 six
1283 2225 0 102 &
1390 2223 158 111 par
1622 2215 66 121 luy
1779 2215 298 121 répondü
2168 2218 91 90 d'nt

695 2315 85 81 soit
876 2317 120 99 fait
1106 2330 99 78 aisi
1293 2326 107 90 qu'il
1481 2338 58 63 est
1627 2328 210 99 requis,
1898 2330 328 101 l'information

711 2418 55 86 du
828 2418 210 101 sept,
1130 2421 405 100 l'interogatoire
1638 2425 125 101 subi
1836 2446 147 75 par
2042 2427 227 97 l'accusé,

710 2519 19 76 le
780 2520 129 73 même
1036 2531 134 66 jour,
1216 2525 42 72 les
1333 2535 209 71 recolemens
1618 2538 17 72 et
1716 2531 361 82 Confrontation
2176 2534 52 68 des

679 2607 170 88 témoins
956 2623 98 68 aussi
1124 2618 62 81 du
1262 2627 104 80 même
1454 2631 87 74 jour
1629 2625 187 88 ensemble
1911 2631 43 85 les
1995 2629 230 87 Conclusions

702 2708 52 72 du
829 2707 117 86 sieur
1028 2709 91 89 Louis
1245 2718 220 88 Gabriel
1572 2722 308 88 Casamajor
1975 2722 225 83 Capitaine

683 2810 39 63 au
757 2801 247 92 Régiment
1091 2817 61 76 du
1187 2822 91 92 Cap
1387 2806 165 110 fesant
1617 2813 194 100 fouctions
1921 2814 120 96 d'ais
2129 2817 97 102 majot

683 2901 89 77 de
855 2905 95 90 Cette
1034 2915 194 88 place,
1279 2927 121 72 aussi
1470 2927 69 76 du
1595 2922 149 92 sept
1808 2930 41 76 de
1868 2940 14 69 ce
1921 2937 67 76 mois
2066 2929 107 69 ledit

679 3005 136 72 conseil
873 3004 42 92 de
947 3021 142 70 guerre
1174 3014 9 72 à
1201 3012 169 83 declaré
1422 3022 2 76 &
1482 3013 175 91 déclare
1743 3024 108 82 ledit
1904 3034 141 74 pierre
2111 3024 121 70 adort

656 3095 196 89 soldat
917 3106 32 67 de
1000 3099 39 76 La
1112 3101 338 105 Compagnie
1538 3121 31 78 de
1620 3134 166 79 Dupuy
1858 3115 47 85 au
1948 3118 233 100 Régiment
2224 3120 32 69 du

657 3190 152 95 Cap,
843 3199 109 86 atteint
1072 3209 2 70 &
1150 3219 274 79 Convaincu
1508 3227 45 71 du
1615 3209 130 88 Crime
1851 3229 29 67 de
1922 3226 216 70 Désertion
2223 3227 22 68 et

692 3303 153 76 pour
890 3293 304 106 réparation
1326 3303 202 111 d'Iceluy
1597 3310 42 93 l'a
1716 3317 287 88 Condamné
2042 3328 25 81 et
2121 3317 184 100 Condamne

680 3377 21 91 à
714 3378 86 81 être
910 3391 183 116 attaché
1138 3410 241 99 pendant
1502 3399 181 121 l'espace
1748 3403 50 103 de
1847 3411 107 86 huit
2018 3426 142 78 années
2198 3419 61 72 aux
