2720 3800
692 567 134 104 avoit
944 580 118 76 même
1165 572 236 112 quelques
1503 567 332 117 obligations
1929 580 47 101 au

692 725 353 113 Grand-pere
1137 735 38 83 de
1245 751 30 87 ce
1337 728 138 110 jeune
1536 726 192 89 homme
1843 731 92 101 qui
2043 752 84 69 ..

674 878 246 93 trouvera
1004 880 58 78 là
1166 880 65 92 des
1302 882 285 95 ressources
1684 889 91 84 que
1859 912 51 56 ne
1962 903 84 68 lui

685 1030 201 102 offrent
998 1046 87 81 pas
1147 1036 58 95 les
1303 1041 158 99 autres
1587 1045 405 94 colonies.

680 1216 148 103 J'ai
895 1209 364 110 frequemment
1370 1220 45 84 sa
1481 1209 275 110 visité.
1823 1209 44 91 Il
1971 1209 67 93 est

693 1363 105 92 venu
901 1373 50 85 me
1027 1363 168 100 trouver
1298 1365 111 102 Lier
1625 1390 34 59 et
1757 1391 76 78 cots
1910 1394 42 68 me
2027 1375 134 97 disant

687 1525 68 91 que
799 1523 45 83 la
932 1526 275 103 promotion
1310 1543 38 89 de
1413 1534 239 106 Cayenne
1755 1536 112 94 etait
1955 1546 163 88 arretée

680 1678 45 81 il
805 1678 45 82 me
898 1696 100 72 pria
1103 1680 52 91 de
1271 1687 324 84 renouveller
1720 1696 87 73 mes
1869 1690 236 81 enstanca

694 1833 179 82 aupres
955 1834 48 72 de
1062 1834 119 86 vous
1286 1840 121 82 pour
1500 1840 91 82 lui
1678 1844 185 87 obtenir
1951 1845 203 87 l'emploi

682 2002 81 92 que
839 1988 120 90 vous
1019 1990 73 103 lui
1176 2007 96 93 avez
1348 1993 96 102 fait
1536 2011 299 91 esperer,
1959 1999 1 104 I

673 2162 62 86 est
838 2165 129 104 saus
1025 2161 219 108 fortune
1354 2196 25 65 et
1519 2185 128 82 sans
1721 2193 188 80 état.
1975 2172 144 94 vous

691 2357 115 70 avez
867 2351 42 78 eu
1013 2351 42 82 la
1104 2351 152 87 bonte
1378 2370 36 67 de
1469 2349 73 88 lui
1620 2353 262 84 conserver
1985 2349 74 80 les

667 2505 442 102 appointement
1310 2505 382 108 d'aspecrant
1826 2537 83 74 qui
1961 2510 210 89 cesseront

664 2662 52 90 si
795 2667 124 89 vous
998 2670 117 82 avez
1201 2670 111 87 celle
1397 2662 46 86 de
1489 2668 85 83 lui
1659 2691 236 66 procurer
1980 2662 104 92 une

677 2816 149 119 place
887 2818 383 133 d'Enseigne
1370 2820 136 118 dans
1579 2822 64 111 les
1734 2822 245 127 troupes
2034 2830 63 98 de

2402 1428 2 76 L
