2720 3832
78 337 58 84 tre

83 651 36 55 us

76 817 68 95 our

72 1027 48 109 ins

93 1338 3 112 n

68 1718 143 83 ortaine

83 1803 90 99 ajor

114 1914 46 68 au

87 2092 133 113 eserté

95 2394 37 65 A6

90 2495 116 82 MO.

90 2708 75 60 de

72 2789 80 92 Sail

80 2919 30 61 ut

100 3042 0 0 3

87 3100 39 64 29

92 3206 2 70 e
122 3190 117 81 jour,

85 3370 115 92 nduit

832 260 294 79 audondon;
1163 266 86 57 nous
1316 250 205 93 requerons
1567 247 126 85 pour
1751 246 34 86 le
1812 246 96 85 Roy
1972 246 71 79 que
2070 246 28 77 ce
2132 246 174 61 soldat

827 365 62 61 soit
961 358 281 75 Condamné
1313 366 21 62 à
1368 346 74 77 être
1532 341 167 82 attaché
1762 333 228 87 pendant
2048 320 166 87 d'espace
2277 314 58 67 de

827 455 96 74 huuit
1004 455 122 77 années
1220 461 71 57 aux
1340 439 174 91 chaines
1574 433 92 76 des
1783 417 143 98 forcats
2037 404 186 95 établies
2315 401 92 72 dans

812 546 49 78 les
925 546 166 88 ports
1176 555 21 58 et
1242 529 201 93 arsenaux
1506 523 29 94 de
1572 541 141 72 marine
1823 523 35 70 de
1922 513 68 85 sa
2035 497 312 99 Majesté

815 629 374 113 Conformement
1302 643 26 76 à
1380 620 203 101 L'article
1705 610 41 101 12
1813 604 41 97 de
1905 598 335 106 L'ordonnance
2284 587 43 109 du
2346 587 103 113 Roy

842 753 50 67 du
993 732 58 87 13
1166 734 149 83 Janvier
1374 719 168 103 1776.

1237 838 52 81 ait
1377 845 51 66 aû
1468 827 168 101 Sap
1697 805 36 86 le
1804 800 167 119 sept
2042 803 94 70 aout
2199 786 63 115 mil
2330 776 103 122 sept

801 945 175 83 Cent
1052 933 222 83 soixante
1304 921 69 90 dix
1417 923 162 85 huit;
1648 906 168 96 signé
1901 898 426 89 Casamajor※

981 1030 205 82 Trouvant
1238 1021 205 86 l'accusé
1521 1011 291 89 suffisament
1896 1000 260 79 Convaincu
2227 995 45 75 du
2295 1001 118 71 crime

840 1138 28 74 de
906 1132 211 94 désertion
1219 1130 29 92 je
1271 1125 28 71 le
1344 1119 230 92 condamne
1644 1118 132 89 pour
1812 1106 95 67 huit
1983 1110 55 60 ans
2146 1103 16 64 à
2191 1090 82 76 être

836 1241 166 79 attachés
1080 1247 62 66 aux
1190 1227 178 89 chaines
1474 1216 59 76 des
1620 1207 149 83 forcats
1876 1199 161 87 signé
2100 1184 41 91 le
2204 1174 149 88 Ch^er

840 1332 28 79 de
890 1330 400 119 Bourguisson.

1044 1420 213 84 Trouvant
1355 1407 210 82 l'accusé
1635 1407 205 70 convaincu
1931 1386 43 77 du
2010 1387 116 72 Crime
2189 1368 37 83 de
2263 1358 175 90 désertion

840 1537 126 83 arrêté
1024 1542 23 62 à
1092 1544 64 65 une
1221 1518 92 83 lieüe
1397 1522 52 89 du
1480 1504 151 104 pays
1703 1497 153 78 ennemt
1928 1498 24 88 et
1996 1475 376 109 quoiqu'arrité

853 1627 253 98 pendant
1216 1622 58 81 les
1338 1615 98 96 trois
1494 1616 96 87 jours
1682 1598 44 86 de
1756 1594 125 95 grace
1945 1602 37 72 je
2026 1584 30 71 le
2119 1580 280 76 Condamne

860 1744 3 57 a
903 1730 109 70 trente
1129 1726 127 63 années
1388 1726 21 52 de
1450 1703 185 72 Galeres
1686 1700 132 65 comme
1882 1693 32 63 il
1978 1683 180 69 paroit
2270 1667 75 72 être

864 1818 252 91 l'intention
1236 1818 31 75 de
1305 1813 38 74 sa
1422 1798 218 95 Majesté
1718 1798 107 82 par
1876 1778 39 95 la
1972 1778 122 85 lettre
2124 1766 59 83 du
2234 1758 209 92 Ministre

841 1917 146 112 Signé
1068 1907 35 95 Le
1155 1901 111 96 Ch^e
1318 1897 182 111 Dupuy

999 2009 240 86 Trouvant
1315 1995 199 84 l'accusé
1580 2001 187 64 convaincu
1872 1967 50 83 du
1964 1976 129 70 Crime
2171 1961 26 74 de
2240 1945 204 87 Désertion

839 2129 41 77 je
909 2120 34 76 le
991 2109 256 90 Condamne
1313 2096 17 92 à
1345 2094 93 88 être
1516 2089 162 88 attaché
1764 2086 123 81 pour
1927 2068 74 87 huu
2062 2080 72 66 ans
2220 2077 3 64 a
2263 2052 36 84 la
2320 2045 150 96 Chaine

866 2221 66 77 des
1005 2205 166 94 forçats
1267 2194 330 91 Conformement
1719 2181 23 83 à
1775 2169 167 94 l'article
2007 2160 29 86 12
2104 2172 32 73 de
2172 2148 316 92 l'ordonnance

870 2325 63 72 du
969 2308 37 80 13
1096 2303 157 89 Janvier
1316 2288 117 99 1776.
1489 2280 138 97 signé
1683 2271 277 85 Predhomme

1046 2399 202 85 L'accusé
1308 2390 122 81 étant
1528 2384 123 75 atteint
1750 2389 26 58 et
1840 2360 242 82 Convaines
2147 2350 43 76 du
2226 2347 111 75 Crime
2402 2346 49 67 de

871 2506 218 88 désertion
1200 2507 22 60 je
1248 2496 35 69 le
1334 2487 283 78 Condamne
1699 2489 15 56 à
1765 2465 40 77 la
1868 2458 174 80 Chaine
2130 2449 70 79 des
2264 2433 191 90 forcats

880 2621 169 76 pour
1094 2603 96 79 huit
1280 2609 69 62 ans
1437 2579 318 90 conformément
1900 2581 14 52 à
1954 2551 335 88 l'ordonnance
2359 2537 59 80 du

868 2699 39 96 13
967 2694 154 94 Janvier
1166 2682 117 104 1776.
1300 2669 118 91 Art.
1441 2673 82 88 12.
1577 2665 124 96 Signé
1740 2650 230 102 Bonnelat

1048 2786 239 89 Trouvant
1361 2780 226 78 L'accusé
1656 2760 255 82 Convaincu
2022 2747 82 75 du
2148 2732 123 84 Crime
2341 2742 57 63 de

887 2893 205 100 désertion
1191 2904 46 71 je
1263 2887 34 75 le
1342 2876 264 81 Condamne
1681 2870 23 75 à
1724 2856 101 79 être
1924 2840 179 84 attaché
2155 2828 252 96 pendant

863 2994 199 95 L'espace
1188 2987 30 82 de
1258 2979 116 86 huit
1448 2971 132 81 années
1692 2950 25 89 à
1739 2946 36 95 la
1829 2950 173 79 chaine
2083 2949 67 72 des
2199 2910 269 97 forcats;

858 3108 159 99 signé
1064 3090 35 96 le
1159 3087 189 104 Gardeur
1394 3068 34 86 de
1467 3062 195 89 Liste.

1055 3181 285 89 Trouvant
1427 3150 243 103 l'accusé
1743 3142 320 92 Convaincu
2234 3112 88 85 du

893 3276 262 87 Crime
1283 3277 45 79 de
1421 3247 212 97 désertion
1741 3269 30 63 je
1808 3241 33 73 le
1927 3225 336 88 Condamne
2338 3235 16 61 à
2378 3204 38 87 la

881 3381 214 108 Chaine
1160 3373 105 96 des
1347 3353 192 118 forçats
1638 3333 160 102 etablie
1922 3335 126 94 dans
2125 3321 61 106 les
2238 3320 141 100 ports
