3008 4056
377 328 7 168 3

480 357 12 114 2

360 901 768 125 Monsergneur

1513 1157 8 94 M
1642 1126 61 131 Le
1746 1104 85 138 R.
1886 1110 54 137 au
2004 1079 83 162 fer

176 1709 235 95 comme
496 1712 4 83 j
602 1697 49 78 ne
723 1662 131 106 cesse
932 1631 63 108 de
1065 1608 214 119 conté
1330 1607 98 101 sur
1508 1594 116 96 vox
1700 1525 310 143 bontée,
2054 1493 221 119 voulé
2336 1475 175 102 vous

146 1844 118 121 bien
369 1799 376 147 permétre
840 1801 98 102 que
1026 1737 349 144 jenplone
1458 1718 65 103 de
1590 1676 404 140 nouvaux
2103 1626 213 103 votre

139 1972 239 94 secour
458 1957 177 94 pour
738 1931 180 96 vous
978 1898 209 109 priće
1258 1848 61 105 de
1388 1811 277 123 vouloir
1712 1787 135 121 bien
1955 1775 228 94 avoir
2240 1712 220 149 Égand

1104 2039 56 71 uy
1210 1978 141 118 déju
1450 1980 70 79 en
1576 1917 395 124 l'honneur
2031 1862 66 103 de
2192 1838 192 111 vous

141 2210 201 115 faire
445 2192 152 97 pour
682 2174 145 79 mon
920 2130 127 111 fis,
1082 2143 48 75 de
1172 2093 94 109 lui
1324 2055 233 129 déstiné
1652 2075 69 71 un
1813 2018 165 108 sort
2081 1974 152 113 dans
2267 1941 255 112 quelque

141 2127 3 59 a
208 2081 42 103 la
404 2042 333 132 demande
853 2048 119 99 que

177 2332 203 128 parté
446 2313 73 106 dés
548 2293 288 116 collonni
893 2239 278 122 Caienne
1256 2246 81 75 ou
1429 2173 446 122 martenique
1987 2148 83 66 mr
2135 2123 46 70 de
2206 2111 50 71 la
2288 2064 170 106 touch

2327 2202 66 62 des

169 2501 44 67 de
273 2479 38 77 le
392 2420 435 124 momentriee
926 2390 262 92 voulan
1283 2299 387 142 semploiés
1757 2285 183 84 pour
1976 2243 110 84 lui
2139 2220 106 99 ops

170 2606 44 79 de
302 2594 165 90 vous
512 2567 175 97 pour
758 2529 177 92 vous
986 2467 306 117 réittéré
1360 2481 48 54 la
1479 2446 201 83 mêmé
1723 2359 460 130 demande.

2015 2462 205 101 mere
2300 2447 7 72 a

189 2778 36 34 on
281 2685 391 145 concélence
786 2616 521 138 monseigneur
1399 2598 53 87 je
1519 2566 146 103 sois
1779 2522 169 118 map

163 2861 44 93 la
300 2843 222 95 sienne
620 2825 47 89 et
749 2815 144 85 josse
988 2794 75 71 me
1135 2721 192 133 flatte
1395 2717 113 102 que
1599 2695 175 86 vous
1844 2596 367 156 vousdré

166 2985 121 90 bien
414 2964 307 86 monoré
794 2919 62 93 de
933 2898 201 100 votre
1223 2847 444 122 resouvenir

214 3126 116 115 jay
370 3078 393 133 l'honneur
880 3011 290 134 daittre
1283 3003 191 91 avec
1578 2951 283 135 réspee

253 3505 563 148 monseigneur

1309 3508 192 135 Votre
1557 3490 110 114 tres
1705 3445 138 126 heur

1975 3405 33 126 le
2046 3353 340 169 serraante

1375 3688 202 85 veuve
1690 3574 464 168 dailleboust
