2752 3424
711 342 45 96 de
806 342 262 106 laquelle
1133 343 248 94 somme
1467 341 168 96 ledit
1722 344 73 80 S.
1874 363 190 72 morau
2166 329 320 100 demeurera

695 461 468 102 Valablement
1312 452 420 114 déchargé,
1770 462 53 75 en
1886 449 387 112 rapportant
2373 441 33 90 le

717 607 249 67 présent
1068 590 126 81 avec
1259 586 42 77 le
1383 590 111 71 recu
1587 579 48 72 du
1718 576 376 69 Trésorier.

810 739 492 121 Basseterre
1385 725 47 95 le
1507 715 194 121 vingt
1804 720 124 112 may
1995 717 168 112 1778.
2239 698 184 123 signé

704 863 71 93 Le
859 854 344 86 President
1292 847 47 77 de
1412 838 342 89 Peinnier.

891 1041 53 106 Je
1021 1034 384 122 soussigné
1514 1038 299 96 Trésorier
1905 1019 38 88 de
2018 1014 57 108 la
2151 1002 414 124 Guadeloupe,

718 1187 312 79 reconnois
1109 1186 157 67 avoir
1362 1170 106 67 recu
1554 1160 47 67 de
1712 1155 92 78 m.
1903 1145 168 85 moreau
2169 1129 237 98 Greffier
2487 1126 40 77 dt

681 1275 461 106 L'Intendance
1214 1263 53 74 la
1332 1255 236 82 Somme
1639 1246 42 91 de
1741 1242 152 76 Deux
1985 1233 159 90 mille
2243 1219 177 95 vingt

713 1409 149 69 trois
983 1381 191 76 Livres
1270 1362 69 84 dix
1428 1354 105 104 neuf
1612 1340 134 101 sols
1805 1334 169 107 argent
2055 1324 48 96 de
2200 1314 287 106 france,

708 1494 267 95 faisant
1056 1472 147 95 celle
1285 1465 46 93 de
1413 1457 160 85 trois
1657 1441 145 77 mille
1904 1426 192 80 trente
2183 1425 144 85 cinq
2385 1410 176 83 livrer

732 1590 98 90 dix
917 1583 126 85 huit
1146 1562 160 87 sols
1395 1552 119 86 six
1608 1546 232 70 deniers
1923 1534 196 81 argent
2193 1514 75 85 des
2366 1498 194 93 Isles,

734 1711 121 70 pour
929 1687 110 85 être
1122 1675 48 77 en
1221 1669 174 91 dépôt
1490 1654 148 77 dans
1711 1648 59 62 ma
1849 1632 180 84 caisse
2132 1626 240 82 jusques
2453 1625 20 66 à

726 1818 45 77 ce
846 1810 82 79 que
1013 1777 42 89 le
1176 1753 274 95 ministre
1530 1760 54 68 en
1671 1746 70 80 ait
1828 1723 278 78 ordonné
2204 1689 349 111 l'emploi.

845 1931 42 79 à
931 1902 60 108 la
1052 1879 457 120 Basseterre
1597 1873 44 83 ce
1744 1837 198 114 vingt
2068 1831 106 111 may
2234 1814 166 117 1778"

744 2018 202 121 signé
1058 1988 402 118 serault.※

1714 2201 168 115 Pour
1943 2199 209 114 Copie

1815 2335 266 144 Morau
