2752 3432
1040 315 183 89 Copie
1290 304 39 76 de
1379 299 46 83 la
1485 284 171 89 lettre
1745 272 60 84 de
1847 276 153 76 M.
2043 256 52 76 de
2155 245 265 85 Mauret

1083 461 25 78 à
1172 448 112 86 M.
1329 411 242 102 Morau
1659 409 61 80 en
1774 387 130 96 datte
1966 379 53 97 du
2068 370 47 79 4.
2187 372 132 79 mars
2357 351 71 98 1778

854 776 379 99 Monsieur

717 1063 148 95 J'ai
937 1041 227 111 appris
1295 1025 110 94 par
1480 1003 111 88 M.
1669 995 63 81 Le
1784 955 249 114 Général
2131 935 104 92 que
2278 931 53 88 le
2390 928 51 75 S.

770 1171 409 106 Montpellier
1258 1139 208 82 ancien
1591 1108 280 81 tambour
1971 1056 201 111 major
2255 1039 71 100 du

728 1307 346 82 Régiment
1130 1286 48 63 de
1228 1257 257 89 Vexin,
1577 1228 232 86 m'avoit
1884 1203 282 86 compris
2273 1169 111 74 sur

713 1439 51 64 un
837 1400 150 95 Etat
1091 1381 130 94 qu'il
1294 1386 5 62 a
1366 1365 280 79 envoyé,
1700 1325 63 91 de
1830 1314 59 88 ce
1932 1308 104 94 qui
2096 1295 70 76 lui
2253 1280 70 85 est
2382 1270 64 89 du

731 1538 142 83 dans
936 1530 55 60 ce
1054 1495 135 92 pais
1310 1486 38 67 et
1411 1475 135 67 dont
1601 1443 118 79 vous
1794 1435 110 73 êtes
1967 1397 236 90 chargé
2295 1379 73 73 de

715 1640 168 85 faire
994 1614 36 77 le
1101 1571 563 117 recouvrement.
1776 1538 125 86 J'ai
1960 1509 332 94 l'honneur

742 1748 124 72 vous
937 1726 284 94 prévenir
1310 1707 88 71 que
1462 1690 38 65 ce
1538 1656 216 95 n'étoit
1842 1634 100 94 pas
2055 1639 6 52 a
2148 1605 96 81 moi
2326 1596 7 82 a
2392 1576 106 89 qui

720 1867 44 61 il
859 1840 171 76 devoit
1119 1796 342 103 s'adresser
1516 1778 145 78 pour
1723 1735 300 93 toucher
2084 1717 45 75 la
2206 1688 262 98 somme

743 1965 137 76 qu'il
966 1908 341 110 reclame,
1361 1889 270 84 d'autant
1684 1881 104 74 que
1841 1843 39 75 le
1947 1817 204 92 Billet
2237 1799 142 99 qu'il
2438 1789 7 70 a

731 2081 73 65 est
872 2056 49 76 de
971 2042 81 79 feu
1138 2036 117 66 mon
1337 1996 154 92 frere
1583 1993 87 67 qui
1731 1957 242 84 servoit
2067 1927 179 85 ainsi
2320 1911 110 85 que

945 2154 165 72 dans
1157 2135 51 83 le
1267 2103 357 97 Régiment
1716 2080 70 69 de
1838 2070 176 79 Vexin
2153 2030 58 83 et
2277 2020 92 81 qui
2430 2010 70 67 est

762 2280 139 80 mort
1001 2278 20 57 à
1059 2257 54 65 la
1181 2205 337 121 Basseterre
1600 2212 52 61 au
1749 2175 137 78 mois
1980 2156 64 83 de
2083 2134 199 85 juillet
2379 2113 162 97 1771.;

763 2185 88 71 moi

759 2379 251 88 n'étant
1082 2351 178 88 point
1335 2327 92 83 son
1506 2297 337 92 héritier,
1901 2284 41 70 je
1999 2279 68 69 ne
2125 2255 160 77 crois
2360 2236 101 88 pas

736 2488 132 89 être
1014 2463 154 79 dans
1226 2448 36 67 le
1332 2441 100 68 cas
1503 2425 57 82 de
1624 2411 219 85 payer
1929 2379 91 72 ses
2099 2343 191 94 dettes
2375 2345 2 56 :
2432 2354 2 44 –

791 2587 143 91 c'est
1003 2585 14 75 a
1112 2561 88 81 ma
1319 2525 298 108 famille
1704 2520 58 74 en
1849 2468 214 102 france
2166 2477 6 71 a
2255 2461 105 78 qui
2419 2436 55 69 il

736 2706 106 76 doit
986 2657 424 96 s'adresser.
1523 2637 106 81 J'ai
1690 2634 54 61 eu
1804 2572 392 107 l'honneur
2249 2547 56 89 de
2352 2531 149 100 faire

730 2809 44 76 la
870 2802 172 74 même
1148 2760 239 105 réponse
1481 2762 18 54 à
1565 2738 7 71 M
1738 2721 49 89 Le
1851 2695 367 107 Général,
2266 2690 97 76 par
2413 2652 104 93 une

740 2912 180 104 lettre
1016 2913 104 71 que
1153 2874 75 102 j'ai
1330 2863 44 75 en
1436 2833 165 102 celui
1663 2823 49 84 de
1752 2819 77 86 lui
1899 2789 171 96 écrire
2157 2789 16 74 à
2226 2796 52 66 ce
2344 2775 161 84 sujet

759 3032 43 86 le
890 3028 146 92 mois
1115 2989 276 122 passé.
1453 2969 83 112 Je
1599 2959 153 82 vous
1839 2935 122 89 prie
2069 2916 138 92 donc
2282 2907 55 73 de
2412 2903 78 77 me
