2624 4040
699 392 164 78 réside
943 377 420 87 actuellement
1470 381 21 66 à
1568 363 317 76 nismes,
1958 363 78 58 Le
2126 363 304 46 Tresonon

701 499 53 75 de
811 491 54 90 la
933 481 235 86 colonie
1243 485 41 71 en
1377 459 271 87 fournira
1711 444 106 87 son
1917 412 307 104 récépissé
2296 426 50 65 au

688 591 297 105 Trésorier
1086 559 313 120 Général,
1426 555 78 90 des
1568 547 109 103 qu'il
1757 537 116 74 sera
1933 510 261 101 instruit

697 705 161 98 qu'elle
944 709 119 79 aura
1135 682 88 90 été
1306 684 238 85 payée.
1629 642 252 95 Dans
1944 625 47 90 le
2053 621 89 90 cas
2249 620 71 67 où

708 830 132 66 vous
901 793 373 110 n'adopteriés
1331 790 108 92 pas
1524 791 73 72 cet
1669 749 533 117 arrangement,
2238 745 156 95 nous

705 937 130 89 vous
899 937 204 86 prions
1173 904 46 94 de
1297 898 163 100 faire
1530 875 292 105 prévenir
1913 856 48 94 le
2010 853 65 79 S.
2114 848 154 89 Agré
2340 843 52 81 de

693 1047 52 95 la
828 1028 187 104 recette
1091 1045 83 77 qui
1241 1037 6 76 a
1302 999 88 109 été
1454 995 158 111 faite
1694 1007 21 66 à
1758 979 101 100 son
1932 945 307 128 profit,
2298 927 123 112 afin

708 1172 118 92 qu'il
934 1158 224 83 presine
1217 1132 74 83 des
1365 1119 232 97 mesures
1682 1107 147 91 pour
1907 1074 204 92 retirer
2175 1064 69 74 ces

695 1272 195 100 2023^lt
928 1276 84 87 19^s
1068 1260 78 77 des
1267 1251 198 82 mains
1527 1222 53 81 du
1656 1198 357 95 Trésorier.

866 1408 199 99 nous
1191 1387 412 107 joignons-ici
1667 1379 52 79 un
1799 1345 122 91 Etat
1994 1314 277 126 certiffié
2343 1307 61 88 du

697 1517 222 112 Greffier
991 1511 48 88 de
1075 1488 482 115 l'Intendance,
1615 1481 74 86 qui
1775 1438 271 103 constate
2126 1428 73 82 les

668 1631 331 89 Sommes
1055 1608 134 91 dües
1254 1620 58 67 au
1370 1586 72 97 S.
1479 1593 201 86 Agré,
1735 1558 168 101 celles
1972 1550 81 96 qui
2115 1534 85 80 ont
2295 1523 82 80 été

698 1731 252 90 percues
1019 1734 91 71 par
1150 1701 134 99 lui,
1317 1719 40 71 et
1427 1676 187 101 enfin
1712 1668 75 86 les
1852 1637 492 111 non-valeurs,

694 1858 137 89 pour
883 1822 311 123 lesquelles
1258 1829 38 79 il
1377 1789 305 126 rapporte
1753 1779 79 113 les
1887 1778 163 89 pieces
2141 1756 298 86 nécessaires

882 1982 234 129 nous
1187 1971 395 111 sommes
1678 1952 158 125 avec
1914 1928 454 134 respect.

910 2618 810 203 Monseigneur

1050 3060 5 102 s
1139 3038 151 116 très
1414 3027 353 118 humbles
1919 3036 50 90 et
2098 3005 130 109 Crès

926 3157 405 100 obeissants
1429 3146 524 90 serviteurs.

863 3267 52 106 Le
948 3269 53 104 lte
1062 3249 259 124 D'arbaud
1566 3262 71 107 Le
1677 3216 272 143 president
1996 3207 58 136 de
2093 3207 241 132 peinier
