2432 3696
192 182 320 80 Colonies

215 338 2 74 M
428 322 33 79 de
529 317 120 85 Vaure

466 404 0 127 1

115 1550 110 88 M.
253 1524 150 112 Prevost
430 1521 39 110 de
496 1523 30 112 la
562 1531 118 101 croix

141 1930 84 68 rend
272 1924 165 67 compte
478 1919 36 61 de

946 207 5 124 a
1095 198 379 118 Bordeaux
1549 181 56 110 Le
1662 190 82 96 30.
1783 176 250 115 Decembre
2065 197 151 91 1786.

1265 903 447 153 Monseigneur

1548 1236 89 159 Je
1713 1223 44 119 le
1834 1237 14 134 2
1911 1206 64 140 pr

1459 1479 114 163 M.
1642 1409 144 201 Jand

782 1933 3 64 e
884 1895 172 99 navire
1134 1887 44 89 la
1264 1901 200 72 marie.
1495 1866 316 102 Catherine
1882 1856 275 97 Capitaine

130 2042 28 63 du
205 2031 92 77 Ch^er
336 2015 263 97 daillebout.
728 1997 202 99 Rigal
1015 1986 93 95 sur
1160 1984 223 98 lequel
1462 1968 38 94 le
1551 1967 66 97 S.
1682 1956 313 103 Daillebout

124 1983 148 67 l'Envoi
320 1981 16 60 a
376 1971 204 67 Rochefort

711 2098 308 85 Lieutenant
1087 2100 44 64 en
1205 2073 203 85 Second
1504 2063 69 80 du
1650 2044 317 92 Bataillon
2041 2048 59 69 de
2163 2031 32 80 la

725 2203 257 87 quianne
1058 2188 67 77 est
1194 2182 252 93 repasse
1509 2168 54 85 en
1613 2161 205 90 france
1887 2146 153 92 etant

718 2312 149 77 entre
943 2319 46 61 en
1040 2315 40 62 ce
1136 2294 167 82 port,
1355 2288 39 74 et
1482 2273 240 88 n'ayant
1785 2269 46 77 en
1883 2256 125 87 cette
2071 2248 106 86 ville

719 2422 164 67 aucun
961 2385 395 91 Etablissement
1455 2396 50 54 ou
1568 2362 193 87 endroit
1824 2358 115 78 sur
2038 2364 2 68 a

709 2520 235 82 pouvoir
1022 2495 119 100 faire
1213 2498 200 90 garder
1500 2480 58 90 cet
1650 2466 207 104 officier
1943 2462 131 73 dont

705 2605 230 100 l'Esprit
1017 2610 66 76 est
1166 2585 223 97 aliene,
1435 2575 96 104 J'ai
1585 2597 115 74 pris
1775 2560 39 97 le
1868 2551 152 94 Parti
2079 2560 46 65 de

708 2720 35 88 le
796 2712 135 97 faire
1029 2707 261 84 conduire
1363 2706 115 72 par
1569 2702 60 69 un
1720 2676 216 85 archer
2005 2677 45 75 de
2080 2659 39 86 la

731 2827 198 92 marine
1026 2828 3 70 a
1124 2791 339 108 Rochefort
1545 2805 3 84 a
1600 2788 52 90 la
1726 2770 326 109 disposition
2105 2771 45 82 de
