2848 3856
832 703 119 85 ainsi
1017 699 59 95 que
1159 690 103 100 vous
1335 666 36 119 le
1427 666 145 113 verrez
1655 689 85 90 par
1824 657 34 107 le
1900 653 252 121 certificat

817 867 52 101 cy
917 858 119 110 joint
1116 841 69 104 du
1243 849 168 105 premter
1451 831 353 105 Medecin,
1860 840 77 100 que
1995 832 84 84 cet

814 1014 188 119 Officier
1067 1013 131 115 refuse
1270 1004 51 114 de
1377 1000 180 113 prendre
1638 1007 99 97 tous
1816 992 59 95 les
1948 991 205 99 remedés

822 1187 63 88 qui
930 1178 262 95 pourroient
1284 1166 201 107 apporter
1561 1159 216 105 quelque
1830 1148 355 115 soulagement

828 1351 1 65 a
882 1319 70 102 son
1020 1312 78 101 mal
1213 1334 32 80 et
1298 1311 31 97 se
1405 1326 55 86 met
1505 1334 79 79 par
1636 1300 55 108 là
1767 1297 125 112 hors
1952 1296 171 107 d'état

815 1492 35 104 de
901 1494 183 110 pouvoir
1137 1485 181 107 obtenir
1378 1480 50 113 la
1480 1485 205 99 guerison
1770 1496 80 89 que
1911 1488 103 87 nous
2068 1480 188 98 aurions

825 1655 140 104 desire
1026 1653 67 100 lui
1138 1664 259 96 procurir.
1478 1670 56 71 En
1598 1664 313 92 conséquence
1968 1646 32 97 il
2048 1643 177 102 devient

809 1811 358 122 indispensable
1243 1808 43 100 de
1328 1805 35 104 le
1413 1803 146 111 faire
1609 1799 265 124 transferer
1967 1828 137 85 dans

819 2018 74 74 une
952 1992 82 98 des
1093 1987 249 101 Maisons
1421 1985 282 98 destinées,
1763 2010 21 68 à
1830 1999 188 78 recevoir
2084 1981 101 92 cette

817 2165 153 108 especé
1030 2165 47 106 de
1160 2163 305 109 malades.
1548 2165 199 100 Nous
1837 2176 192 84 avions

812 2322 202 132 D'abord
1106 2355 110 95 jetté
1280 2371 74 75 nos
1427 2344 92 100 rues
1620 2326 74 112 sur
1776 2320 313 134 L'hopital

813 2487 76 118 de
935 2487 39 123 la
1029 2484 387 133 Rochelle;
1472 2528 104 86 mais
1698 2525 197 92 d'apres
1971 2483 65 119 les

811 2692 335 103 renseignemens
1255 2703 67 86 que
1372 2700 0 73 M
1506 2669 50 114 de
1607 2668 25 104 la
1690 2667 302 115 Grandville

802 2864 84 122 s'est
937 2875 194 111 procure
1215 2879 25 70 à
1274 2877 50 89 cet
1375 2867 210 117 égard,
1636 2859 25 88 il
1728 2859 0 96 a
1796 2870 177 111 appris
2057 2889 84 90 que

801 3038 175 100 quoique
1053 3011 27 121 le
1140 3017 71 114 pix
1289 3033 44 92 de
1393 3009 36 121 la
1480 3009 175 120 pension
1742 3021 96 98 soit
1907 3010 44 97 de
2020 3003 184 113 600^lt.
