2848 4168
359 237 128 196 B.
540 271 11 133 L
654 228 92 171 C.

458 651 816 104 Monseigneur

1517 912 73 109 M.
1622 905 73 120 Le
1719 889 88 168 R.
1859 890 50 159 Jr

2029 860 119 98 avril
2267 856 51 93 n^°

211 1321 29 74 je
321 1296 46 93 ne
429 1266 249 133 blevais
729 1270 267 116 jamais
1069 1230 362 134 d'inploé
1516 1203 206 126 votre
1778 1190 207 113 cecour
2052 1177 52 117 et
2206 1182 170 98 vous

181 1393 324 123 demandé
574 1388 55 103 de
699 1402 352 81 pouraeux
1183 1348 56 104 de
1316 1335 266 108 vouloit
1641 1317 129 105 bien
1883 1303 214 104 malor
2155 1282 73 107 dé
2301 1270 189 110 votres

166 1545 372 96 resouvenir
633 1531 165 75 pour
886 1515 142 73 mon
1105 1469 84 111 fis
1252 1476 44 89 et
1373 1451 54 114 de
1489 1433 373 124 satisfaire
1957 1444 5 75 a
2008 1405 46 106 la
2138 1370 374 128 demande

160 1691 105 120 que
362 1684 236 101 jay'eu
671 1641 388 108 l'honneur
1124 1626 55 74 de
1277 1607 175 94 vous
1498 1572 229 113 faire
1816 1558 188 103 pour
2045 1512 119 111 lui
2270 1497 54 91 du

188 1808 311 112 moment
609 1808 103 97 qui
769 1764 48 120 la
902 1742 233 124 laissé
1194 1724 74 132 les
1320 1710 149 135 salle
1540 1694 93 127 dés
1705 1701 380 119 aspiran
2181 1625 245 146 garde

166 1952 35 93 la
308 1959 295 83 marine
715 1923 45 93 il
838 1899 81 102 lia
1022 1897 322 101 12moix
1505 1886 97 76 m^r
1672 1881 56 63 de
1770 1838 40 104 la
1851 1829 226 100 touche
2146 1823 46 91 et
2343 1819 8 64 m

1851 1935 226 121 crine
2170 1889 273 147 pourlu

167 2049 46 116 de
285 2023 290 142 chérise
687 2045 112 99 une
880 2029 37 102 la
1008 1996 229 126 bonté
1314 1974 61 128 de
1465 2002 177 83 vous
1695 1973 122 115 éqi

172 2222 2 70 a
244 2194 39 120 ce
353 2183 140 116 suict
588 2167 42 111 la
772 2182 67 84 au
890 2124 424 130 Conlélance
1423 2086 544 136 monseigneur
2080 2045 178 93 vous

2295 2154 39 65 ce

185 2295 379 127 monorate
663 2273 178 118 d'une
932 2264 336 124 réponle
1346 2227 146 127 trés
1524 2179 580 166 sutisfaisante

183 2476 177 71 vous
423 2466 171 81 orié
668 2440 212 94 égard
971 2433 5 72 a
1042 2415 118 79 nox
1287 2344 429 132 demande
1823 2328 45 96 et
1958 2324 111 79 que
2161 2286 194 88 vous

162 2581 230 118 fercen
498 2591 3 74 a
593 2575 173 76 mon
848 2512 105 111 fis
1036 2542 66 76 un
1202 2483 156 117 sort
1488 2478 184 97 pour
1720 2427 89 125 les
1875 2378 425 161 collonnie

2173 2438 337 183 éposible

190 2686 260 142 phistot
563 2692 347 101 possble
1000 2675 47 84 et
1167 2662 186 80 vous
1429 2558 391 154 demande
1881 2531 227 119 coilt

1716 2743 53 92 je
1843 2680 210 130 conte
2131 2646 171 116 plus

180 2846 244 105 daitue
548 2806 277 116 d'éstiné
938 2814 188 77 pour
1186 2764 338 107 laienne

194 3031 115 96 que
415 3005 304 107 jamais
821 2973 124 93 sur
1042 2955 123 91 vox
1251 2903 282 116 bontée
1666 2830 609 150 monseigneur

190 3147 48 89 et
394 3146 39 77 je
538 3126 75 83 me
691 3071 218 131 flatte
997 3087 125 90 que
1210 3060 194 83 vous
1488 2975 372 140 voudré
1938 2955 168 106 bien

267 3390 134 112 juy
456 3342 447 142 lhonneur
1026 3271 292 143 daitre
1408 3235 172 137 tres
1636 3161 701 205 respecteseman

217 3285 185 82 nous
453 3239 75 117 les
618 3219 247 120 acord

1343 3505 193 132 Votre
1695 3519 148 87 tres
1889 3418 395 154 humble

1315 3695 42 50 en
1462 3694 77 41 son
1618 3570 368 146 obeisante
2024 3540 369 127 serciante

170 3606 597 143 monseigneur

1486 3722 257 110 veuve
1824 3621 496 170 dailleboust
