2880 4248
223 305 178 183 M.
487 292 218 180 DL.
743 313 10 143 C

355 764 61 165 18

480 903 656 241 Monseigneur

1612 345 18 259 M
1797 314 465 255 Ballebout

1492 1727 5 84 M
1647 1676 211 119 Lervine
1949 1676 5 96 i
2078 1677 111 124 huy

221 2045 275 134 perme패le
633 2063 87 91 que
783 2066 39 69 je
914 2037 170 93 vous
1145 1984 342 136 demande
1601 1977 54 115 de
1705 1988 370 97 nouvaux
2180 1944 54 109 de
2298 1925 274 108 voulvir

177 2198 127 97 bien
416 2217 3 70 a
502 2169 226 108 corde패
789 2175 4 86 a
906 2183 148 77 mon
1148 2138 84 107 fis
1322 2124 206 107 vo팩tre
1618 2113 428 96 resouvenir
2113 2081 379 103 comme.

180 2331 158 77 vous
397 2325 142 70 auer
613 2320 66 75 eu
776 2299 150 79 asse패
1013 2256 52 108 de
1130 2249 221 108 bonte패e
1438 2227 52 103 de
1579 2258 58 71 me
1687 2219 190 104 faire
1963 2178 268 123 espere패
2293 2161 193 96 dansh

150 2431 52 95 la
278 2419 149 113 letre
520 2439 83 82 que
695 2425 163 75 vous
943 2397 235 86 maies
1261 2355 173 121 faits
1501 2344 380 117 lhonneur
1971 2345 55 62 de
2120 2303 294 83 meliure

181 2574 94 77 aux
396 2554 233 87 mois.
684 2550 57 70 de
803 2528 240 85 rancue
1144 2503 225 75 dernie
1499 2468 261 85 d'apre패s
1795 2421 53 98 la
1934 2387 386 122 demande
2411 2379 57 84 de

167 2699 130 80 m^r
363 2672 50 94 de
453 2666 32 93 la
524 2659 241 95 touche
833 2659 39 74 et
976 2658 112 65 mr
1174 2649 57 60 de
1281 2623 301 79 cherise
1666 2592 168 83 pour
1883 2542 177 103 lui;
2085 2533 169 99 vous
2314 2518 68 85 me
2423 2491 126 95 faite

166 2827 221 85 espe패re
506 2809 100 86 que
671 2800 40 67 la
811 2748 362 119 proche패ne
1264 2731 171 99 pluce
1605 2740 91 68 que
1765 2691 190 90 livrra
2064 2661 120 101 que
2260 2649 172 69 voson

158 2941 99 97 lui
358 2959 245 74 destine패
705 2941 159 72 dans
909 2891 50 107 la
1056 2875 309 106 Colonne
1474 2880 56 79 de
1610 2866 67 84 S^t
1737 2808 466 116 Domingue

185 3090 56 68 un
344 3043 384 108 concecance
852 3026 519 110 monseigneur
1466 2975 369 108 jenplose
1959 2949 126 70 vor
2146 2889 241 98 bonte패e

162 3180 53 79 et
303 3169 46 97 la
444 3145 532 109 continuasion
1099 3113 54 85 de
1233 3086 231 104 votre패
1543 3050 497 121 resouvenir
2104 3008 316 92 livous

187 3332 205 35 ore
528 3249 127 103 bien
758 3243 194 83 nous
1013 3237 48 70 la
1174 3202 294 109 Corde패.

178 3440 121 114 jay
365 3386 415 146 l'honneur
879 3342 322 128 daitre.
1273 3355 182 86 avec
1548 3301 279 126 respee

169 3712 721 172 Monseigneur

177 3968 0 138 a
239 3953 208 155 Rochefort
488 3961 31 148 le
571 3960 31 149 9.
650 3980 99 130 mary
764 3974 110 137 178.

1599 3666 232 155 Votra
1917 3641 119 156 tres
2084 3616 327 163 humble

1649 3806 329 112 servante
2060 3804 222 97 veuve

1769 3881 481 226 duilleboust
