2528 3768
245 201 7 103 5
345 169 140 127 avril
531 168 162 125 1787

236 416 181 112 expiere패
450 406 26 75 le
540 397 27 72 22
639 389 111 86 dud.

1446 249 613 124 Colonies.

1042 611 74 80 Le
1193 592 240 106 2ferrier
1511 592 189 88 dernier
1800 579 471 101 Monseigneur

837 710 2 60 a
907 711 277 74 approuve패
1267 690 71 90 les
1402 686 135 87 ordres
1601 713 78 63 que
1735 682 123 85 M^r
1896 682 39 83 Le
1986 680 78 86 C^te
2120 682 34 85 de

854 782 264 103 Vaudreuil
1192 786 32 97 et
1289 780 33 102 de
1372 783 31 98 la
1462 770 286 105 Granville
1829 760 76 109 ont
1956 759 189 106 donne패s
2204 795 106 63 pour

843 891 116 98 faire
1022 900 165 89 truiter
1265 914 16 71 a
1329 883 245 100 l'hopital
1642 874 31 95 de
1722 869 180 104 Mars
1951 867 22 102 le
2007 864 45 98 S.
2086 862 249 101 Duillebout

836 992 302 110 Lieutenant
1210 985 72 105 des
1351 985 218 109 Troupes
1646 984 34 95 de
1725 971 257 115 Cayenne
2051 965 170 91 dont

835 1101 169 100 l'espit
1066 1132 57 54 est
1178 1092 198 101 ulie패ne패.
1403 1090 50 91 ils
1536 1109 274 76 marquent
1886 1076 394 104 aujourdhousy

844 1240 75 85 que
968 1239 66 67 cet
1091 1199 232 121 Officier
1396 1193 182 123 refuse패
1635 1193 35 107 de
1725 1189 207 102 prendre패
1981 1186 58 85 les
2096 1182 199 89 renudes

846 1343 80 101 qui
997 1337 311 93 pourroient
1380 1319 240 116 apporter
1690 1316 200 113 quelque
1945 1308 351 117 soulagement

836 1463 20 59 a
906 1455 84 72 son
1059 1444 102 82 mal
1224 1454 33 80 et
1313 1450 166 81 qu'en
1541 1441 369 85 conse패quence
1985 1429 27 73 il
2081 1427 191 79 devient

846 1544 439 118 indispensable
1351 1534 27 109 de
1418 1536 28 106 le
1512 1540 127 104 faire
1704 1524 288 119 transferer
2066 1519 128 92 dans
2261 1549 68 72 une

841 1670 76 90 des
1005 1662 204 104 maisons
1283 1661 239 100 destine패es
1596 1695 2 58 a
1656 1673 187 78 recevoir
1909 1656 104 88 cette
2071 1647 146 93 espece
2274 1641 37 93 de

863 1781 283 97 malades.
1180 1788 124 80 M.
1372 1773 42 97 Le
1455 1785 90 80 Ct
1620 1776 42 93 de
1737 1764 289 101 Vaudreuil
2087 1766 29 86 et
2189 1759 44 90 de

848 1915 42 113 la
948 1900 301 126 Granville
1324 1911 235 106 ajoutent
1633 1886 144 121 qu'ils
1841 1904 202 80 avoient
2100 1877 110 100 jelle

844 2032 128 97 leurs
1041 2050 100 71 rues
1203 2044 78 75 sur
1342 2014 282 102 l'hopital
1685 2007 37 99 de
1769 2009 44 93 la
1867 1997 290 101 Rochelle,
2204 2015 100 69 mais

850 2158 133 96 qu'ils
1058 2158 71 77 ont
1190 2159 190 83 appris
1455 2158 85 87 que
1615 2152 230 92 quorque
1907 2139 36 88 la
2018 2137 223 95 pension

847 2264 81 90 soit
987 2264 41 95 de
1094 2262 122 88 600^lt
1261 2258 82 97 Les
1435 2253 229 90 malades
1749 2283 1 46 y
1830 2251 295 91 manquent

855 2375 367 92 absolument
1294 2375 46 86 de
1420 2390 137 69 soins
1631 2400 26 56 et
1718 2393 112 61 sont
1884 2361 83 91 tres
2065 2357 262 92 naltraites

841 2499 106 99 cette
1026 2495 404 111 conside패ration
1508 2509 307 93 qu'inspire
1870 2480 387 97 l'humunite패

842 2625 79 100 Les
998 2622 298 96 de패termine
1381 2645 16 73 a
1459 2612 244 112 supplier
1801 2599 494 116 Monseigneur

850 2748 41 103 de
953 2748 237 111 designer
1252 2742 72 106 lui
1411 2775 142 69 me팩me
1640 2756 47 82 un
1748 2736 97 101 lieu
1905 2724 318 109 convenable

841 2891 148 104 pour
1067 2888 3 103 y
1124 2867 123 122 faire
1294 2869 293 111 transferer
1658 2864 26 89 le
1739 2853 67 97 S.
1877 2844 333 106 Daillebout
2274 2869 34 66 et

838 3056 47 36 de
952 2997 538 105 donnee'ordres
1571 2999 138 101 pour
1791 3003 77 97 que
1934 2988 40 108 la
2048 2989 220 101 pension
