2560 3816
164 165 305 133 Adept

175 281 181 145 Pierre

591 303 276 107 Poces
1041 288 480 110 Criminez
1607 292 418 91 Extraordinairement
2097 274 160 96 Instruit

679 420 36 93 Ce
738 414 215 92 jourd'huy
1022 409 115 87 Quatre
1201 430 61 54 aout
1347 420 55 72 mil
1478 408 134 84 sept
1663 402 75 83 cent
1788 390 180 82 soixante
2019 380 55 90 dix
2118 379 95 90 huit

684 523 15 72 à
721 515 138 80 quatre
914 508 137 87 heures
1132 503 34 77 de
1202 509 119 79 rélevée
1377 515 116 69 par
1531 512 78 66 nous
1690 486 73 87 Louis
1838 484 168 85 Gabriel
2075 475 226 89 Casamajor

666 614 233 89 Capitaine
968 629 26 60 au
1019 608 206 89 Régiment
1282 623 52 53 du
1384 599 66 91 Cap
1525 598 155 86 fésant
1737 591 187 90 fonctions
2013 587 251 88 d'aidemajor

680 725 159 86 pour
890 701 31 83 le
957 699 84 101 Roy
1091 700 115 91 decette
1271 699 181 99 place,
1495 712 1 54 a
1524 687 100 94 ssisté
1674 692 25 100 de
1726 689 136 100 Joseph
1935 676 136 76 Canae
2123 673 143 97 fourier

683 810 100 75 audit
859 797 212 95 Régiment
1154 790 119 96 fivant
1331 786 171 93 fonctions
1599 798 27 62 de
1671 782 132 91 greffier
1867 775 132 93 duquel
2095 771 120 81 Nous

680 916 107 67 avons
890 903 127 95 exigé
1060 903 22 76 le
1139 896 165 77 serment
1382 892 165 91 réquis,
1598 890 41 83 au
1663 889 153 86 nommé
1867 879 158 95 Pierre
2077 873 151 78 Rdert

685 1000 145 83 soldat
878 1000 29 78 de
942 996 37 76 la
1042 993 266 98 Compagnie
1386 994 22 66 de
1443 987 145 96 Dupuy
1636 1000 30 75 au
1693 981 208 100 Régiment
1951 983 72 60 du
2086 973 88 99 Cap

678 1100 120 80 accusé
862 1091 162 86 d'avoir
1083 1087 173 84 déserté
1333 1086 24 80 de
1398 1080 150 81 ladite
1642 1079 233 79 Compagnie
1963 1068 25 80 le
2040 1066 85 84 Trois
2172 1073 49 69 de

687 1213 28 62 ce
779 1215 142 58 mois,
958 1188 120 80 arreté
1141 1192 45 71 au
1255 1180 121 80 dondon
1450 1183 24 72 le
1510 1183 142 70 quatre
1715 1173 186 74 Comm'il
1981 1163 186 77 Conste

691 1312 177 82 par
923 1292 25 97 le
1017 1288 163 102 procès
1258 1278 169 85 verbal
1498 1275 31 76 de
1578 1272 206 101 Capture
1869 1266 38 73 de
1949 1259 184 104 l'officier
2167 1272 61 60 de

704 1389 312 81 maréchaussée
1101 1381 225 92 employé
1385 1371 100 82 audit
1569 1369 140 85 lieu,
1748 1368 100 88 dudit
1893 1388 94 72 jour,
2038 1387 28 60 et
2091 1386 28 51 de
2151 1365 27 73 la

687 1485 181 76 Conduit
964 1498 51 68 aux
1099 1483 204 82 prisons
1389 1475 37 78 des
1487 1469 179 79 Cazernes
1764 1462 31 82 de
1837 1464 88 72 cette
1960 1458 75 81 ville
2108 1461 19 75 ou
2169 1454 26 72 il
2249 1458 51 74 est

694 1581 128 85 détenu
894 1580 201 81 Comm'il
1175 1583 128 83 apert
1375 1579 121 84 par
1542 1569 41 85 la
1642 1565 221 92 Réquête
1949 1573 21 72 en
2009 1556 155 91 plainte
2250 1558 34 76 du

671 1681 82 81 six
802 1679 38 92 de
868 1694 16 65 ce
948 1694 75 69 mois
1123 1691 9 81 à
1152 1688 104 83 quoy
1363 1672 156 88 nous
1612 1658 293 103 procedons
2035 1647 227 95 Comm'il

709 1777 91 96 s'en
852 1765 249 104 suir.※

798 1935 536 112 Information
1397 1929 45 103 du
1491 1934 168 96 Premir
1715 1926 190 99 Témoin

734 2056 135 91 Avons
968 2052 95 97 fait
1122 2073 102 67 venir
1283 2052 21 87 le
1363 2049 195 89 Nommé
1636 2039 96 94 Jean
1804 2036 236 92 Baptiste
2106 2027 181 97 Monsay

657 2165 179 107 Sergent
880 2169 39 74 de
969 2164 46 82 La
1080 2158 276 104 Compagnie
1450 2155 23 67 de
1509 2147 180 103 Dupuy
1754 2151 30 75 au
1813 2144 223 98 Régiment
2094 2134 54 102 du
2175 2137 62 101 Cap

695 2275 1 66 d
749 2266 184 74 Réligion
1000 2263 264 92 Catholigue
1358 2267 2 83 a
1405 2249 217 100 postolique
1709 2247 1 78 &
1770 2245 327 88 Romaine,
2122 2236 129 93 lequel

697 2368 139 64 après
904 2362 176 66 serment
1190 2361 111 60 par
1374 2369 61 48 luy
1485 2346 107 68 Preté
1655 2363 33 47 de
1711 2350 70 59 dire
1829 2339 25 67 la
1898 2336 118 68 verité
2075 2332 84 68 sur
2189 2332 34 66 le

685 2469 165 69 Contenu
917 2463 35 67 en
978 2464 29 72 la
1087 2450 192 94 plainte
1360 2444 117 80 contre
1551 2438 21 82 le
1592 2443 152 88 nommé
1803 2435 165 96 Pierre
2020 2425 152 80 Adert

703 2561 80 76 dont
825 2559 92 63 nous
995 2547 80 86 luy
1128 2555 122 73 avons
1389 2540 116 79 fait
1577 2535 122 72 Lecture

861 2642 1 83 A
927 2641 186 87 déposé
1198 2646 107 85 qu'il
1383 2639 180 77 connoit
1668 2628 48 87 le
1741 2636 188 83 nommé
1986 2628 207 90 Pierre

680 2744 111 79 Adert
840 2764 89 73 pour
979 2758 88 65 avoir
1132 2734 59 90 été
1262 2728 133 87 soldat
1467 2724 30 84 de
1524 2729 39 75 la
1620 2724 242 101 Compagnie
1970 2727 31 86 de
2050 2719 205 94 Dupuny

704 2864 31 55 au
756 2837 243 99 Régiment
1035 2840 45 73 du
1137 2836 171 95 Cap,
1350 2823 97 106 qu'il
1512 2821 52 87 l'à
1615 2826 45 79 vû
1710 2831 170 70 recevoir
1960 2816 31 103 le
2040 2830 156 87 prêt,
2224 2807 96 104 faire

686 2945 26 67 le
793 2940 139 80 service
988 2936 33 91 et
1094 2934 190 88 passer
1327 2948 26 58 en
1402 2931 166 79 Revüe,
1629 2930 51 79 que
1723 2933 26 63 ce
1805 2921 164 74 soldat
2043 2926 20 64 à
2087 2921 64 72 été
2175 2911 121 80 présent

688 3054 1 56 a
723 3044 25 66 la
813 3033 262 79 Compagnie
1157 3026 239 86 Jusqu'au
1454 3018 108 80 Trois
1650 3016 43 82 de
1721 3031 13 70 ce
1793 3025 149 65 mois,
1995 3021 66 71 que
2102 3014 18 79 ce
2143 3018 72 71 jour
2256 3004 37 74 là

692 3140 31 69 il
798 3135 31 71 ne
903 3127 108 90 s'est
1077 3125 99 86 pas
1242 3117 130 89 trouvé
1438 3115 18 103 à
1476 3114 145 110 l'apel
1681 3115 54 77 du
1771 3105 84 94 soir
1921 3109 3 104 &
1983 3118 106 93 qu'il
2133 3107 55 99 n'a
2232 3113 69 80 pas

716 3242 162 101 paru
979 3226 338 115 depuis.

872 3318 103 139 Luy
1062 3329 133 88 avons
1332 3308 233 137 demendé
1643 3297 111 109 s'il
1843 3296 81 114 sait
1973 3292 211 142 Pourquoy
