2432 3688
770 593 313 87 l'honneur
1159 595 54 72 de
1281 584 126 81 vous
1475 563 320 95 rappeller
1863 548 133 85 dans
2039 540 100 86 cette

764 689 383 84 Circonstance
1228 680 67 72 les
1347 676 299 71 promessess
1717 676 88 55 que
1867 666 110 58 vous
2029 657 116 60 avés

765 786 102 82 bien
951 774 165 83 voulu
1207 780 55 72 me
1316 764 119 83 faire
1521 767 141 73 ainsi
1746 760 96 70 qu'a
1944 758 106 61 mon
2090 730 94 80 sere

759 878 126 75 Pour
940 876 42 73 le
1031 868 59 79 S.
1144 862 206 83 Prevost
1427 863 43 73 de
1569 852 246 79 mesqueu
1897 840 218 74 mon–

764 959 208 100 Parent
1048 946 94 107 fils
1210 950 67 82 du
1346 937 58 87 S.
1451 947 60 79 de
1594 926 285 100 Presssigny
1933 934 326 70 Commissaire

773 1077 107 71 aux
949 1061 204 79 classes
1243 1071 3 66 a
1334 1046 257 86 quimper
1667 1051 94 75 qui
1824 1050 2 57 a
1909 1023 178 73 servi
2138 1014 40 74 la

776 1170 210 79 guerre
1042 1153 270 81 derniere
1395 1143 142 78 dans
1589 1132 69 84 les
1717 1115 377 86 volontaires

768 1264 57 77 de
907 1245 273 91 Bourbon
1261 1242 159 76 dans
1477 1220 268 91 l'Inde,
1772 1216 46 82 et
1887 1232 3 57 a
1959 1228 87 64 qui
2104 1210 116 69 vous

770 1368 137 59 avés
1004 1343 110 77 bien
1189 1335 165 79 voulu
1431 1324 260 83 Promettre
1778 1335 97 61 une
1941 1305 169 86 sous

763 1454 345 77 lieutenance
1178 1442 131 74 dans
1368 1430 31 79 le
1474 1413 334 92 Bataillon
1871 1407 49 83 de
1963 1410 219 77 Guianne

768 1580 51 69 ou
883 1551 118 88 dans
1054 1540 111 91 celui
1250 1527 303 103 d'affriqué
1652 1514 71 93 les
1775 1505 240 95 services
2093 1495 51 84 du

759 1649 103 91 Pere
939 1645 189 90 seront
1211 1627 310 85 surement
1618 1632 50 66 un
1745 1606 143 92 motif
1937 1589 257 101 suffisant

761 1745 124 76 Pour
952 1752 113 62 vous
1114 1729 329 80 déterminer
1522 1729 1 60 a
1603 1711 228 81 realiser
1905 1714 42 65 en
2010 1714 36 60 ce

773 1833 227 83 moment
1063 1833 73 70 vos
1189 1819 287 79 promesses
1579 1809 37 74 et
1693 1812 63 66 m'a
1838 1787 403 86 reconnoissance

758 1928 221 93 Egalera
1079 1913 64 99 les
1202 1907 323 88 sentimens
1589 1891 65 89 du
1720 1881 283 98 Profond.

753 2025 240 112 Respect
1072 2024 112 87 avec
1255 2005 211 111 lequel
1536 1990 96 112 J'ai
1696 1980 286 98 l'honneur
2041 1960 145 88 d'Etre

691 2285 563 138 Monseigneur

1200 2774 213 118 Vôtre
1451 2770 97 114 trés
1582 2755 240 120 humble
1850 2770 35 79 et
1928 2759 114 87 trés

1302 2871 293 81 obéessant
1670 2851 412 87 Serviteur※

1418 2986 247 148 Pavors
1706 2974 100 142 des
1856 2968 238 137 acroix
