2784 3448
1367 339 196 103 Etat
1693 335 85 103 des
1842 334 284 93 créances
2206 342 90 86 que
2340 327 83 87 j'ai

1386 477 174 71 recues
1635 451 131 86 pour
1811 445 39 73 le
1908 441 75 80 S.
2043 444 147 76 Agres
2304 428 80 67 dit

1421 561 449 118 Montpellier,
1943 571 90 80 par
2104 539 153 88 ordre
2343 525 56 71 de
2481 524 101 64 m.

1379 694 54 76 de
1528 693 147 73 mont
1716 674 247 80 denoix
2056 643 405 91 commissaire

1381 771 378 97 ordonnateur
1859 790 31 73 à
1961 750 58 121 la
2096 737 459 128 Guadeloupe.

2008 940 243 108 Argent
2327 945 35 102 de
2399 929 170 115 france

907 1172 53 96 de
1053 1174 83 92 m.
1174 1174 52 81 de
1264 1155 47 101 la
1397 1144 320 103 Pérouse
1833 1129 500 95 .......93^lt"
2410 1148 1 63 "
2543 1143 1 60 "

896 1283 51 93 de
1040 1303 84 64 m.
1184 1273 63 88 de
1300 1267 161 94 Retz
1546 1293 50 67 ".

1897 1277 167 53 ..".
2113 1237 219 94 274.
2407 1234 46 87 8.
2521 1227 57 79 2.

886 1400 61 84 de
1054 1408 87 65 m.
1184 1390 55 82 de
1339 1387 308 87 Montaigu
1792 1375 215 61 .....
2104 1352 143 75 440
2304 1360 1 48 "
2402 1369 1 50 "
2525 1362 1 40 "

901 1509 52 85 de
1045 1514 81 78 m.
1190 1505 44 84 de
1276 1500 45 87 la
1377 1487 248 98 Roche
1743 1500 284 76 .......
2082 1466 211 91 1025.
2364 1468 74 70 10.
2493 1457 75 76 10.

894 1643 42 85 de
1023 1664 77 60 m.
1161 1635 53 74 de
1320 1607 774 100 Michon..........

2126 1579 153 101 191"

2395 1580 0 65 "

2518 1577 0 84 "

2053 1777 211 83 2023^l"t
2339 1777 102 91 19.
2523 1796 1 55 "

843 2021 386 112 Certiffié
1316 1999 365 117 véritable,
1754 2023 27 63 à
1822 1993 66 100 la
1959 1985 464 89 Dasseterre

868 2148 392 123 Guadeloupe
1350 2136 40 84 le
1455 2133 178 115 vingt
1741 2124 101 107 may
1880 2109 151 113 1778.
2071 2103 166 115 signé
2314 2096 236 85 Moreau

874 2414 174 87 M.
1088 2402 251 97 Moreau
1404 2366 251 130 Greffier
1734 2363 50 102 de
1818 2351 442 125 l'Intendance
2343 2335 233 124 dépôsera

744 2555 26 63 à
806 2544 35 73 la
907 2535 172 82 caisse
1155 2521 49 77 du
1262 2524 137 73 Roy
1463 2497 79 92 les
1594 2493 161 85 Deux
1852 2472 154 88 mille
2096 2455 172 98 vingt
2354 2462 153 66 trois

746 2632 203 86 Livres
1035 2623 66 89 dix
1187 2635 117 87 neuf
1402 2597 125 100 sols
1600 2587 183 116 argent
1848 2585 48 104 de
1970 2577 227 108 france
2282 2552 291 104 mentionny

739 2758 30 64 ci
835 2750 268 85 dessus,
1163 2751 129 87 pour
1363 2737 5 90 y
1439 2715 178 89 rester
1759 2704 253 91 jusqu'à
2086 2699 45 65 ce
2239 2684 78 89 que
2414 2669 49 77 le

737 2882 393 71 ministre,
1178 2884 3 47 a
1258 2884 70 46 que
1400 2884 115 31 nous
1593 2849 46 58 en
1704 2814 275 84 rendrons
2043 2782 287 94 compte,
2389 2776 184 78 donné

732 2979 91 96 des
882 2969 161 117 ordres
1124 2968 138 111 pour
1368 2959 62 107 en
1482 2941 172 119 faire
1725 2920 51 82 la
1865 2915 223 74 remise
2218 2910 54 104 en
2322 2880 221 130 france
