2784 3824
81 541 63 77 dat

138 833 131 84 pour

83 928 132 80 nalité

81 1202 63 85 dit

88 1305 167 77 Anotre

72 1409 154 126 roc.

79 1703 154 83 Venant

86 1810 162 75 geneul

98 1892 7 85 6

91 1970 134 105 preté

88 2086 142 95 lainte

91 2181 77 136 Luy

71 2404 104 64 ierre

111 2501 108 84 aguie

82 2594 144 73 arrive

108 2686 49 80 le

82 2804 3 56 n
157 2794 24 63 à
199 2780 35 75 la

147 2845 75 128 que

85 2976 116 96 apel

69 3180 189 125 ourguoy

70 3374 114 81 pour

909 252 128 75 avoir
1207 244 211 71 deserté

971 346 232 100 Enquis
1301 320 91 90 s'il
1467 312 82 90 fait
1594 317 27 82 le
1681 304 99 115 sujet
1846 306 82 106 qui
1965 310 3 64 a
2027 291 147 111 obligé
2217 290 28 105 ce
2280 276 138 97 soldet

895 451 2 66 a
949 439 63 76 de
1075 429 112 82 serter

1078 542 27 59 à
1168 503 308 125 Répondu
1547 491 192 94 Lignorer

981 619 220 103 Interogé
1306 606 97 86 s'il
1479 610 169 82 n'arien
1759 597 19 87 à
1803 592 235 97 déposer
2106 573 147 105 pour
2308 572 46 75 ou

897 720 138 95 Contre
1113 721 24 88 ce
1201 707 152 82 soldat
1431 695 164 93 accusé
1639 692 105 94 étant
1842 686 138 91 obligé
2045 698 30 74 en
2126 668 191 98 qualité
2354 684 77 74 de

891 817 144 83 Temoin
1137 825 21 69 de
1210 819 94 68 dire
1377 827 20 62 ce
1426 796 94 92 qu'il
1634 790 204 83 sait.

1094 926 3 67 a
1194 905 191 93 répondu
1475 892 205 93 n'avoir
1745 882 67 84 rien
1884 894 15 62 à
1927 875 91 82 dire
2096 877 34 82 de
2178 861 109 85 plus

991 1008 152 87 Lecture
1267 1000 17 78 à
1319 992 74 91 luy
1491 984 133 88 faite
1774 977 36 84 de
1850 974 36 86 la
1927 962 273 86 déposition
2294 951 14 87 à
2332 947 65 91 dit

911 1115 113 82 quelle
1083 1099 169 90 Contient
1335 1091 162 87 vérité
1568 1080 3 88 &
1636 1077 15 88 à
1698 1071 163 91 signé
1919 1087 89 65 avec
2091 1062 164 82 Nous
2325 1050 4 84 &

912 1221 97 104 notre
1146 1193 228 123 greffier;
1462 1177 161 120 signés
1761 1169 88 121 Jean
1920 1165 161 117 Jacques
2194 1147 212 104 Venant,

910 1312 393 84 Casamajor,
1366 1293 215 84 Cazac

1026 1457 533 117 Interogatoire
1640 1467 2 83 &
1717 1444 240 112 Réponses

1255 1559 47 84 de
1402 1560 318 94 L'accuse

862 1666 323 127 Avons
1268 1650 185 120 fait
1491 1640 116 121 venir
1665 1681 38 71 un
1732 1646 168 99 hommé
1974 1650 29 78 de
2025 1651 39 77 la
2102 1633 108 96 laulle
2284 1608 200 110 d'environ

920 1803 98 87 Cinq
1074 1796 130 90 pieds
1288 1791 37 83 un
1375 1786 157 84 ponce
1589 1786 23 62 et
1654 1766 145 82 demi,
1828 1752 150 86 cheveux
2068 1742 210 87 chalains
2337 1734 128 84 elairs

918 1889 53 97 les
1044 1899 79 76 yeux
1176 1895 79 59 roux
1349 1871 30 74 Et
1446 1883 120 74 après
1647 1859 73 98 luy
1772 1852 86 89 avoir
1939 1846 79 98 fait
2056 1844 134 93 preter
2271 1833 176 84 serment

932 1994 36 68 de
987 1995 93 67 dire
1144 1986 31 75 la
1223 1977 148 83 verité,
1408 1975 70 78 luy
1559 1978 108 66 avons
1732 1958 221 80 demandé
2018 1948 58 65 son
2140 1946 121 72 nom,
2308 1938 204 62 surnoim,

927 2090 45 75 sa
1011 2078 196 82 qualité
1282 2075 21 82 le
1330 2088 64 65 nom
1493 2068 32 80 de
1564 2063 45 76 les
1679 2055 117 85 pere
1853 2051 3 74 &
1919 2047 112 81 mere,
2082 2038 27 80 le
2136 2035 63 76 lieu
2232 2039 27 73 de
2292 2031 51 80 sa

938 2183 253 80 naissance,
1252 2169 74 81 son
1394 2184 73 74 agé
1522 2173 2 57 &
1632 2154 40 74 sa
1701 2147 222 92 Religion

1086 2280 3 73 a
1197 2268 302 89 Répondu
1594 2245 30 83 se
1650 2256 191 79 nommer
1901 2237 148 89 pierre
2122 2224 143 85 Adert
2352 2213 156 89 soldat

943 2367 32 86 de
1035 2367 39 84 la
1149 2363 322 97 Compagnie
1546 2359 23 67 de
1610 2349 166 93 Dupuy
1844 2353 31 69 au
1899 2326 237 100 Régiment
2183 2326 67 75 du
2310 2317 139 93 Cap,
2481 2305 66 89 fils

944 2471 38 85 de
1013 2469 157 84 Laurent
1267 2454 127 87 Adert
1496 2471 27 60 et
1566 2449 309 79 demargueritte
1995 2417 209 92 Biarde
2295 2416 115 79 natif
2454 2411 39 77 de

931 2567 179 89 Nimes
1219 2581 35 65 en
1319 2545 310 97 Languedoc,
1667 2547 146 86 agéde
1891 2528 58 79 dix
2041 2523 174 93 sept
2274 2524 158 70 ans,
2486 2521 48 59 de

939 2661 198 94 religion
1231 2651 294 89 Calholique
1621 2635 268 94 apostolique
1979 2627 0 80 &
2031 2627 253 66 Romaine

1098 2752 252 101 Interogé
1426 2751 250 95 pourquoi
1739 2729 31 72 il
1841 2730 40 83 est
1964 2717 142 83 détenû
2177 2725 39 91 en
2256 2704 192 105 prison

1040 2868 3 63 a
1132 2855 204 90 répondu
1432 2854 71 75 que
1586 2840 119 83 c'est
1770 2832 130 80 pour
1972 2819 94 69 avoir
2137 2812 193 78 déserté

1138 2942 212 102 Interogé
1397 2952 115 86 par
1558 2934 72 99 qui
1698 2933 31 67 il
1781 2925 4 76 a
1831 2917 58 81 été
1928 2916 144 87 arété,
2110 2902 144 106 enquel
2293 2893 164 87 endroit
2503 2903 24 73 et

968 3058 275 101 Pourquoy

1200 3145 3 79 a
1277 3132 182 92 répondû
1520 3133 93 79 avoir
1660 3116 69 79 été
1764 3112 118 83 arreté
1943 3122 15 62 à
1981 3107 35 77 la
2077 3097 202 85 Tannerie
2365 3099 112 74 par
2519 3087 35 76 un

958 3241 225 88 Cavalier
1269 3238 40 76 de
1344 3227 365 87 marechaussée,
1744 3212 60 91 luy
1857 3214 3 81 &
1928 3217 116 73 deux
2130 3198 180 82 soldats

968 3333 254 126 déserteurs
1325 3319 50 131 du
1405 3317 263 129 Régiment
1737 3321 48 99 de
1844 3306 298 116 Galinois,
2193 3310 64 88 que
2291 3297 30 105 ce
2363 3276 189 133 Cavalier
