2944 4168
1089 445 118 76 AMMep

665 542 261 103 Jusqu'aux
1009 537 135 90 ordres
1213 544 72 88 que
1353 517 105 94 vous
1509 504 200 104 voudrez
1775 500 89 86 bien
1931 490 66 94 lui
2088 482 136 115 faire
2291 472 222 116 passer.

787 643 101 111 J'ai
945 657 48 75 eû
1050 634 234 96 l'honneur
1357 634 40 80 de
1438 627 101 89 vous
1618 611 101 103 faire
1791 619 107 92 part
1963 604 70 95 des
2112 586 333 108 arreugements

662 780 67 74 que
785 755 82 97 j'ai
929 761 56 72 cru
1047 751 147 83 devoir
1270 738 179 95 premtre
1539 752 22 68 à
1604 739 74 75 mon
1755 740 159 68 arrivée
2004 723 133 80 pour
2207 703 172 88 arretter
2442 699 88 76 toute

658 861 49 99 les
772 856 237 104 poursuites
1066 861 34 89 et
1142 840 229 100 procédures
1452 828 244 109 intentées,
1716 828 131 77 contre
1905 838 64 85 une
2019 813 144 100 partie
2223 808 77 98 de,
2328 799 115 93 MM

659 961 53 94 les
792 957 159 121 officiées
1040 967 46 107 de
1117 969 31 104 ce
1188 928 324 142 Bataillou,
1560 940 121 107 pour
1728 920 58 128 les
1818 930 127 90 dettes
2004 934 83 92 que
2136 903 48 99 les
2236 892 284 108 circonstances

673 1069 304 102 malheureuses
1058 1065 51 82 les
1157 1068 169 82 avoient
1401 1051 178 104 obligés
1689 1067 23 58 à
1759 1035 296 91 contracter.
2143 1026 73 94 Jai
2292 1028 100 94 donc
2431 1016 94 93 fait

677 1206 144 78 payer
905 1167 113 83 leurs
1088 1168 128 88 dettes
1284 1173 34 78 et
1363 1175 42 74 ou
1465 1181 35 71 en
1560 1147 167 107 faisoit
1796 1155 65 81 une
1946 1136 169 100 retenue
2198 1120 105 117 par
2387 1114 93 114 mois

674 1291 145 85 neleur
888 1279 194 103 laissant
1153 1294 65 78 que
1288 1268 31 87 le
1359 1264 74 92 très
1502 1259 159 80 absolu
1738 1250 239 106 necessaire
2059 1256 131 91 pour
2260 1239 202 81 vivre.

651 1392 95 95 Cela
830 1410 2 63 a
878 1393 74 82 très
1006 1382 88 88 bien
1176 1373 186 103 réussi.
1410 1366 81 96 Ces
1552 1358 214 96 MM.
1814 1352 109 101 sont
1991 1364 208 86 presque
2260 1352 45 76 au
2352 1340 187 91 courant

662 1499 48 80 de
776 1500 102 79 leurs
952 1486 230 104 affaires,
1234 1502 36 76 et
1334 1478 104 92 M^r
1502 1467 334 104 D'Ailleboust
1899 1467 4 90 y
1960 1451 158 100 auroit
2209 1443 64 99 été
2330 1440 165 92 avant

669 1596 56 108 six
804 1593 160 95 mois,
1013 1589 108 96 sans
1178 1590 40 91 sa
1312 1578 220 105 maladie
1626 1579 77 97 qui
1775 1560 324 108 l'obligeant
2179 1568 24 87 à
2254 1547 166 106 partir

664 1694 198 109 empeche
938 1694 25 97 le
1032 1676 439 115 Recouvrement:
1562 1675 97 112 J'ai
1742 1669 119 105 même
1937 1666 73 100 été
2086 1660 151 112 forcé
2289 1668 49 76 de
2391 1653 64 88 lui

664 1808 111 101 faire
838 1814 141 79 encore
1057 1801 219 104 quelques
1332 1789 199 94 avances
1609 1790 140 98 pour
1827 1780 31 97 le
1936 1785 133 89 mettre
2140 1796 38 58 en
2235 1768 104 88 état
2402 1766 53 91 de

665 1910 201 127 partir,
906 1908 27 106 il
980 1905 168 112 n'étoit
1212 1924 94 95 pas
1345 1896 201 121 postible
1617 1907 53 86 de
1733 1894 61 109 s'y
1849 1884 201 114 refuser,
2097 1878 102 106 tant
2257 1883 165 104 par–

659 2021 145 104 justice
884 2026 70 98 que
1027 2037 98 88 par
1199 2007 309 107 humanité.

780 2126 46 102 Je
884 2121 128 99 joints
1101 2128 44 90 ici
1233 2113 31 105 le
1322 2112 329 88 Bordtereau
1737 2104 41 95 de
1804 2111 26 88 ce
1871 2095 114 104 qu'il
2034 2087 151 86 devoit
2257 2107 47 62 au
2338 2090 137 89 Corps

669 2236 31 86 et
739 2240 51 85 de
835 2234 31 93 ce
919 2242 72 87 que
1051 2229 65 84 lui
1190 2218 100 95 reste
1363 2222 225 91 devoir.
1669 2206 44 95 Je
1766 2206 113 89 vous
1933 2220 217 79 prierai,
2176 2181 377 104 Monseigneur

663 2346 51 83 de
753 2335 186 101 vouloir
1021 2330 86 100 bien
1182 2327 115 98 faire
1358 2330 121 81 écrire
1562 2331 22 73 à
1603 2322 31 95 la
1694 2308 193 107 famille
1975 2325 115 82 pour
2151 2300 163 99 qu'elle
2375 2312 101 66 nous

665 2438 126 111 fasse
849 2431 119 111 faire
1035 2430 94 100 cette
1196 2422 218 104 rentrée,
1488 2427 34 99 si
1573 2420 148 103 plutot
1796 2416 109 100 vous
1942 2406 165 103 n'avez
2150 2401 32 89 la
2227 2395 148 101 bonté
2419 2395 48 87 de

668 2544 59 84 lui
789 2550 37 84 en
888 2537 122 101 faire
1086 2530 36 90 la
1192 2534 206 90 remise.
1453 2529 137 85 C'est
1652 2540 37 81 un
1743 2519 115 100 jeune
1892 2518 185 91 homme
2175 2504 101 94 bien
2337 2504 236 94 malheureux

658 2637 192 108 houeste
932 2639 33 100 et
1016 2635 101 106 fort
1176 2638 116 98 sage
1359 2643 146 79 avant
1565 2621 25 97 le
1656 2619 192 111 malheur
1930 2612 146 107 qu'il
2151 2609 207 108 essuye.
2410 2606 47 88 Si

670 2748 403 101 Monseigneur
1148 2738 175 96 Vouloit
1405 2735 58 98 lui
1523 2744 36 86 en
1627 2728 127 97 faire
1834 2744 114 83 grace
2036 2742 30 72 ce
2112 2713 127 88 seroit
2313 2734 38 69 un
2396 2709 86 95 acte

663 2856 282 108 d'humanité
999 2853 27 90 et
1072 2855 50 91 de
1175 2841 306 114 bienfaisance
1567 2835 99 112 dont
1735 2837 35 108 je
1816 2834 337 109 partagerai
2231 2840 34 77 en
2351 2837 90 64 mon

687 2966 235 129 particullier
1010 2967 30 107 la
1091 2957 109 114 plus
1261 2947 289 135 respectucuse
1638 2940 433 132 reconnoissance.

888 3151 49 148 Je
993 3150 99 97 suis
1150 3150 97 97 avec
1298 3153 43 95 un
1433 3117 201 129 profond
1705 3112 201 133 respect,

669 3414 556 177 Monseigneur,

1624 3438 212 128 Votre
1888 3433 84 123 très
2001 3436 184 111 humble
2243 3453 28 73 et
2346 3415 79 111 très

1658 3563 309 115 Obéissant
2057 3556 292 114 serviteur.

1855 3667 46 110 Le
1967 3665 106 108 ch^er
2140 3670 203 97 D'alais
