2880 3880
632 276 52 76 les
756 267 213 83 Conduisit
1059 253 70 84 tous
1207 247 82 74 trois
1397 247 45 52 au
1481 247 174 48 Sondon
1755 247 143 34 etreur
1945 247 125 30 desan
2158 247 61 29 que

643 368 140 84 neleur
849 349 196 97 arriveroit
1151 342 107 86 autre
1334 332 84 86 chz
1492 324 125 96 quela
1692 311 263 100 prison,
1994 311 18 83 et
2057 308 65 81 que
2160 284 73 96 silot

644 471 113 96 quils
863 462 141 95 furent
1079 452 145 74 arrivés
1320 434 40 68 au
1385 425 143 73 dondon
1605 416 40 76 ils
1722 411 156 91 furent
1941 385 219 105 préventes

649 580 159 74 par
852 578 25 68 ce
952 546 214 90 Cavalier
1249 519 301 98 aubrigadier
1640 513 125 69 dudit
1852 497 75 75 lieu
2021 511 75 56 que
2136 489 55 79 les

648 676 67 67 fit
839 648 110 84 mettre
1049 658 67 61 aux
1250 632 93 88 fers
1441 633 23 56 et
1510 619 30 67 le
1569 614 250 70 lendemain
1925 604 39 74 les
2046 614 77 70 fit

2234 586 6 97 1

656 764 222 82 conduire
963 766 41 68 au
1069 741 100 82 Cap
1282 731 96 77 sous
1485 717 170 72 l'esorte
1743 702 36 74 de
1873 693 132 79 Quatre
2034 683 185 87 Covaliers

628 873 47 76 Et
744 873 40 64 un
884 840 277 97 Brigadier
1241 837 48 79 ou
1345 839 4 65 a
1412 824 71 73 son
1552 817 148 79 arrivée
1790 802 26 83 il
1875 799 1 71 a
1923 795 68 88 été
2057 805 51 72 mus
2148 802 33 72 en

667 959 177 82 prison
934 948 73 81 aux
1079 931 235 90 Cazerses

854 1032 235 106 Interogé
1146 1029 249 99 pourquoi
1446 1023 34 65 il
1562 1010 19 91 à
1640 1004 170 80 déserté
1872 1006 23 78 et
1971 993 78 79 s'il
2102 1000 55 73 n'a
2202 989 55 99 été

659 1161 124 76 indut
885 1142 4 77 &
986 1137 174 98 sollicité
1205 1139 147 91 par
1412 1120 235 102 personne

868 1237 3 84 a
951 1225 316 104 Répondu
1378 1209 223 105 qu'ayant
1681 1204 80 96 été
1819 1196 117 108 forcé
1988 1216 31 56 de
2041 1215 24 58 se
2093 1184 155 92 défaire

665 1353 104 73 d'une
817 1342 194 84 cheiné
1065 1340 142 81 pour
1281 1317 256 86 s'entretenir
1637 1328 40 64 de
1732 1305 211 90 poudre
2013 1315 25 62 et
2070 1313 25 64 de
2121 1293 152 84 Chandelle

640 1440 36 83 Et
738 1445 30 80 en
831 1457 2 71 a
864 1429 283 95 prépendant
1236 1427 167 87 quelque
1464 1412 114 80 chose
1662 1418 28 80 de
1767 1402 191 94 facheux
2054 1405 29 65 il
2126 1390 120 92 s'était

664 1539 147 83 décidé
894 1559 14 52 à
935 1528 212 88 déserter,
1199 1527 81 70 que
1313 1522 27 75 le
1398 1537 104 60 même
1554 1520 74 72 jour
1662 1510 33 72 il
1795 1502 74 84 fit
1963 1497 200 72 renontre
2228 1504 37 65 de

657 1647 99 65 deux
824 1630 202 83 soldets
1106 1621 48 85 du
1183 1624 264 82 Régiment
1566 1609 30 84 de
1644 1599 220 96 Galinois
1946 1597 64 86 que
2036 1590 19 77 le
2113 1593 135 77 menerent

657 1735 152 84 boire,
849 1734 3 74 &
931 1735 77 78 que
1036 1720 45 75 là
1141 1719 46 74 ils
1266 1713 214 88 résolurent
1570 1706 77 82 tous
1725 1697 201 89 ensemble
2011 1697 27 73 de
2067 1689 145 87 déserter

836 1825 81 97 Luy
981 1833 108 83 avons
1140 1817 267 89 demandé
1485 1822 22 80 ce
1531 1807 81 93 qu'il
1703 1816 22 70 à
1803 1800 87 92 fait
1994 1799 41 70 de
2080 1789 48 76 son

667 1922 275 88 Habillement

835 2027 2 71 a
891 2012 234 99 Répondu
1193 2015 93 89 qu'il
1354 2001 163 90 n'avait
1578 1999 206 96 emporté
1860 2011 71 79 que
1971 1984 79 93 son
2097 1983 101 87 sarot

669 2130 1 68 &
759 2121 72 75 son
907 2116 200 91 chapeau
1195 2127 85 71 avec
1311 2108 181 89 lesquels
1581 2103 21 90 il
1663 2101 40 81 est
1773 2101 129 77 revenu

840 2214 236 98 Interogé
1138 2232 2 70 a
1173 2202 93 101 qu'il
1356 2215 37 65 en
1448 2196 158 96 devenu
1688 2200 186 86 depuis
1936 2184 101 90 qu'il
2112 2189 2 83 a
2155 2173 87 98 quille

675 2321 44 83 sa
785 2315 304 97 Compagnie
1191 2307 28 85 et
1273 2308 104 85 quel
1458 2304 118 81 metier
1665 2295 21 88 il
1747 2295 1 77 a
1843 2296 104 96 fait

868 2422 1 65 a
973 2405 249 106 Répondu
1317 2401 114 88 avoir
1474 2403 75 74 été
1608 2390 129 98 arreté
1793 2390 34 88 se
1869 2402 101 78 même
2010 2388 87 87 jour
2137 2385 34 92 de
2203 2372 49 94 son

679 2514 217 81 départ
971 2507 33 85 et
1079 2500 216 93 N'avoir
1383 2493 103 95 fait
1567 2516 122 67 ancun
1744 2494 210 84 Melier

784 2603 235 93 Interogé
1119 2597 74 84 s'il
1274 2612 46 74 ne
1393 2593 95 92 sait
1528 2612 81 71 pas
1673 2588 70 91 que
1773 2588 70 83 tous
1907 2580 196 88 soldat
2181 2585 49 77 qui

693 2722 108 79 quilte
892 2711 40 78 sa
977 2706 262 107 Compagnie
1337 2697 109 92 sans
1522 2715 47 69 un
1621 2690 148 106 Congé
1820 2710 42 82 en
1904 2682 118 109 forme
2081 2691 42 89 en
2149 2677 104 110 répul

689 2796 258 85 déserteur.

854 2900 1 72 a
951 2892 303 86 Répondu
1317 2892 27 83 le
1375 2884 136 87 savoir

788 2998 230 108 Interogé
1111 2988 80 94 s'il
1278 3008 110 89 n'est
1435 3000 79 89 pas
1585 2981 197 108 informé
1857 2974 38 94 de
1920 2973 38 101 la
1999 2968 179 114 Rigneur
2212 2968 60 90 des

696 3144 264 35 Bonns
1065 3144 142 35 du02y
1380 3144 125 35 meles
1687 3144 137 35 groo

839 3203 20 66 à
903 3192 258 93 Répondu
1263 3204 26 78 ne
1327 3195 103 85 part
1474 3192 46 70 les
1595 3183 245 90 Connaitre

747 3285 178 103 Enquis
1058 3277 96 98 s'il
1236 3285 37 88 se
1317 3287 126 90 plaint
1540 3275 44 101 de
1628 3295 38 81 ses
1725 3276 217 101 officiers,
1996 3263 100 95 s'il
2136 3262 5 86 a
2173 3261 64 84 été

712 3382 228 90 maltraité
1040 3393 0 67 &
1125 3384 66 77 si
1261 3403 21 71 on
1347 3379 78 95 luy
1482 3401 15 72 à
1525 3387 208 86 Retenû
1808 3385 103 83 son
1958 3382 110 92 pret

948 3493 0 72 a
1054 3488 339 107 Repondû
1507 3491 269 90 N'avoir
1835 3489 38 70 au
1906 3465 63 82 cun
2022 3455 247 114 Reproche
