2464 3832
841 624 58 114 les
986 619 183 127 malades
1264 654 3 88 y
1336 632 263 103 manquent
1650 597 317 124 absolument
2018 603 56 103 de
2137 597 126 101 soins

845 829 26 75 et
905 813 94 92 sont
1033 819 72 87 très
1176 791 64 107 mal
1281 791 201 104 traites,
1530 804 35 82 ce
1598 800 71 91 qui
1719 807 41 61 ne
1818 763 206 106 s'accorde
2067 768 122 103 point

854 998 99 78 avec
997 974 31 91 le
1092 971 120 95 désir
1271 980 70 79 que
1380 967 105 82 nous
1550 953 187 96 avrions
1837 951 44 75 de
1926 936 146 86 tenter

853 1134 84 107 tous
991 1117 52 109 les
1122 1144 166 86 moyens
1383 1118 35 85 de
1472 1104 190 111 détraire
1717 1097 35 103 la
1798 1087 126 115 folie
2009 1083 70 108 du
2133 1111 3 71 S

853 1280 348 124 Daillebout,
1263 1296 67 106 qui
1384 1280 235 97 sirriteroit
1672 1305 133 87 encore
1840 1256 105 132 plus
2007 1282 95 85 par

849 1468 51 92 les
972 1477 179 85 mauvais
1210 1466 410 92 traitements..
1665 1445 125 102 Cette
1844 1441 361 100 considération

863 1642 226 95 qu'inspire
1152 1618 373 105 l'humanité,
1583 1631 105 80 nous
1761 1618 261 92 détermine
2110 1626 16 64 à

866 1819 95 82 vous
1017 1779 222 123 Suplier,
1268 1773 399 116 Monseigneur,
1740 1794 53 68 de
1857 1752 187 108 vouloir
2094 1747 93 111 bien

858 1972 208 112 désigner
1127 1986 96 79 vous
1293 1977 159 80 même,
1489 1970 49 77 un
1576 1947 81 90 lieu
1710 1938 271 109 convenable
2057 1947 121 92 pour

883 2153 2 95 y
935 2115 118 118 faire
1121 2107 232 127 transferer
1430 2122 65 106 cet
1537 2099 178 128 officier
1802 2120 37 77 et
1881 2112 47 82 de
1970 2108 188 84 donsier

862 2298 67 89 vos
984 2288 125 90 ordres
1189 2295 106 83 pour
1356 2289 72 82 que
1484 2290 29 68 la
1586 2265 182 95 pension
1843 2256 85 87 soit
1992 2273 45 70 au

838 2418 179 130 Compte
1086 2414 51 113 du
1180 2406 198 123 Roi,
1431 2405 49 128 sa
1550 2395 179 135 famille
1772 2409 123 96 étant
1941 2380 296 122 absolument

865 2597 121 126 hors
1065 2592 141 122 détat
1287 2582 72 137 d'y
1412 2614 243 89 pourvoir

885 2784 274 128 Nous
1234 2797 224 113 joignons
1515 2789 90 105 ici,
1630 2759 390 138 Monseigneur,
2067 2749 50 116 la

871 2950 126 130 lettre
1049 2965 125 111 écrite
1226 2971 87 101 par
1383 2962 32 103 ce
1466 2951 133 111 jeune
1641 2914 190 116 homme
1912 2958 21 70 à
1987 2900 160 130 M.
