2752 3848
635 254 42 68 Le
705 257 172 76 nommé
935 239 183 89 Pierre
1182 223 160 93 Adert
1431 222 34 64 est
1511 206 153 80 détenû
1728 202 34 72 en
1829 188 132 86 Prison

815 344 18 74 à
887 329 318 104 Repondu
1280 317 104 100 qu'il
1459 307 82 91 croit
1609 307 67 86 que
1708 288 112 103 c'est
1881 291 116 88 pour
2060 283 102 74 avoir

686 425 192 101 désirté.

782 526 169 110 Enquis
1051 515 87 98 s'il
1223 509 86 82 sais
1343 502 26 86 le
1440 498 115 104 sujet
1634 496 63 90 qui
1745 491 19 72 à
1827 477 130 108 obligé
1993 489 33 87 ce
2067 463 122 107 soldat

668 654 2 62 a
743 635 212 78 deserter.

878 735 4 61 a
959 694 362 113 Répondu
1389 675 224 113 L'ignorer

755 824 105 95 Luy
930 811 112 93 avons
1085 816 253 71 demandé
1414 788 113 81 s'il
1589 782 79 75 n'a
1740 781 62 74 rien
1888 785 1 56 a
1935 763 205 100 déposer
2192 767 110 85 pour

679 928 37 79 ou
812 914 183 84 Contre
1059 910 37 85 ce
1179 902 197 82 soldat
1465 890 124 78 accuzé
1659 879 103 80 étant
1854 868 128 100 obligé
2034 872 28 86 en
2094 861 162 92 qualité

671 1018 22 88 de
739 1028 126 73 Temoin
978 1006 29 80 de
1034 998 84 90 dire
1189 1018 58 62 Ce
1280 985 77 87 qu'il
1435 979 111 79 sait

917 1115 5 78 a
1051 1090 291 96 Répondu
1432 1085 163 77 n'avoir
1637 1071 57 72 rien
1779 1086 1 55 a
1826 1070 88 71 dire
1946 1059 34 79 de
2026 1049 75 96 plus

723 1191 226 105 Lecture
1082 1209 4 84 a
1129 1178 99 113 Luy
1289 1175 138 109 faite
1527 1184 3 66 d
1615 1167 43 94 sa
1710 1152 273 118 déposition
2062 1148 17 90 à
2102 1154 80 80 dit

669 1313 135 78 quelle
863 1298 180 82 Contient
1139 1286 149 78 verité
1377 1280 5 81 &
1454 1290 15 63 à
1515 1267 192 89 signé
1769 1272 77 63 avec
1925 1251 134 79 Nous
2128 1243 158 81 &notre

649 1398 221 112 Gresfier;
936 1391 137 84 signés
1205 1357 317 130 Monfay,
1615 1354 357 113 Casamajer,
2029 1333 221 98 Carac).

788 1570 512 100 Information
1421 1562 45 86 du
1518 1543 196 96 Serond
1787 1539 162 100 temoin

576 1686 276 94 Avons
950 1671 170 98 fait
1154 1668 118 104 venir
1333 1663 32 91 le
1391 1669 169 80 nommé
1651 1667 90 83 Jean
1847 1641 167 107 Jacques
2085 1650 160 83 Venant

671 1784 282 107 Caporal
1011 1776 52 75 de
1120 1775 54 75 La
1253 1770 356 104 Compagnie
1702 1756 2 71 d
1790 1751 179 103 Dupuy
2012 1752 38 67 au
2077 1747 186 82 régiment

680 1884 67 83 du
825 1876 124 115 Cap
1058 1879 34 102 de
1121 1871 163 112 Religion
1379 1858 282 115 Catholique
1756 1844 297 124 apostilique
2124 1847 2 66 &

665 1988 252 92 lomainé,
949 1979 120 101 lequel
1151 1986 140 72 après
1393 1967 191 93 serment
1664 1961 169 96 par
1907 1950 79 95 luy
2060 1941 176 104 preté

686 2090 26 63 de
752 2076 95 76 dire
918 2073 40 76 la
1017 2065 149 83 verité
1256 2060 94 84 sur
1391 2065 33 76 le
1489 2062 254 78 Contenu
1852 2066 38 53 en
1938 2046 38 71 la
2060 2032 180 87 plainte

674 2175 129 91 Contre
905 2167 30 91 le
958 2177 182 77 nommé
1203 2172 187 83 pierre
1500 2154 181 86 Adert
1785 2146 81 85 dont
1944 2138 140 87 Nous
2129 2131 61 94 luy

689 2282 111 65 avons
922 2268 117 84 fait
1117 2257 302 92 Lecture.

789 2380 1 67 A
873 2371 223 102 déposé
1148 2361 84 105 qu'il
1308 2353 191 96 Connait
1567 2346 32 88 le
1697 2345 254 96 Nommé
2023 2340 178 100 Pierre

660 2464 162 103 Avert
907 2475 110 90 pour
1082 2476 88 68 avoir
1242 2457 66 91 été
1380 2450 161 88 soldat
1642 2452 30 76 de
1707 2441 169 94 ladite
1931 2434 308 103 Compagnie

677 2573 187 100 depuis
980 2567 28 83 le
1076 2570 70 73 mois
1283 2568 43 93 de
1359 2566 166 87 janvier
1572 2550 167 92 dernier
1840 2541 120 105 qu'il
2011 2548 39 75 est
2122 2535 141 73 arrivé

680 2679 29 61 de
783 2665 227 99 France,
1063 2659 103 89 qu'il
1254 2678 42 64 la
1363 2663 49 71 vû
1472 2656 158 84 récevoir
1698 2646 29 96 le
1773 2662 103 73 pret
1953 2640 143 91 faire
2144 2637 40 70 le

652 2765 145 84 service
850 2767 30 91 et
939 2761 178 93 passer
1192 2777 21 68 en
1294 2764 192 72 revue,
1540 2752 103 91 qu'il
1724 2768 1 68 a
1771 2746 78 84 été
1913 2746 209 86 present
2186 2743 25 62 à
2220 2738 32 65 la

646 2868 401 83 Compagnie
1157 2874 272 69 jusqu'au
1502 2857 124 75 Trois
1785 2850 25 80 de
1846 2860 69 53 ce
1957 2848 173 72 mois,
2172 2841 63 83 que

676 2973 22 86 ce
755 2968 94 85 jour
899 2952 95 91 là,
1037 2966 22 62 il
1151 2963 30 74 ne
1267 2943 95 98 s'est
1455 2954 124 90 pas
1686 2940 154 91 trouvé
1916 2947 18 70 à
1995 2925 227 103 l'appel

709 3066 57 76 du
826 3059 84 81 soir
985 3057 2 85 &
1060 3058 91 91 qu'il
1260 3060 83 68 n'a
1397 3058 112 86 pas
1604 3053 159 93 paru
1858 3045 187 94 depuis

895 3155 92 81 Luy
1090 3169 105 63 avons
1285 3141 272 87 demandé
1681 3131 113 87 s'il
1924 3125 108 85 sait
2076 3123 199 98 Pourquoy

693 3249 111 111 Ledit
868 3245 166 113 Pierre
1138 3250 151 88 Adert
1384 3257 40 75 et
1477 3236 162 90 détenû
1716 3246 43 99 en
1804 3230 192 115 prison

889 3362 1 114 a
964 3341 201 135 répondu
1211 3338 113 116 qu'il
1446 3331 106 136 croit
1636 3354 97 109 que
1823 3322 156 134 c'est
2059 3315 145 110 pour
