2816 3136
533 214 1294 120 Interrogé sil à emporté L'uniforme de la troupe.

569 329 1245 85 A dit quil n'a emporté qu'un sacq, une paire

557 416 1236 96 de soulliers, et une paire de Guestres, qui luy

566 501 991 70 avoit été donné avant que de partir.

582 585 1238 106 Interrogé Combien Il y a de tems quil est

489 677 993 113 sorty de Geneve pour entrer en france.

583 763 994 102 A dit quil y a environ en france.

604 860 1215 120 Interrogé quelle Conduitte Il y a tenû dans

552 966 1192 77 les endroits ou Il a esté et chez qui Il a demeuré.

609 1047 1201 97 A dit quil est venû à Paris Il y a un an,

540 1139 1261 94 ne peut nous dire la Conduitte quil à tenüe, ny

569 1217 896 87 Les endroits ou Il a demeuré a Paris,

582 1290 951 122 Interrogé sil a esté repris de justice

529 1411 520 71 a dit que non.

569 1484 797 99 Interrogé sil a dir la Vérité

615 1571 406 82 a dit que oùÿ.

512 1658 1206 112 Lecture entiere a luy faite du present

526 1757 1239 108 Interrogatoire, a dit que ses reponses Contiennent

505 1851 1281 91 Verité, quil y persiste et a declaré ne scavoir

555 1933 1182 112 Ecrire, signé Darmancourt et Le Roy.

552 2118 1211 89 Homme trés suspect, ne voulant nous

566 2200 1214 122 dire rien, sur toutes les questions que nous Luy

552 2306 427 59 avons demandé.
