3232 3112
636 179 543 113 Artillerie des Colonies

651 274 552 122 Le 11. Mars 1786.

667 722 500 90 Médaille d'or pour

662 786 493 90 Garde d'Artillerie de la

660 843 417 137 Martinique ※

1200 238 1383 143 A M. de Cotte Directeur de la monnaye des

1208 361 320 71 médailles

2116 404 311 107 A Paris

1194 573 1434 127 Le Roy vient, M. d'accorder une médaille d'or

1201 665 1418 114 à un Employé de L'artillerie à la martinique;

1198 746 1423 99 Je vous prie en conséquence de m'en adresser une

1198 817 1435 87 des dernieres frappées. en observant qu'elle ait sa

1201 881 1339 78 belliere. Vous voudrés bien ^en même tems

1188 943 1450 99 m'indiquer le prix de cette médaille, afin que

1188 1014 1229 106 je passe pourvoir à votre remboursement

1182 1205 505 81 de La Martinique

1350 1103 1217 103 Au S^r Joly Garde d'artillerie à S^t Pierre

2028 1217 571 93 à La Martinique

1212 1362 1385 109 Je vien, M, de rendre compte au Roy de le

1172 1450 1432 86 L'ancienneté de vos services, ainsi que du zele et

1191 1519 1416 88 de L'intelligence avec lesquels vous avés toujours

1189 1592 1366 86 rempli les fonctions dans vous avés éré chargé

1182 1666 1434 87 Sa Majesté a bien voulu vous accorder une

1184 1734 1416 91 médaille d'or qu'elle vous permet de porter

1188 1810 1402 84 comme une marque de Sa satisaction et de

1174 1872 1432 90 La distinction que vous êtes acquise, et

1194 1951 1394 90 j'adresse cette médaille à M. de Senneville

1191 2031 1434 95 et je charge en même tems de vous en décorer ※

1355 2135 1216 96 M. de Senneville ⟦⟧Lient^t Colonel

1200 2225 895 103 Command^t en chef L'artillerie

2038 2294 536 93 à la Martinique

1188 2420 1405 105 Je vous préviens, M, que le Roy vient d'après

1175 2508 1425 81 La proposition de M. de Mauson, d'accorder

1189 2582 1394 89 au S^r Joly Garde d'artillerie à S^t Pierre

1181 2660 1348 92 La médaille d'or par récompense de ses

1193 2728 1359 111 services; je la lui annonce avec
