2432 3544
185 200 443 97 Du 15 avril 1791.

208 346 477 144 Ru le 26 mai

214 624 315 122 N°⟦38⟧

328 705 298 248 125

1425 141 701 124 Volant (françois Henry)

963 227 555 142 Colonies

823 452 1323 105 La Société des amis de La constitution d'Orleans

768 531 1394 110 adresse un memoire par lequel le S. Volant ancien sergent

756 598 1345 138 du Régiment Provincial de Paris employé depuis 1763

714 685 1424 137 dans la partie du recrutement, demande des Lettres de

750 771 1390 136 sous Lieutenant à la Suite des troupes des Colonies.

779 866 1377 142 MeM Les Deputés Dorleau à L'assemblée Nationale

785 954 1329 134 attestent la Bonne conduite et l'honneteté de ce

791 1118 317 104 recruteur.

992 1179 1168 124 Le S. Volant a d'aucun services comme

913 1258 1241 124 soldat. La demande qu'il fait d'un Brevet de

911 1327 1263 133 Sous Lieutenant à La Suite du Bataillons auxiliaire

915 1397 1233 148 le mettroit dans le cas d'avoit le Lendemain qu'il

917 1496 1241 128 lui seroit expédié La decoration militaire.

909 1581 1227 165 Ausurplus les principes établis s'opposent

919 1687 1253 136 à ce qu'il soit accordé aucun Brevet à La suite

913 1785 1239 146 et qui Ne permet pas d'accueillir la demande

880 1870 1274 140 du S. Volant. On a verifié qu'il jouit de

919 1959 1255 139 deux demi solde, L'une de 90^lt sur les invalides

919 2053 1223 150 de la Marine qui lui a été accordée en 1753

921 2151 1249 138 et L'autre de 168^lt sur les fonds de la Guerre,

917 2246 1247 156 pour service rendus dans le dernier département ※

998 2378 1170 126 On ne peut donner de Brevet

1006 2492 457 81 à la suite※

1012 2557 1158 144 Vérifions s'il n'est pas nécessaire

1018 2652 1167 133 que les 2 services soient réunies

996 2768 833 114 en un seul Brevet※
