2432 3584
623 197 769 139 M. de Vaivre

1061 316 295 84 30 avril.

420 398 1745 165 A Monsieur Le Chevalier de Fleurieu

768 577 1138 143 Ministre de la Marine

1380 971 356 203 M Sand

533 1314 1610 113 de présenter un Mémoire à Monsieur Le Chevalier

796 1208 1349 118 Le S^r François henry Volant a eu l'honneur

531 1409 1608 116 de Florieu, le 17 mars 1791, dans lequel est détaillé

521 1511 1608 99 43 années de services prouvés par des Certificats,

543 1592 1540 114 par lequel Mémoire, le supliant à demandé en

533 1688 1590 104 considération de ses services qu'il lui soit accordé

539 1772 1522 127 le Rang de Sous Lieutenant dans la Troupe du

539 1869 1574 112 recrutement des Colonies ou il est employé dans

531 1963 1614 123 cette même qualité à Orléans; ce qui le mettra a

521 2062 1612 124 même d'obtenir la Décoration Militaire qu'il se

533 2164 1564 113 croit susceptible de mériter, c'est la seule

527 2259 1544 126 Récompense que le Supliant demande et il en

531 2375 1090 103 conservera un précieux souvenir.
