3168 3536
896 322 1269 114 il a fait les premieres Campagnes d'hanorve.

1004 424 1256 108 Blessé une Seconde fois d'un Coup de feu à la

892 524 1399 92 bataille de Rosbach il n'en continua pas moins de

894 626 1358 104 servir jusqu'en 1759 qu'il obtient son congé absolu.

1080 718 1280 93 Le 16 avril 1760 il est rentré dans le Regiment

892 819 1470 102 Provincial de Paris où il a fait le reste des Campagnes

898 913 935 100 d'hanorve en qualité de Sergent.

886 1086 1478 106 Volant s'est employé sur le champ au recrutement

1008 997 1364 105 Lors du licenciement de ce Corps à la paix le S^r

892 1176 1501 116 des Troupes du Roi, tant pour le Département de la

886 1274 1486 108 Guerre, que pour celui de la Marine sous les ordes

880 1379 1494 102 de M. Agobert. Le Certificat cijoint de ce Lieutenant

872 1469 1509 100 Colonel et celui de la Municipalité d'Orléans où ledit

860 1573 1490 106 S^r Volant reside depuis 18 ans ne laissent rien à désirer

866 1677 1413 92 sur le zèle le désinteressement et le Succès avec

876 1764 1515 121 lesquels il y fait ses opérations de Reserves en qualité

907 1872 484 80 d'officier préposé.

1073 1958 1310 116 En 1778 ayant justifié par de bons certificats qu'il

878 2076 1480 77 servoit depuis 30 ans revolu, dont plus de la moitié en

886 2166 1499 83 qualité de sergent, il obtint des bontés du Roi, en cette

896 2270 1389 85 dernière qualité la récompense Militaire à raison

890 2351 1511 104 de 168^le par an: Le Brevet est du 30 x^bre 1778 et

880 2469 656 88 la Copie en est ci jointe.

1074 2547 1311 114 Il resulte de l'Exposé cidessus et des pieces y

882 2659 1476 104 jointes que le S^r François henry Volant sert avec

900 2762 1018 96 zèle et distinction depuis 43 ans.

1013 2846 1356 121 Qu'il a été très dangereusement blessé au Service

874 2958 1460 122 dans sa premiere Jeunesse et qu'il y est néanmoins
