3232 3960
840 303 1685 139 droite de la Bande du Nord, que pour lors luy déposant

888 437 1690 146 se serait arrêté, pour attendre son Camarade, qui était

886 576 1639 119 environ à trente pas derriere luy; qu'étant en cette

882 690 1696 141 situation appuyé sur un baton qui luy servait de

882 816 1683 123 canne, le dos tourné à la Mer, il se serait senti tout

886 932 1657 124 à coup enlevé par une Lamme, qui l'aurait Entrainé:

880 1058 1592 132 qu'avant quil pût se reconnaitre et nager, pour

882 1170 1703 139 regagner le Rivage, il s'etait vû à trente pas au moins

877 1291 1628 145 de l'endroit d'où il avait été enlevé; qu'ayant fait

880 1405 1511 148 plusieurs Efforts pour revenir à terre, il avait eû

875 1531 1580 149 beaucoup de peine à y parvenir, la Mer le jettant

869 1650 1656 145 toujours contre un Rocher, où il s'est fait plusieurs

871 1771 1696 147 blessures, et meurtrissures; et qui a entierement déchiré

864 1898 1575 141 sa Chemise; Culotte, bas, et le reste de ses hardes.

869 2030 1654 132 qu'ayant enfin été assés heureux, pour ratraper

858 2125 1702 160 Le Rivage, son premier soin en revenant à luy avait

864 2241 1696 165 été de regarder s'il verrait son Camarade, qu'il l'avait

866 2362 1710 159 appelé à plusieurs reprises, mais que ne l'apercevant

873 2488 1626 130 pas, il n'aurait pas douté un instant, comm'il ne

864 2598 1710 134 doute pas encore, qu'il n'eût été enlevé par la même Lamme,

864 2699 1593 139 oû que voulant le secourir, il se soit noyé. qu'enfin

858 2798 1691 143 voyant que ses recherches étaient inutiles, il se serait

853 2912 1672 141 trainé toujours le long de la mer, en passant la

855 3020 1639 156 premiere et seconde Baterie, jusqu'à l'habitation de

847 3128 1689 183 M. Raby, qui n'est pas éloignée de cette dernière; que

853 3256 1615 154 y étant entré pour demander quelques Secours, on

840 3361 1652 178 Luy avait donné entierement dequoy se changer, toutes
