2336 3384
564 340 1469 197 par le certificat cy joint de M. Dufour,

562 532 1480 169 capitaine d'Infanterie, ayde major chargé

541 703 1479 133 du détail du Régiment du Cap, pris

579 846 1390 176 le party de servir Sa Majesté dans ses

584 1030 1430 146 troupes des colonies. Ce soldat désirant

581 1193 1469 158 avoir près de luy la supliante son épouse

583 1353 1453 169 et une petite fille quelle a agé de 6 Ans

526 1524 1541 139 de leur mariage; mais elle ne peut, par rapport

598 1678 1455 168 a l'Indigeance dans laquelle elle est,

601 1853 1432 162 satisfaire au désir qu'à son mary de

609 2019 1474 161 la posseder; C'est pourquoy elle a recours

613 2182 1444 137 a vos bontés, Monseigneur, pour que

613 2350 1423 127 vous daignés luy accorder son passage

615 2504 1457 199 pour le Cap ainsi que celuy de sa petite

618 2690 279 180 fille.
