2272 3272
158 144 406 158 May 1758.

561 155 423 125 Voydant

425 286 447 95 michel

180 359 463 100 a M. Gignoux

603 539 1359 122 Le s^r Darmancourt Lieutenant de

547 658 1026 110 Maréchaussée a Nantes

660 810 1291 111 Envoyé les interrogatoires de six

542 934 1453 120 particuliers qui ont été arretés par la

538 1045 1459 138 Brigade de Chevreux, et qui sont déserteurs

485 1176 1423 112 d'une recrüe de 25. hommes destinée

547 1305 1048 114 pour les colonies francoises

603 1436 1372 129 Vu de ces particuliers nommé Pierre

545 1563 1357 122 michel Voydant paroist d'autant

543 1683 1421 123 plus suspect qu'il semble avoir

542 1819 1409 133 voulu cacher le lieu de son origine

542 1952 1388 112 s'étant dit d'abord de namur, et

531 2077 1459 149 ensuite de Geneve, et n'ayant pas voulu

540 2234 1442 116 rendre raison de la conduite qu'il a

531 2366 1444 106 tenüe a Paris, ny des endroits où

562 2499 807 104 il y avoit demeuré.

587 2641 1326 103 Deux autres de ces prisonniers

532 2752 1419 116 nommés Sebastien Géraud, et Noël

1564 196 311 102 mald^eLe

883 259 508 125 Mémoire
