3232 3976
987 287 1705 143 ses hardes étant en Lambeaux; et qu'ayant

989 415 1657 121 raconté son avanture à l'Oeconome qu'il avait

991 527 1690 135 trouvé sur l'habitation, il l'avait prié d'envoyer

1000 653 1684 144 voir, s'il ne pourait point avoir des nouvelles de son

1002 781 1677 148 Camarade: qu'enfin ayant repris un peu ses forces,

1009 901 1540 134 il avait taché de regagner la ville où il était

1022 1044 299 97 arrivé.

1179 1175 1522 159 Lecture à luy faite de sa présente déposition,

1016 1334 1626 134 a dit qu'elle contient Vérité, et qu'il n'a rien à

1020 1455 1672 146 y ajouter; n'y a retrancher: et a signé avec nous

996 1574 1692 146 et M. Dulac son Capitaine, en présence de qui elle

1033 1742 347 78 été faite.

1124 1824 1606 172 Au Cap-français Isles et Côte S^t Domingue, les

1053 1990 1089 130 jour, mois et an que dessus ※

1212 2169 857 110 Le Ch Duzat de monterau

1868 2109 707 124 Millin De Granmaison

2063 2279 254 115 emous

1073 2511 1615 133 Et ce jourd'huy, quinziéme jour de mars de la

1062 2644 1690 141 même année mil sept cent Soixante cinq, attendu

1067 2792 1681 145 que depuis le Dix février on n'a plus eû de nouvelles

1020 2926 1725 144 du nommé Duchateau, et qu'on ne peut plus douter,

1069 3074 1652 135 qu'il soit réellement noyé; nous Commissaire des

1067 3216 1670 141 Guerres avons dressé le présent Procés-verbal, pour

1078 3361 1656 135 servir à constater son décés; dont nous avons remis
