2848 3536
1094 322 1463 110 rentré aussitôt que son rétablissement le lui a permis.

1205 400 1351 148 Enfin, que depuis 18 ans il a eu la qualité

1086 518 1480 132 dôfficier préposé donnée aux principaux Recruteurs

1090 616 1478 122 par les ordonnances du Roi concernant les Régimens

1090 734 427 85 de Recrües.

1183 813 1360 118 Mais cette qualité qui Sembloit le placer parmis

1077 917 1474 124 les autres officiers dits de fortune et qui lui a en effet

1075 1025 1389 86 donné le rang dans la Société ne la point rendu

1055 1109 1476 106 susceptible de la Décoration militaire que viennent

1100 1215 1463 99 d'obtenir plusieurs de ses Camarades dont la plüpart

1102 1320 1001 102 ont beaucoup moins servi que Lui.

1248 1398 1338 134 Il supplie en conséquence Monsieur Le Chevalier

1104 1494 1423 126 de Fleurieu de vouloir bien lui accorder les Lettres

1104 1589 1425 123 de Sous Lieutenant à la suite des Troupes des

1102 1701 1486 116 Colonies au recrutements desquelles il continüe de se

1110 1801 1472 128 rendre utile avec le même zèle et toujours sous les

1112 1913 800 110 ordres de M. Agobert.

1305 2023 1256 122 Il en sera pénetré de la plus respectueuse

1124 2147 560 141 reconnaissance ※

1106 2463 1464 92 Les dépots dorleans a L'assemblé nationale attestent

1102 2557 1504 89 a Monsieur de fleurieu La Bonne conduite et l'honneteté

1110 2652 1486 76 toujours soutenue De M^r volant et prient Monsieur

1106 2726 1472 83 Le Ministre de la marine de vouloir Bien accueillir

1106 2799 1022 106 la demande Seurrat L'haboulay

2178 2802 345 218 Lefort

1394 2970 725 147 ⟦⟧ Recouron
