2336 3680
405 1243 1753 145 qune Suite de le même dérangement qui le mettroit hors du Cas d'être jugé

400 1371 1747 160 Comme déserteur, je ne prévois pas, Monseigneur, qu'il soit nécéssaire

405 1500 1734 166 d'occasionner une dépense au Roy pour le faire Conduire au Régiment, me

402 1633 1747 141 Soumettant au surplus a toucequil plaise a Votre Grandeur ordonner

411 1811 272 112 a ce sujet.

409 1887 1763 151 La Santé duS^r Marquis enseigne de la quatrieme Compagnie étant parfaitement

415 2026 1745 147 retablie, je me propose, Monsiegneur, de le faire passer a sa troupe par le

417 2152 1741 141 premier vaisseau qui partira pour la louisianne, j'ose dont supplier tres

419 2275 1730 131 humblement Votre Grandeur de vouloir bien donner les ordres nécéssaires pour

427 2396 1728 171 son passage et Celuy de vingt Soldats que je destine pour Remplacer ceux de Cette

433 2557 792 125 Compagnie a qui le Congez est dû.

435 2704 780 125 Je suis avec un profond Respect

914 2849 479 127 Monseigneur

1417 3021 626 117 De Votre Grandeur

1677 3158 497 88 Le tres humble et très

441 3273 712 249 à Rochefort le 26 aoust 1747

1699 3238 465 80 obeissant serviteur

1710 3309 384 180 DeKarrer
