3232 4000
2480 188 220 67 Double

813 226 1865 176 S^t Pierre Martinique Le p^er Avril 1783

895 457 1781 118 Collonies. Garde Magazin de L'artillerie

1633 586 600 85 a S^t Pierre

818 580 735 128 ⟦M. Votre⟧ M. Vilain

1289 724 622 140 Mémoire.

749 873 1745 107 Pour servir a la Demande de la Médaille-

562 1002 2147 106 J B^te Joly natif de perpignan en Rosillon Pendent Le Susdit temps il a assisté

557 1080 2161 95 agé de 54 ans, après avoir fait les a la Bataille de plaisance, a la Retraite

551 1153 2167 102 dernieres Campagnes Ditalie dans les de torture ou il fut prisonnier de Guerre,

533 1224 2145 98 Volontaire, de Ganles a Commencer de et A la Martinique il a envoÿé les

533 1297 2145 83 L'année 1746 est passé a la Martinique deux dernieres guerre dont a la suitte

544 1371 2158 102 et a été incorporé l'an 1750 dans les de la premiere il a subi Le fort de

546 1442 2174 109 Comapgnies franches des Cannoniers L'isle comme il paroit de L'autre part

546 1526 2159 96 Bombardiers détachés de la Marine de et depuis son retour il a Continué

560 1604 340 109 Rochefort

1693 1620 1061 80 Son service jusques a ce jour ce quil

540 1684 2131 104 L'an 1756, il a été fait Sergent. Le porte a sollicité La Medaille

529 1766 2207 122 L'an 1760 il a été chargé du Detaille qui servira de titre a son fils agé

551 1862 2165 111 de la Compagnie de pelletier a S^t Pierre de 15 ans pour pouvoir meritter

569 1935 2118 116 et a été pouvu d'une Commission dans La suitte des bienfaits

564 2013 2098 109 de metre Cannonicer au dit Département du Roy comme fils d'un

569 2108 1693 105 et a continué jusques a la prise encien serviteur.

584 2182 1123 93 de lisle quil est repassé en France

582 2262 1296 111 avec sa Compagnie et Licencié à Rochefort

573 2357 567 74 L'année 1762.

2149 2133 451 127 JB Jolÿ

544 2417 2185 98 L'an 1763 en Conséquence des ordres du Nous commandant en Chef L'artillerie

549 2504 2193 109 Ministre il est repassé à la Martinique de la de la M.S. que des iles du vent, croyons que

580 2588 2131 125 Et il a été placé Garde Dartillerie a S^te Le S^t Joly est Suceptible, patr son zêle et

535 2675 1125 105 Pierre ou il a Continué Son Service

580 2780 640 142 jusques a Ce jour.

1698 2700 1053 113 L'ancienneté de ses services de la Médaille

1707 2806 398 100 qi'il demande.

2142 2833 405 140 grandedrer
