2752 4192
177 123 575 137 1751. 18 Mars

136 241 734 433 Suzanne (Noël)

927 81 1631 109 Jugement d'un Conseil de Guerre tenu à S^t Domingue

803 176 1725 129 qui condamne le n^é Suzanne à être pendu pour avoir

870 248 1451 181 débauché des Soldats de la Compagnie de Guichon.

724 393 1857 161 Lu par le Conseil de Guerre assemblé Chéz Monsieur

645 544 1936 140 Le Comte de Conflans Chevalier de L'ordre Royal et

680 677 1883 138 militaire de S^t Louis Gouverneur Et Lieutenant

675 801 1920 137 Général pour Le Roy des Isles Francoises de L'amérique

701 919 1876 124 sous Le Vent, Compozé de mon dit Sieur qui y à rezidé,

654 1038 1932 117 de messire Jean Baptiste Laporte De Lalanne, Conseiller

710 1155 1869 123 du Roy en ses Conseils, Commissaire Général de

708 1262 1869 130 police, finance, et de la marinne, faisant fonction

671 1369 1889 156 D'Intendant au dit paÿs, de messire henry

685 1502 1873 132 de massip Lieutenant de Roy Commandant à

659 1597 1913 149 Leogane De La tour chevalier de L'ordre Royal et

673 1730 1871 135 Militaire de S^t Louis, Capitaine d'Infenterie olivier

654 1867 1876 110 de vieux chatet Capitaine D'Infanterie de Mitton

671 1984 1901 107 de Seneville Capitaine D'Infanterie de Beaupré Cap^ne

689 2079 1753 140 D'Infanterie, De Sellierre Capitaine D'Infanterie

687 2212 1880 119 De Massip Lieutenant D'Infanterie; La Plainte faitte à

678 2338 1871 130 Monsieur de Conflans par Monsieur de Guichen

689 2477 1857 105 demendeur et accusateur Contre Le nommé Noël

727 2596 1861 121 Suzanne accusé D'avoit séduit et debauché plusieurs

720 2715 1854 121 Soldats de sa Compagnie au Bas de laquelle est

708 2831 1855 133 L'ordre pour en être Informé, en conséquence dequoy

706 2939 1885 149 Information, recolement, et Confrontation, et Interrog^re

680 3074 1887 137 de l'accusé sur La Sellette, les Conclusions du Sieur

692 3199 1843 133 de Gairose Major données, tout Considéré et

701 3325 1827 128 murement examiné, Le Conseil de Guerre à Trouvé

696 3465 1871 91 Le dit nöel suzanne atteint et Convaincu d'avoir

729 3586 1829 151 séduit et debauché plusieurs soldats de sa
