2193 3408
568 357 1366 162 A Monsieur

786 482 1267 165 Le Ch^er De Fleurieu

806 643 1252 129 Minsitre de la Marine

1107 1056 658 125 Memoire

596 1349 1468 124 François henry Volant entré au service dans

571 1455 1500 112 les Troupes de S^t Domingue en qualité de soldat en 1748

577 1562 1491 85 y a reçu des blessures graves qui avoient été jugées incurables,

566 1639 1477 102 suivant les Certificats des Chirurgiens dont il a justifié à

566 1730 1365 91 son retour en france, dans le courant de l'année 1753.

683 1808 1286 96 A cette époque, et en considération desd. blessures

568 1891 1492 95 sa Majesté lui a accordé sa demie solde sur les fonds

573 1989 1447 84 des invalides de la Marine à raison de 7^lt. 10^s. par

570 2061 1456 99 mois. Le Brevet de ce traitement est du 23 fevrier 1754

568 2150 1477 80 et le payement a commencé du premier Juillet 1753 la

564 2243 776 72 Copie dud. Brevet est ci jointe.

753 2309 1309 103 La Jeunesse du S. Volant, de grands soins et les

562 2406 1479 93 Eaux de Barége lui procurèrent assez promptement une

570 2493 1391 97 guérison aussi radicale qu'inesperée; dès le 5. avril

558 2563 1474 106 de la même année 1754. Son inclination naturelle le fit

566 2650 1483 114 rentrer au service dans le Régiment Suisse d'halletville,

566 2754 746 76 où il est resté quatre ans.

681 2830 1352 97 A la reforme de ce Corps, il entra de suite dans

566 2917 1471 135 celui d'Infanterue française de Buissac avec lequel
