2496 3632
1452 145 664 72 Orléans le 2 Mars 1791,

1571 203 581 83 l'an 2^e de la liberté

254 280 658 141 M. de Vaivre,

694 391 216 141 25 mars

696 493 170 118 PJ

573 784 413 109 Monsieur

1477 988 336 119 M Sand

589 1283 1588 101 La Société des amis de la Constitution séante à orléans

558 1359 1611 103 compte parmi ses Membres, M. Voland chargé depuis

564 1422 1546 95 longtemps de recruter en cette ville. l'admission de M

554 1481 1621 98 voland dans la société vous annonce qu'il a été reconnu

556 1539 1627 117 pour un citoyen Estimable. nous savons qu'il sollicite

552 1614 1663 101 son avancement, et la recompense de ses services. la société

556 1682 1619 99 apprendra avec plaisir que vous aurez accordé à M voland

562 1737 989 87 la Justice qu'il a droit d'attendre.

702 1799 1392 109 Nous sommes avec le plus sincere attachement

550 2114 426 121 Monsieur

1509 2623 676 86 Les Membres de la société

1418 2679 678 75 des amis de la constitution

1440 2744 466 78 Séante à orléans

1305 2905 710 135 Moisart President

1369 3020 696 145 Ladureau secrétaire

1341 3175 882 111 Prouvinete M secretaire

197 3363 955 77 M le Ministre de la Marine
