2272 3272
552 383 1392 122 aisé ont dit avoir servi dans les

551 525 1444 114 Régimens de haynaut, et de Belsunce,

545 668 1439 119 d'ou ils ont déserté et sont passé au

542 794 1417 122 service d'Espagne qu'ils ont aussy

554 925 1445 120 abandonné pour revenir en france a

554 1074 966 76 la faveur de L'amnistie.

556 1177 1439 137 Il ne paroist pas qu'il y ait rien de

563 1316 1437 103 capital sur le compte des trois derniers

563 1448 1439 126 qui sont des raudeurs et des vagabonds

573 1596 569 114 de profession.

598 1706 1375 137 a L'Egard du Commandant de la

576 1841 1410 153 Brigade de Chevreuse il paroist qu'il

576 1988 1328 113 a manqué a ce qu'il devoit aud^t

562 2117 1400 118 Darmancourt en négligeant de

591 2252 1366 129 l'informer de la détention de ces

589 2403 1411 120 prisonniers, et pour ne les avoir pas

593 2543 1407 107 fait transférer a Nantes, comme

602 2688 782 113 il  l'avoit dû※
