3232 3104
629 248 371 107 L. du 8 9^bre 1820

762 393 227 96 N°13.

732 581 264 110 honoré

2207 337 473 95 Honoré.

1741 450 942 110 Extrait des Régistres

1622 544 1052 123 de l'Etat civil de la ville de

1641 662 1009 93 Cayenne en dépôt au Greffe du

1645 758 1014 111 Tribunal de première Instance,

1586 860 1013 119 dela Guyane française séans

1666 984 343 92 à Cayenne.

1395 1108 1281 131 L'an Mil sept cent trente sept le trente

1107 1203 1571 135 septembre, Charles honoré dit la Verdure natif

1038 1307 1631 136 de Paris paroisse de S^t Mort fils de N. honoré

1108 1415 1554 131 vitrier et de Marie andré, soldat de la Garnison

1058 1510 1613 143 décédé aujourd'hui à l'hopital a été inhumé dans

1102 1615 1560 150 le cimetière de cette paroisse. signé J. D. Panier

1084 1736 238 124 prêtre.

660 1948 862 114 Vû pour Légatisation de la Signature

645 2046 522 94 de M. Frachon

827 2140 647 87 Paris le 31. Octobre 1820.

643 2222 976 85 Pour le Ministre Secrétaire d'Etat de la

645 2309 941 70 marine et des Colonies par autorisation.

745 2388 843 95 Le secrtétaire Général du Ministère

1348 2455 388 109 V. Vauvillier

1528 1796 898 149 Pour expédition Conforme

1728 1931 850 160 signé Lagrance Greffier

1659 2148 831 140 Pour Copie Conforme

1726 2277 697 97 Le sécrétaire archiviste.

1928 2374 405 116 Frachon
