<?xml version="1.0" encoding="UTF-8"?>
<alto xmlns:xsi="http://www.w3.org/2001/XMLSchema-instance"
      xmlns="http://www.loc.gov/standards/alto/ns-v4#"
      xsi:schemaLocation="http://www.loc.gov/standards/alto/ns-v4# http://www.loc.gov/standards/alto/v4/alto-4-2.xsd">
  <Description>
    <MeasurementUnit>pixel</MeasurementUnit>
    <sourceImageInformation>
      <fileName>FRCAOM06_COLE_241652A_0135.jpg</fileName>
    </sourceImageInformation>
  </Description>
  <Tags>
    <OtherTag ID="QZ7" LABEL="CustomZone" DESCRIPTION="block type CustomZone"/><OtherTag ID="QZ8" LABEL="DamageZone" DESCRIPTION="block type DamageZone"/><OtherTag ID="QZ9" LABEL="DigitizationArtefactZone" DESCRIPTION="block type DigitizationArtefactZone"/><OtherTag ID="QZ10" LABEL="DropCapitalZone" DESCRIPTION="block type DropCapitalZone"/><OtherTag ID="QZ11" LABEL="GraphicZone" DESCRIPTION="block type GraphicZone"/><OtherTag ID="QZ12" LABEL="MainZone" DESCRIPTION="block type MainZone"/><OtherTag ID="QZ13" LABEL="MarginTextZone" DESCRIPTION="block type MarginTextZone"/><OtherTag ID="QZ14" LABEL="MusicZone" DESCRIPTION="block type MusicZone"/><OtherTag ID="QZ15" LABEL="NumberingZone" DESCRIPTION="block type NumberingZone"/><OtherTag ID="QZ17" LABEL="QuireMarksZone" DESCRIPTION="block type QuireMarksZone"/><OtherTag ID="QZ18" LABEL="RunningTitleZone" DESCRIPTION="block type RunningTitleZone"/><OtherTag ID="QZ19" LABEL="SealZone" DESCRIPTION="block type SealZone"/><OtherTag ID="QZ20" LABEL="StampZone" DESCRIPTION="block type StampZone"/><OtherTag ID="QZ21" LABEL="TableZone" DESCRIPTION="block type TableZone"/><OtherTag ID="QZ22" LABEL="TitlePageZone" DESCRIPTION="block type TitlePageZone"/>
    <OtherTag ID="LT7" LABEL="CustomLine" DESCRIPTION="line type CustomLine"/><OtherTag ID="LT8" LABEL="DefaultLine" DESCRIPTION="line type DefaultLine"/><OtherTag ID="LT9" LABEL="DropCapitalLine" DESCRIPTION="line type DropCapitalLine"/><OtherTag ID="LT10" LABEL="HeadingLine" DESCRIPTION="line type HeadingLine"/><OtherTag ID="LT11" LABEL="InterlinearLine" DESCRIPTION="line type InterlinearLine"/><OtherTag ID="LT12" LABEL="MusicLine" DESCRIPTION="line type MusicLine"/>
  </Tags>
  <Layout>
    <Page WIDTH="2080"
          HEIGHT="3144"
          PHYSICAL_IMG_NR="49"
          ID="eSc_dummypage_">
      <PrintSpace HPOS="0"
                  VPOS="0"
                  WIDTH="2080"
                  HEIGHT="3144">
        <TextBlock HPOS="120"
                   VPOS="127"
                   WIDTH="695"
                   HEIGHT="503"
                   ID="eSc_textblock_10c0ad71"
                   TAGREFS="QZ13">
          <Shape><Polygon POINTS="120 127 120 630 815 630 815 127"/></Shape>
          <TextLine ID="eSc_line_23e3f670"
                    TAGREFS="LT8"
                    BASELINE="166 235 589 230" 
                    HPOS="164"
                    VPOS="162"
                    WIDTH="425"
                    HEIGHT="122">
            <Shape><Polygon POINTS="166 235 166 253 209 262 211 262 319 253 353 281 353 282 354 282 356 282 443 284 445 284 547 282 548 282 550 282 589 251 589 230 587 192 541 162 540 162 538 162 536 162 534 162 478 193 445 193 414 165 414 164 412 164 410 164 409 164 407 164 405 164 365 193 328 193 295 164 293 164 291 164 227 164 225 164 223 164 164 195 166 235"/></Shape>
            <String CONTENT="Pour Copie"
                    HPOS="164"
                    VPOS="162"
                    WIDTH="425"
                    HEIGHT="122"
                    ></String>
          </TextLine>
          <TextLine ID="eSc_line_551867d3"
                    TAGREFS="LT8"
                    BASELINE="218 391 629 384" 
                    HPOS="216"
                    VPOS="307"
                    WIDTH="413"
                    HEIGHT="101">
            <Shape><Polygon POINTS="218 391 218 399 318 408 319 408 629 393 629 384 620 314 604 326 517 326 508 316 499 309 499 307 498 307 496 307 454 307 452 307 450 307 449 307 449 309 440 317 428 330 314 331 297 321 284 310 283 310 281 310 279 310 216 321 218 391"/></Shape>
            <String CONTENT="Voidant"
                    HPOS="216"
                    VPOS="307"
                    WIDTH="413"
                    HEIGHT="101"
                    ></String>
          </TextLine>
          <TextLine ID="eSc_line_0c4101b2"
                    TAGREFS="LT8"
                    BASELINE="195 473 706 450" 
                    HPOS="192"
                    VPOS="403"
                    WIDTH="514"
                    HEIGHT="150">
            <Shape><Polygon POINTS="195 473 197 527 283 553 284 553 286 553 428 548 429 548 526 520 557 522 559 522 561 522 562 522 590 503 597 497 706 494 706 450 702 405 630 403 629 403 627 403 625 403 620 408 606 419 590 408 585 405 583 405 582 405 580 405 578 405 576 405 569 410 548 422 501 424 477 413 466 410 464 410 463 410 461 410 438 415 382 429 192 427 195 473"/></Shape>
            <String CONTENT="pierre michel"
                    HPOS="192"
                    VPOS="403"
                    WIDTH="514"
                    HEIGHT="150"
                    ></String>
          </TextLine>
        </TextBlock>
        <TextBlock HPOS="866"
                   VPOS="136"
                   WIDTH="964"
                   HEIGHT="855"
                   ID="eSc_textblock_b88a49cf"
                   TAGREFS="QZ12">
          <Shape><Polygon POINTS="866 136 866 991 1583 991 1830 991 1830 136"/></Shape>
          <TextLine ID="eSc_line_67d8b216"
                    TAGREFS="LT8"
                    BASELINE="952 237 1791 234" 
                    HPOS="950"
                    VPOS="174"
                    WIDTH="841"
                    HEIGHT="84">
            <Shape><Polygon POINTS="1784 200 1704 200 1686 185 1684 185 1683 185 1641 183 1639 183 1637 183 1587 199 1566 188 1564 188 1562 188 1560 188 1538 200 1377 200 1351 181 1349 181 1347 181 1345 181 1277 185 1267 176 1267 174 1265 174 1263 174 1261 174 1260 174 1199 197 1164 174 1162 174 1160 174 1120 174 1118 174 1116 174 1087 190 1073 176 1073 174 1071 174 1069 174 985 174 984 174 982 174 980 174 950 197 952 237 952 248 982 258 984 258 985 258 1125 249 1151 248 1179 249 1330 258 1331 258 1333 258 1370 249 1377 248 1380 249 1396 256 1398 256 1400 256 1789 249 1791 234 1788 200 1784 200"/></Shape>
            <String CONTENT="Extrait de L&#x27;interrogatoire d&#x27;un"
                    HPOS="950"
                    VPOS="174"
                    WIDTH="841"
                    HEIGHT="84"
                    ></String>
          </TextLine>
          <TextLine ID="eSc_line_9b91fe87"
                    TAGREFS="LT8"
                    BASELINE="956 298 1795 286" 
                    HPOS="954"
                    VPOS="242"
                    WIDTH="841"
                    HEIGHT="96">
            <Shape><Polygon POINTS="956 298 956 338 982 338 982 337 984 337 985 337 985 335 1013 310 1101 310 1137 328 1141 330 1143 330 1144 330 1146 330 1151 328 1200 309 1232 324 1251 333 1253 333 1254 335 1314 335 1314 333 1443 314 1515 303 1525 310 1548 330 1550 330 1552 330 1553 330 1597 328 1599 328 1639 309 1795 296 1795 286 1791 242 1763 242 1761 242 1760 242 1758 242 1739 260 1606 260 1583 248 1578 244 1576 244 1574 244 1573 244 1571 244 1569 244 1564 248 1541 263 1414 263 1377 255 1352 248 1351 248 1349 248 1347 248 1345 248 1335 255 1328 260 1316 256 1298 249 1296 249 1295 249 1214 258 1185 262 1174 260 1150 255 1148 255 1146 255 1144 255 1144 256 1139 262 1137 262 1136 262 1123 251 1122 251 1120 251 1074 251 1073 251 1071 251 1069 251 1052 262 989 253 987 253 985 253 954 265 956 298"/></Shape>
            <String CONTENT="particulier très suspect; soupconné"
                    HPOS="954"
                    VPOS="242"
                    WIDTH="841"
                    HEIGHT="96"
                    ></String>
          </TextLine>
          <TextLine ID="eSc_line_565da36f"
                    TAGREFS="LT8"
                    BASELINE="938 361 1468 365 1798 354" 
                    HPOS="936"
                    VPOS="310"
                    WIDTH="862"
                    HEIGHT="81">
            <Shape><Polygon POINTS="938 361 938 379 1059 375 1069 380 1083 389 1085 389 1087 389 1088 389 1090 389 1116 379 1123 377 1129 379 1157 389 1158 389 1160 389 1228 377 1244 375 1248 377 1258 387 1258 389 1260 389 1261 389 1263 391 1337 391 1337 389 1410 375 1422 373 1424 375 1436 386 1436 387 1438 387 1440 387 1442 387 1539 379 1667 387 1669 387 1670 387 1698 373 1798 370 1798 354 1793 310 1718 312 1716 312 1714 312 1714 314 1700 328 1660 333 1613 317 1611 317 1609 317 1608 317 1606 317 1606 319 1590 335 1571 335 1531 316 1524 312 1522 312 1487 312 1485 312 1483 312 1482 312 1476 317 1456 333 1403 323 1401 323 1400 323 1354 335 1204 335 1193 323 1190 321 1190 319 1188 319 1186 319 1185 319 1183 319 1172 323 1144 335 1108 324 1066 314 1064 314 1062 314 1060 314 1059 314 1043 326 1038 331 1033 326 1015 314 1013 314 1012 314 1010 314 1008 314 982 323 954 314 952 314 950 314 949 314 947 314 947 316 936 323 938 361"/></Shape>
            <String CONTENT="de desertion, arresté par la brigade"
                    HPOS="936"
                    VPOS="310"
                    WIDTH="862"
                    HEIGHT="81"
                    ></String>
          </TextLine>
          <TextLine ID="eSc_line_0a9d7621"
                    TAGREFS="LT8"
                    BASELINE="954 434 1805 420" 
                    HPOS="952"
                    VPOS="384"
                    WIDTH="853"
                    HEIGHT="77">
            <Shape><Polygon POINTS="954 434 954 454 1048 447 1062 452 1080 459 1081 459 1083 459 1085 459 1087 459 1097 450 1108 443 1129 450 1162 461 1164 461 1165 461 1258 447 1303 440 1319 445 1337 450 1338 450 1340 452 1384 452 1384 450 1386 450 1387 450 1394 443 1398 440 1403 443 1435 455 1436 455 1438 455 1485 447 1581 454 1583 454 1585 454 1625 438 1648 447 1650 447 1651 447 1803 431 1805 420 1802 398 1732 398 1700 384 1698 384 1697 384 1695 384 1646 398 1604 386 1602 386 1601 386 1599 386 1597 386 1576 399 1454 389 1452 389 1450 389 1415 401 1359 393 1358 393 1356 393 1354 393 1340 405 1225 405 1179 393 1178 393 1176 393 1174 393 1172 393 1158 403 1085 396 1083 396 1081 396 1036 406 984 396 982 396 980 396 952 408 954 434"/></Shape>
            <String CONTENT="de marechaussée de Chenrense Les"
                    HPOS="952"
                    VPOS="384"
                    WIDTH="853"
                    HEIGHT="77"
                    ></String>
          </TextLine>
          <TextLine ID="eSc_line_38f9905d"
                    TAGREFS="LT8"
                    BASELINE="950 504 1798 483" 
                    HPOS="947"
                    VPOS="447"
                    WIDTH="851"
                    HEIGHT="71">
            <Shape><Polygon POINTS="950 504 950 518 1373 518 1373 517 1798 496 1798 483 1795 459 1723 448 1721 448 1667 457 1639 462 1629 457 1604 447 1602 447 1601 447 1599 447 1597 447 1585 457 1576 464 1529 457 1520 457 1518 457 1517 457 1515 457 1497 466 1480 457 1475 455 1473 455 1471 455 1469 455 1461 457 1426 468 1412 457 1400 447 1398 447 1396 447 1370 447 1368 447 1324 452 1323 452 1321 452 1316 457 1295 473 1206 473 1165 457 1162 455 1160 455 1158 455 1157 455 1155 455 1153 457 1137 468 1078 462 1076 462 1074 462 1055 471 1040 457 1040 455 1038 455 1036 455 1034 455 947 455 950 504"/></Shape>
            <String CONTENT="22. de ce mois, Suby devant nous"
                    HPOS="947"
                    VPOS="447"
                    WIDTH="851"
                    HEIGHT="71"
                    ></String>
          </TextLine>
          <TextLine ID="eSc_line_0c3391a0"
                    TAGREFS="LT8"
                    BASELINE="952 572 1793 555" 
                    HPOS="950"
                    VPOS="515"
                    WIDTH="843"
                    HEIGHT="77">
            <Shape><Polygon POINTS="952 572 952 592 1531 585 1793 567 1793 555 1791 525 1770 515 1768 515 1767 515 1765 515 1730 527 1718 532 1627 532 1622 530 1606 518 1604 518 1602 518 1601 518 1599 518 1597 518 1578 530 1573 536 1482 536 1478 534 1461 518 1461 517 1459 517 1457 517 1456 517 1286 520 1284 520 1282 520 1256 541 1254 543 1216 543 1216 541 1172 524 1171 524 1169 524 1167 524 1109 544 1088 534 1087 534 1085 534 1043 539 1026 527 1024 527 1022 527 1020 527 1019 527 1017 527 1017 529 999 543 989 536 987 536 985 536 984 536 982 536 950 546 952 572"/></Shape>
            <String CONTENT="Charles Benoist D&#x27;armencourt"
                    HPOS="950"
                    VPOS="515"
                    WIDTH="843"
                    HEIGHT="77"
                    ></String>
          </TextLine>
          <TextLine ID="eSc_line_a2ab8c11"
                    TAGREFS="LT8"
                    BASELINE="942 635 1768 623" 
                    HPOS="940"
                    VPOS="585"
                    WIDTH="828"
                    HEIGHT="75">
            <Shape><Polygon POINTS="942 635 942 656 1027 660 1029 660 1031 660 1052 655 1078 648 1111 653 1144 658 1146 658 1148 658 1169 651 1188 646 1241 646 1249 649 1260 656 1261 656 1263 656 1265 656 1529 653 1768 635 1768 623 1763 592 1725 597 1693 592 1646 585 1644 585 1643 585 1641 585 1629 593 1623 599 1559 599 1552 595 1536 588 1534 588 1532 588 1531 588 1511 597 1501 600 1476 597 1450 593 1449 593 1419 599 1394 602 1375 599 1328 590 1326 590 1324 590 1281 600 1267 604 1244 602 1195 597 1193 597 1192 597 1174 604 1167 606 1137 604 1013 595 1012 595 940 607 942 635"/></Shape>
            <String CONTENT="Lieutenant de la marechaussée"
                    HPOS="940"
                    VPOS="585"
                    WIDTH="828"
                    HEIGHT="75"
                    ></String>
          </TextLine>
          <TextLine ID="eSc_line_de6aa700"
                    TAGREFS="LT8"
                    BASELINE="973 700 1814 693" 
                    HPOS="971"
                    VPOS="648"
                    WIDTH="843"
                    HEIGHT="82">
            <Shape><Polygon POINTS="973 700 973 714 1013 714 1029 726 1029 728 1031 728 1033 728 1034 730 1118 730 1118 728 1120 728 1122 728 1132 719 1178 728 1179 728 1181 728 1183 728 1183 726 1185 726 1192 717 1270 726 1272 726 1323 716 1349 726 1351 726 1352 726 1475 712 1489 712 1494 712 1534 724 1536 724 1538 724 1539 724 1541 724 1559 712 1564 710 1669 710 1674 712 1688 723 1690 723 1691 723 1693 723 1695 723 1714 712 1718 712 1812 712 1814 693 1812 665 1777 651 1775 651 1774 651 1693 663 1660 648 1658 648 1618 648 1616 648 1615 648 1573 665 1373 655 1372 655 1370 655 1340 667 1326 653 1326 651 1324 651 1323 651 1298 651 1296 651 1295 651 1293 651 1272 667 1134 653 1132 653 1130 653 1129 653 1109 668 1055 653 1053 653 1052 653 1050 653 1048 653 1031 668 1005 661 1003 661 1001 661 999 661 971 670 973 700"/></Shape>
            <String CONTENT="a la residence de nantes,"
                    HPOS="971"
                    VPOS="648"
                    WIDTH="843"
                    HEIGHT="82"
                    ></String>
          </TextLine>
          <TextLine ID="eSc_line_59c19839"
                    TAGREFS="LT8"
                    BASELINE="968 759 1805 768" 
                    HPOS="966"
                    VPOS="721"
                    WIDTH="839"
                    HEIGHT="80">
            <Shape><Polygon POINTS="968 759 966 772 1043 779 1062 792 1064 792 1066 792 1067 792 1186 777 1211 789 1213 789 1302 796 1303 796 1305 796 1333 787 1347 796 1349 796 1351 796 1352 796 1417 792 1419 792 1421 792 1443 779 1473 789 1475 789 1476 789 1597 780 1636 799 1637 799 1639 799 1641 799 1684 782 1711 799 1712 799 1714 799 1716 801 1744 801 1744 799 1746 799 1803 780 1805 768 1805 740 1767 728 1765 728 1763 728 1698 740 1688 742 1684 740 1660 728 1658 728 1657 728 1583 737 1571 726 1569 726 1567 726 1524 726 1522 726 1520 726 1518 726 1518 728 1506 738 1504 742 1473 742 1469 738 1449 724 1447 724 1445 724 1443 724 1442 724 1403 738 1387 738 1303 738 1282 737 1136 721 1134 721 1132 721 1095 733 1059 721 1057 721 1055 721 1053 721 1052 721 1052 723 1038 735 1006 726 1005 726 1003 726 968 733 968 759"/></Shape>
            <String CONTENT="à cet effet transporté audit Cheureuse"
                    HPOS="966"
                    VPOS="721"
                    WIDTH="839"
                    HEIGHT="80"
                    ></String>
          </TextLine>
          <TextLine ID="eSc_line_6a3c01cc"
                    TAGREFS="LT8"
                    BASELINE="971 819 1795 833" 
                    HPOS="970"
                    VPOS="786"
                    WIDTH="825"
                    HEIGHT="78">
            <Shape><Polygon POINTS="971 819 970 836 1020 847 1022 847 1024 847 1059 838 1060 838 1094 855 1095 855 1185 857 1186 857 1268 840 1275 840 1377 840 1449 841 1450 841 1482 862 1483 862 1485 862 1588 864 1590 864 1592 864 1657 845 1791 845 1795 833 1793 808 1709 808 1707 806 1695 796 1695 794 1693 794 1691 794 1690 794 1688 794 1657 803 1646 792 1644 792 1643 792 1641 792 1639 792 1637 792 1625 801 1590 791 1588 791 1587 791 1585 791 1566 799 1553 791 1552 791 1550 791 1548 791 1415 796 1328 787 1326 787 1324 787 1295 799 1282 787 1282 786 1281 786 1279 786 1277 786 1275 786 1274 786 1256 798 1254 798 971 794 971 819"/></Shape>
            <String CONTENT="accompagné de notre Greffier"
                    HPOS="970"
                    VPOS="786"
                    WIDTH="825"
                    HEIGHT="78"
                    ></String>
          </TextLine>
        </TextBlock>
        <TextBlock HPOS="29"
                   VPOS="932"
                   WIDTH="512"
                   HEIGHT="434"
                   ID="eSc_textblock_912d51fa"
                   TAGREFS="QZ13">
          <Shape><Polygon POINTS="29 932 29 1366 541 1366 541 932"/></Shape>
          <TextLine ID="eSc_line_292173ca"
                    TAGREFS="LT8"
                    BASELINE="150 1046 524 1030" 
                    HPOS="146"
                    VPOS="932"
                    WIDTH="378"
                    HEIGHT="178">
            <Shape><Polygon POINTS="197 955 187 955 146 971 150 1046 150 1075 195 1075 249 1110 251 1110 253 1110 255 1110 358 1107 422 1095 424 1095 426 1095 426 1093 456 1060 524 1056 524 1030 515 932 461 934 459 934 457 934 452 937 379 999 332 999 291 985 290 985 288 985 286 985 251 1002 211 965 199 955 199 953 197 955"/></Shape>
            <String CONTENT="Homme très suspect."
                    HPOS="146"
                    VPOS="932"
                    WIDTH="378"
                    HEIGHT="178"
                    ></String>
          </TextLine>
          <TextLine ID="eSc_line_28731d6f"
                    TAGREFS="LT8"
                    BASELINE="143 1187 463 1179" 
                    HPOS="141"
                    VPOS="1142"
                    WIDTH="322"
                    HEIGHT="71">
            <Shape><Polygon POINTS="143 1187 143 1210 206 1199 242 1210 260 1213 262 1213 263 1213 265 1213 276 1208 291 1199 321 1206 328 1208 330 1208 332 1208 333 1208 339 1206 358 1196 384 1205 396 1208 398 1208 400 1208 463 1201 463 1179 457 1142 393 1156 360 1145 356 1144 354 1144 353 1144 351 1144 349 1144 347 1145 328 1158 284 1147 270 1145 269 1145 267 1145 253 1149 214 1159 194 1151 187 1149 185 1149 183 1149 141 1152 143 1187"/></Shape>
            <String CONTENT="N^a paroist avoir"
                    HPOS="141"
                    VPOS="1142"
                    WIDTH="322"
                    HEIGHT="71"
                    ></String>
          </TextLine>
          <TextLine ID="eSc_line_80a95b8d"
                    TAGREFS="LT8"
                    BASELINE="173 1247 379 1247" 
                    HPOS="173"
                    VPOS="1208"
                    WIDTH="206"
                    HEIGHT="65">
            <Shape><Polygon POINTS="173 1247 173 1269 377 1273 379 1247 377 1220 267 1224 256 1219 239 1208 237 1208 235 1208 234 1208 173 1217 173 1247"/></Shape>
            <String CONTENT="36 ans."
                    HPOS="173"
                    VPOS="1208"
                    WIDTH="206"
                    HEIGHT="65"
                    ></String>
          </TextLine>
        </TextBlock>
        <TextBlock HPOS="491"
                   VPOS="836"
                   WIDTH="1325"
                   HEIGHT="1979"
                   ID="eSc_textblock_a0682ead"
                   TAGREFS="QZ12">
          <Shape><Polygon POINTS="491 836 491 2815 1816 2815 1816 2303 1816 836"/></Shape>
          <TextLine ID="eSc_line_2fb8b49a"
                    TAGREFS="LT8"
                    BASELINE="963 897 1651 894" 
                    HPOS="961"
                    VPOS="854"
                    WIDTH="690"
                    HEIGHT="89">
            <Shape><Polygon POINTS="963 897 963 911 1024 911 1026 911 1045 922 1046 922 1048 922 1092 913 1136 917 1167 941 1169 941 1171 941 1302 943 1303 943 1305 943 1307 943 1342 920 1358 934 1358 936 1359 936 1361 936 1363 936 1365 936 1366 936 1407 910 1410 910 1454 918 1456 918 1457 918 1471 911 1506 941 1508 941 1510 941 1511 941 1557 932 1559 932 1560 932 1560 930 1573 918 1585 925 1587 925 1588 925 1590 925 1651 908 1651 894 1648 871 1559 859 1557 859 1555 859 1553 859 1539 869 1524 855 1524 854 1522 854 1520 854 1518 854 1517 854 1480 868 1449 854 1447 854 1445 854 1443 854 1407 873 1151 873 1134 861 1132 861 1130 861 1129 861 1127 861 1104 871 1087 857 1085 857 1083 857 1006 855 1005 855 1003 855 961 873 963 897"/></Shape>
            <String CONTENT="ordinaire, ainsy qu&#x27;il ensuit."
                    HPOS="961"
                    VPOS="854"
                    WIDTH="690"
                    HEIGHT="89"
                    ></String>
          </TextLine>
          <TextLine ID="eSc_line_357d08b8"
                    TAGREFS="LT8"
                    BASELINE="541 971 1053 979" 
                    HPOS="540"
                    VPOS="873"
                    WIDTH="513"
                    HEIGHT="141">
            <Shape><Polygon POINTS="541 971 540 981 569 993 571 993 573 993 714 988 727 999 727 1000 728 1000 730 1000 732 1000 734 1000 763 985 833 985 859 1011 859 1013 861 1013 863 1013 950 1014 952 1014 954 1014 1052 986 1053 979 1053 939 1031 922 1029 922 1027 922 1026 922 1024 922 984 934 947 943 873 929 872 929 793 939 767 915 767 913 765 913 728 897 721 896 720 896 706 896 674 896 669 890 655 876 655 875 653 875 651 875 541 873 541 971"/></Shape>
            <String CONTENT="Du 28. avril 1758."
                    HPOS="540"
                    VPOS="873"
                    WIDTH="513"
                    HEIGHT="141"
                    ></String>
          </TextLine>
          <TextLine ID="eSc_line_ad9ccb3b"
                    TAGREFS="LT8"
                    BASELINE="543 1056 898 1065 1791 1061" 
                    HPOS="543"
                    VPOS="1004"
                    WIDTH="1248"
                    HEIGHT="91">
            <Shape><Polygon POINTS="543 1079 690 1075 702 1079 721 1086 723 1086 725 1086 727 1086 728 1086 737 1079 742 1075 746 1079 762 1089 763 1089 765 1089 767 1089 832 1082 875 1093 877 1093 879 1093 880 1093 882 1093 901 1081 921 1088 922 1088 924 1088 973 1077 985 1075 989 1077 1003 1089 1005 1089 1006 1089 1008 1089 1010 1089 1048 1079 1088 1093 1090 1093 1092 1095 1241 1095 1241 1093 1242 1093 1277 1077 1324 1075 1366 1075 1370 1075 1401 1089 1403 1089 1405 1089 1407 1089 1429 1077 1442 1088 1443 1088 1445 1088 1447 1088 1564 1081 1594 1093 1595 1093 1597 1095 1700 1095 1700 1093 1702 1093 1730 1079 1746 1089 1747 1089 1749 1089 1751 1089 1753 1089 1791 1074 1791 1061 1789 1034 1742 1011 1740 1011 1739 1011 1737 1011 1735 1011 1716 1028 1691 1032 1679 1034 1543 1034 1532 1027 1504 1007 1503 1007 1501 1007 1499 1007 1497 1007 1496 1007 1473 1025 1471 1028 1431 1035 1288 1035 1270 1021 1270 1020 1268 1020 1267 1020 1214 1020 1213 1020 1211 1020 1150 1034 1097 1016 1059 1004 1057 1004 996 1004 994 1004 992 1004 991 1004 978 1014 957 1028 931 1016 929 1016 928 1016 840 1034 800 1018 798 1018 797 1018 730 1023 683 1006 676 1004 674 1004 543 1004 543 1056 543 1079"/></Shape>
            <String CONTENT="Premierement Interrogé de son nom, Surnom, age,"
                    HPOS="543"
                    VPOS="1004"
                    WIDTH="1248"
                    HEIGHT="91"
                    ></String>
          </TextLine>
          <TextLine ID="eSc_line_f0fcc3e1"
                    TAGREFS="LT8"
                    BASELINE="548 1126 1501 1135" 
                    HPOS="547"
                    VPOS="1089"
                    WIDTH="954"
                    HEIGHT="70">
            <Shape><Polygon POINTS="548 1126 547 1147 697 1152 699 1152 700 1152 713 1147 732 1142 786 1147 840 1154 842 1154 891 1147 926 1144 942 1147 968 1156 970 1156 971 1156 1029 1147 1041 1147 1074 1147 1319 1159 1321 1159 1499 1147 1501 1135 1496 1103 1480 1110 1459 1103 1440 1096 1438 1096 1436 1096 1435 1096 1419 1102 1400 1112 1316 1112 1263 1102 1227 1095 1225 1095 1223 1095 1221 1095 1213 1100 1199 1109 1183 1100 1181 1100 1179 1100 1178 1100 1172 1100 1122 1109 1104 1100 1092 1093 1090 1093 1088 1093 1060 1098 1026 1107 1006 1098 994 1093 992 1093 940 1093 938 1093 936 1093 935 1093 929 1098 917 1105 807 1105 795 1096 788 1091 786 1091 784 1091 755 1091 753 1091 751 1091 749 1091 749 1093 746 1096 739 1103 721 1096 707 1089 706 1089 704 1089 672 1095 627 1103 548 1095 548 1126"/></Shape>
            <String CONTENT="qualité, demeure le lieu de sa naissance."
                    HPOS="547"
                    VPOS="1089"
                    WIDTH="954"
                    HEIGHT="70"
                    ></String>
          </TextLine>
          <TextLine ID="eSc_line_36bbe7e1"
                    TAGREFS="LT8"
                    BASELINE="547 1212 1800 1217" 
                    HPOS="545"
                    VPOS="1163"
                    WIDTH="1255"
                    HEIGHT="80">
            <Shape><Polygon POINTS="547 1212 545 1222 702 1229 713 1240 714 1240 716 1240 718 1240 795 1229 928 1240 929 1240 931 1240 933 1240 950 1227 970 1241 971 1241 973 1241 975 1241 977 1241 1024 1227 1069 1236 1071 1236 1073 1236 1094 1227 1109 1238 1111 1238 1113 1238 1115 1238 1235 1227 1289 1241 1291 1241 1293 1241 1295 1241 1319 1231 1480 1231 1515 1243 1517 1243 1518 1243 1798 1227 1800 1217 1798 1187 1704 1187 1700 1184 1676 1170 1674 1170 1672 1170 1670 1170 1669 1170 1629 1184 1625 1185 1494 1185 1485 1180 1459 1168 1457 1168 1401 1168 1400 1168 1398 1168 1370 1179 1352 1184 1314 1177 1253 1166 1251 1166 1186 1175 1153 1179 1122 1173 1081 1166 1080 1166 1078 1166 1076 1166 1069 1172 1052 1185 1015 1185 971 1170 954 1165 952 1165 898 1165 896 1165 894 1165 886 1168 859 1184 721 1184 699 1165 697 1165 695 1165 693 1165 692 1165 690 1165 643 1179 625 1165 624 1165 622 1165 547 1163 547 1212"/></Shape>
            <String CONTENT="A dit s&#x27;apelle Pierre michel Voidant, agé de"
                    HPOS="545"
                    VPOS="1163"
                    WIDTH="1255"
                    HEIGHT="80"
                    ></String>
          </TextLine>
          <TextLine ID="eSc_line_c0ab40f1"
                    TAGREFS="LT8"
                    BASELINE="559 1285 1800 1285" 
                    HPOS="559"
                    VPOS="1245"
                    WIDTH="1241"
                    HEIGHT="78">
            <Shape><Polygon POINTS="559 1285 559 1301 692 1303 716 1322 718 1322 720 1322 721 1322 723 1322 767 1304 877 1322 879 1322 880 1322 882 1322 907 1306 980 1313 982 1313 984 1313 1015 1301 1041 1322 1043 1322 1045 1322 1046 1323 1277 1323 1277 1322 1279 1322 1281 1322 1302 1306 1393 1322 1394 1322 1396 1322 1398 1322 1421 1301 1436 1301 1443 1301 1449 1301 1546 1310 1548 1310 1800 1299 1800 1285 1798 1257 1541 1259 1513 1254 1473 1245 1471 1245 1469 1245 1452 1254 1440 1261 1317 1261 1289 1252 1268 1245 1267 1245 1265 1245 1234 1250 1190 1259 1143 1250 1115 1245 1113 1245 1111 1245 1109 1245 1104 1250 1092 1257 1017 1259 978 1248 971 1247 970 1247 968 1247 952 1248 905 1254 844 1247 821 1245 819 1245 818 1245 814 1247 791 1257 777 1247 776 1247 774 1247 772 1247 770 1247 769 1247 753 1261 657 1261 625 1245 624 1245 559 1245 559 1285"/></Shape>
            <String CONTENT="23. ans, charpentier de sa proffession, sans aucune"
                    HPOS="559"
                    VPOS="1245"
                    WIDTH="1241"
                    HEIGHT="78"
                    ></String>
          </TextLine>
          <TextLine ID="eSc_line_42d0571a"
                    TAGREFS="LT8"
                    BASELINE="550 1344 1073 1355 1742 1351" 
                    HPOS="548"
                    VPOS="1304"
                    WIDTH="1194"
                    HEIGHT="77">
            <Shape><Polygon POINTS="550 1344 548 1358 599 1371 601 1371 679 1362 714 1376 716 1376 718 1378 825 1378 825 1376 826 1376 861 1360 863 1360 898 1371 900 1371 901 1371 940 1367 954 1378 956 1378 957 1378 959 1378 961 1378 1012 1362 1046 1376 1048 1376 1050 1376 1052 1376 1073 1365 1095 1378 1097 1378 1099 1378 1221 1369 1344 1378 1345 1378 1398 1367 1454 1379 1456 1381 1504 1381 1504 1379 1506 1379 1508 1379 1531 1364 1564 1374 1566 1374 1567 1374 1740 1362 1742 1351 1737 1323 1681 1327 1669 1322 1636 1308 1634 1308 1632 1308 1630 1308 1592 1322 1574 1327 1508 1323 1504 1320 1490 1308 1489 1308 1487 1308 1398 1308 1396 1308 1394 1308 1373 1318 1372 1320 1370 1318 1354 1308 1352 1308 1351 1308 1349 1308 1347 1308 1317 1318 1300 1325 1289 1318 1281 1311 1279 1311 1277 1311 1275 1311 1274 1311 1261 1318 1246 1327 1157 1327 1139 1316 1125 1310 1123 1310 1122 1310 1120 1310 1101 1316 1074 1325 1048 1315 1024 1306 1022 1306 1020 1306 1019 1306 999 1315 992 1318 985 1315 971 1310 970 1310 968 1310 929 1315 863 1323 821 1322 812 1313 802 1304 800 1304 798 1304 797 1304 795 1304 767 1313 728 1323 625 1320 615 1311 608 1304 606 1304 604 1304 603 1304 550 1310 550 1344"/></Shape>
            <String CONTENT="demeure fine, natif de namur en flandres dit"
                    HPOS="548"
                    VPOS="1304"
                    WIDTH="1194"
                    HEIGHT="77"
                    ></String>
          </TextLine>
          <TextLine ID="eSc_line_18bf61f1"
                    TAGREFS="LT8"
                    BASELINE="545 1414 1789 1421" 
                    HPOS="543"
                    VPOS="1367"
                    WIDTH="1246"
                    HEIGHT="89">
            <Shape><Polygon POINTS="545 1414 543 1447 583 1449 585 1449 587 1449 589 1449 589 1447 617 1427 644 1437 646 1437 648 1437 709 1427 804 1437 805 1437 854 1427 886 1439 887 1439 889 1439 1134 1432 1157 1444 1172 1453 1174 1453 1176 1454 1254 1454 1254 1453 1256 1453 1258 1453 1270 1444 1281 1437 1340 1432 1405 1442 1407 1442 1408 1442 1410 1442 1450 1432 1473 1442 1497 1454 1499 1454 1501 1456 1632 1456 1632 1454 1634 1454 1636 1454 1653 1441 1662 1435 1726 1435 1737 1441 1758 1454 1760 1454 1761 1454 1763 1454 1765 1454 1788 1441 1789 1421 1789 1376 1765 1369 1763 1369 1761 1369 1760 1369 1730 1378 1691 1388 1679 1378 1669 1369 1667 1369 1665 1369 1664 1369 1539 1378 1538 1378 1525 1369 1524 1369 1522 1369 1319 1367 1317 1367 1316 1367 1291 1379 1275 1386 1249 1379 1220 1371 1218 1371 1216 1371 1214 1371 1213 1371 1202 1379 1193 1388 1169 1388 1151 1379 1120 1367 1118 1367 1116 1367 1115 1367 1113 1367 1095 1379 1094 1381 1088 1379 1071 1374 1069 1374 1067 1374 1066 1374 1052 1379 1041 1386 858 1386 838 1381 802 1372 800 1372 798 1372 769 1381 765 1383 545 1383 545 1414"/></Shape>
            <String CONTENT="presentement estre natif de Geneve paroisse S^t Gervais."
                    HPOS="543"
                    VPOS="1367"
                    WIDTH="1246"
                    HEIGHT="89"
                    ></String>
          </TextLine>
          <TextLine ID="eSc_line_9a744626"
                    TAGREFS="LT8"
                    BASELINE="552 1510 1616 1516" 
                    HPOS="550"
                    VPOS="1453"
                    WIDTH="1066"
                    HEIGHT="106">
            <Shape><Polygon POINTS="552 1510 550 1554 603 1556 604 1556 606 1556 608 1556 611 1554 644 1530 695 1528 723 1551 730 1556 732 1556 734 1556 735 1558 856 1558 856 1556 858 1556 859 1556 872 1545 900 1526 922 1545 936 1558 938 1558 940 1558 942 1558 1006 1542 1060 1530 1193 1537 1200 1537 1202 1537 1204 1537 1221 1528 1230 1537 1253 1556 1253 1558 1254 1558 1256 1558 1282 1559 1284 1559 1286 1559 1288 1559 1324 1533 1326 1531 1615 1524 1616 1516 1613 1461 1541 1470 1539 1470 1538 1470 1538 1472 1522 1486 1414 1486 1389 1465 1386 1461 1384 1461 1382 1461 1380 1461 1354 1465 1344 1467 1342 1465 1333 1458 1333 1456 1331 1456 1330 1456 1265 1456 1263 1456 1261 1456 1260 1456 1248 1467 1227 1484 1174 1484 1158 1470 1158 1468 1157 1468 1155 1468 1153 1468 1151 1468 1150 1468 1136 1479 1123 1470 1111 1461 1109 1461 1108 1461 1106 1461 1104 1461 1102 1461 1094 1470 1078 1484 984 1484 971 1472 957 1460 956 1460 954 1460 952 1460 950 1460 949 1460 936 1470 910 1453 908 1453 907 1453 905 1453 903 1453 901 1453 875 1474 868 1481 854 1474 847 1472 845 1472 844 1472 842 1472 835 1475 821 1481 805 1475 751 1456 749 1456 748 1456 700 1463 683 1453 681 1453 679 1453 615 1453 613 1453 611 1453 610 1453 610 1454 583 1479 582 1481 552 1481 552 1510"/></Shape>
            <String CONTENT="Interrogé s&#x27;il à pere et mere et sil est marié."
                    HPOS="550"
                    VPOS="1453"
                    WIDTH="1066"
                    HEIGHT="106"
                    ></String>
          </TextLine>
          <TextLine ID="eSc_line_398b1020"
                    TAGREFS="LT8"
                    BASELINE="531 1601 1573 1598 1777 1587" 
                    HPOS="529"
                    VPOS="1547"
                    WIDTH="1248"
                    HEIGHT="86">
            <Shape><Polygon POINTS="531 1601 531 1613 685 1631 686 1633 812 1633 812 1631 814 1631 877 1612 880 1612 884 1612 924 1626 926 1626 928 1626 929 1626 931 1626 940 1617 973 1626 975 1626 977 1626 1071 1617 1094 1626 1095 1626 1097 1626 1099 1626 1139 1615 1207 1629 1209 1629 1261 1627 1263 1627 1296 1610 1298 1610 1321 1610 1459 1613 1496 1627 1497 1627 1499 1627 1501 1627 1576 1608 1580 1608 1583 1608 1637 1620 1639 1620 1641 1620 1665 1608 1667 1608 1777 1608 1777 1587 1772 1547 1667 1558 1665 1558 1664 1558 1648 1570 1553 1559 1552 1559 1398 1573 1358 1558 1356 1558 1354 1558 1352 1558 1351 1558 1328 1573 1312 1563 1310 1563 1309 1563 1307 1563 1305 1563 1303 1563 1286 1573 1239 1563 1237 1563 1235 1563 1204 1575 1171 1566 1169 1566 1167 1566 1113 1575 1083 1554 1080 1551 1078 1551 1076 1551 1074 1551 1073 1551 1066 1554 1034 1572 978 1575 838 1563 837 1563 835 1563 833 1563 811 1577 734 1558 709 1552 707 1552 706 1552 693 1558 683 1563 672 1559 657 1552 655 1552 653 1552 529 1559 531 1601"/></Shape>
            <String CONTENT="a dit quil à pere et mere, qui demeurent audit"
                    HPOS="529"
                    VPOS="1547"
                    WIDTH="1248"
                    HEIGHT="86"
                    ></String>
          </TextLine>
          <TextLine ID="eSc_line_066f0f5a"
                    TAGREFS="LT8"
                    BASELINE="545 1680 1574 1669" 
                    HPOS="543"
                    VPOS="1622"
                    WIDTH="1031"
                    HEIGHT="89">
            <Shape><Polygon POINTS="545 1680 545 1711 582 1711 583 1711 585 1711 611 1694 693 1706 695 1706 697 1706 753 1689 786 1706 790 1708 791 1708 793 1708 795 1708 800 1706 823 1694 837 1701 838 1701 840 1701 921 1692 943 1701 961 1708 963 1708 964 1709 1033 1709 1033 1708 1034 1708 1071 1697 1106 1687 1139 1687 1148 1694 1164 1706 1165 1706 1167 1706 1169 1708 1230 1708 1230 1706 1232 1706 1234 1706 1234 1704 1248 1692 1275 1696 1277 1696 1279 1696 1281 1696 1289 1690 1298 1685 1347 1689 1440 1694 1442 1694 1443 1694 1445 1694 1457 1685 1457 1683 1508 1682 1511 1683 1522 1690 1524 1690 1525 1690 1527 1690 1573 1680 1574 1669 1573 1643 1552 1624 1552 1622 1550 1622 1548 1622 1510 1622 1508 1622 1459 1629 1457 1629 1456 1629 1456 1631 1443 1643 1368 1643 1349 1627 1349 1626 1347 1626 1345 1626 1344 1626 1342 1626 1340 1626 1321 1641 1284 1627 1282 1627 1281 1627 1279 1627 1277 1627 1256 1645 1216 1645 1176 1627 1174 1627 1172 1627 1171 1627 1127 1645 1057 1634 1055 1634 1053 1634 1013 1647 938 1634 936 1634 886 1647 868 1631 868 1629 866 1629 865 1629 797 1629 795 1629 793 1629 791 1629 777 1640 749 1629 748 1629 746 1629 744 1629 704 1650 702 1652 679 1652 664 1652 641 1631 639 1631 637 1631 576 1631 575 1631 573 1631 571 1631 543 1647 545 1680"/></Shape>
            <String CONTENT="Geneve, le Cabaretier, qu&#x27;il n&#x27;est point marié."
                    HPOS="543"
                    VPOS="1622"
                    WIDTH="1031"
                    HEIGHT="89"
                    ></String>
          </TextLine>
          <TextLine ID="eSc_line_f8096894"
                    TAGREFS="LT8"
                    BASELINE="592 1771 1700 1764" 
                    HPOS="590"
                    VPOS="1715"
                    WIDTH="1110"
                    HEIGHT="91">
            <Shape><Polygon POINTS="592 1771 592 1806 625 1804 627 1804 629 1804 657 1781 749 1786 767 1802 769 1804 770 1804 772 1804 774 1806 842 1806 842 1804 844 1804 845 1804 852 1799 882 1779 907 1797 912 1802 914 1802 915 1802 917 1804 980 1804 980 1802 982 1802 984 1802 994 1795 1013 1783 1104 1790 1106 1790 1169 1778 1223 1788 1281 1800 1282 1800 1284 1800 1286 1800 1303 1786 1307 1785 1316 1786 1342 1790 1344 1790 1345 1790 1347 1790 1347 1788 1352 1785 1361 1778 1408 1783 1480 1792 1482 1792 1483 1792 1520 1779 1531 1778 1546 1779 1616 1788 1618 1788 1698 1774 1700 1764 1695 1715 1527 1736 1499 1722 1497 1722 1496 1722 1445 1723 1443 1723 1410 1737 1326 1727 1324 1727 1323 1727 1321 1727 1321 1729 1310 1739 1249 1739 1234 1727 1221 1716 1220 1716 1218 1716 1216 1716 1214 1716 1213 1716 1197 1729 1183 1737 1158 1729 1129 1720 1127 1720 1125 1720 1123 1720 1090 1730 1066 1739 1046 1732 1005 1718 1003 1718 1001 1718 999 1718 968 1734 963 1737 942 1736 900 1730 898 1730 896 1730 877 1737 865 1741 830 1739 615 1720 613 1720 611 1720 610 1720 610 1722 590 1739 592 1771"/></Shape>
            <String CONTENT="Interrogé ou il alloit Lorsqu&#x27;il a été arreté."
                    HPOS="590"
                    VPOS="1715"
                    WIDTH="1110"
                    HEIGHT="91"
                    ></String>
          </TextLine>
          <TextLine ID="eSc_line_dac5b444"
                    TAGREFS="LT8"
                    BASELINE="534 1872 1005 1870 1786 1851" 
                    HPOS="533"
                    VPOS="1813"
                    WIDTH="1253"
                    HEIGHT="97">
            <Shape><Polygon POINTS="534 1872 534 1886 569 1886 571 1886 592 1903 594 1903 596 1903 597 1903 599 1903 639 1884 641 1884 653 1884 695 1888 725 1910 727 1910 728 1910 730 1910 732 1910 842 1881 845 1881 847 1881 931 1898 933 1898 935 1898 936 1898 954 1886 1094 1891 1095 1891 1097 1891 1099 1891 1116 1879 1162 1903 1164 1903 1165 1903 1358 1900 1359 1900 1361 1900 1361 1898 1387 1875 1422 1898 1424 1898 1426 1898 1428 1898 1429 1898 1476 1872 1510 1896 1511 1896 1513 1896 1515 1896 1517 1896 1562 1874 1587 1881 1588 1881 1590 1881 1693 1865 1711 1877 1712 1877 1714 1877 1716 1877 1718 1877 1719 1877 1719 1875 1733 1863 1784 1863 1786 1851 1782 1820 1742 1813 1740 1813 1698 1820 1665 1827 1643 1821 1627 1818 1625 1818 1623 1818 1601 1821 1573 1828 1546 1823 1520 1818 1518 1818 1517 1818 1494 1825 1478 1828 1468 1825 1445 1814 1443 1814 1442 1814 1387 1827 1351 1834 1227 1828 1157 1827 1155 1827 1153 1827 1143 1830 1125 1837 1108 1832 1080 1821 1078 1821 1076 1821 1074 1821 1048 1832 1031 1839 943 1834 896 1832 894 1832 877 1835 845 1842 832 1835 811 1827 809 1827 807 1827 805 1827 804 1827 788 1837 781 1840 762 1837 711 1828 709 1828 596 1832 594 1832 592 1832 582 1840 571 1847 533 1842 534 1872"/></Shape>
            <String CONTENT="A dit qu&#x27;il alloits a Versailles poir y chercher der"
                    HPOS="533"
                    VPOS="1813"
                    WIDTH="1253"
                    HEIGHT="97"
                    ></String>
          </TextLine>
          <TextLine ID="eSc_line_b6bacf52"
                    TAGREFS="LT8"
                    BASELINE="547 1947 805 1942" 
                    HPOS="545"
                    VPOS="1896"
                    WIDTH="260"
                    HEIGHT="79">
            <Shape><Polygon POINTS="547 1947 547 1959 667 1959 714 1975 716 1975 718 1975 720 1975 805 1949 805 1942 797 1910 788 1919 700 1919 686 1916 632 1896 630 1896 629 1896 627 1896 545 1921 547 1947"/></Shape>
            <String CONTENT="Louvrage."
                    HPOS="545"
                    VPOS="1896"
                    WIDTH="260"
                    HEIGHT="79"
                    ></String>
          </TextLine>
          <TextLine ID="eSc_line_c496bc82"
                    TAGREFS="LT8"
                    BASELINE="596 2022 1812 2005" 
                    HPOS="594"
                    VPOS="1958"
                    WIDTH="1218"
                    HEIGHT="96">
            <Shape><Polygon POINTS="596 2022 597 2054 639 2036 650 2047 651 2047 653 2047 655 2047 711 2036 739 2050 742 2052 744 2052 746 2054 819 2054 819 2052 821 2052 823 2052 826 2048 847 2031 926 2045 957 2050 959 2050 961 2050 963 2050 970 2043 987 2031 1057 2027 1146 2027 1160 2040 1164 2041 1164 2043 1165 2043 1167 2043 1200 2047 1202 2047 1249 2045 1251 2045 1253 2045 1263 2036 1272 2029 1298 2034 1321 2040 1323 2040 1324 2040 1326 2040 1326 2038 1331 2034 1335 2029 1345 2034 1351 2036 1352 2036 1354 2036 1391 2033 1483 2022 1497 2029 1506 2034 1508 2034 1510 2034 1538 2029 1567 2022 1576 2027 1595 2040 1597 2040 1599 2040 1601 2040 1602 2040 1627 2026 1632 2024 1639 2026 1679 2040 1681 2040 1683 2040 1684 2040 1718 2024 1726 2020 1809 2020 1812 2005 1809 1968 1690 1958 1688 1958 1625 1968 1583 1963 1581 1963 1580 1963 1578 1963 1567 1971 1562 1975 1545 1971 1497 1965 1496 1965 1454 1973 1440 1977 1438 1975 1424 1963 1422 1963 1421 1963 1393 1963 1391 1963 1389 1963 1387 1963 1370 1975 1368 1977 1363 1975 1333 1968 1331 1968 1330 1968 1328 1968 1326 1968 1314 1977 1312 1978 1310 1977 1295 1965 1293 1965 1291 1965 1235 1965 1234 1965 1232 1965 1178 1978 1171 1980 1164 1980 1109 1971 1108 1971 1106 1971 1076 1982 1071 1982 1066 1982 1031 1975 1029 1975 961 1984 952 1985 901 1985 863 1985 835 1971 833 1971 832 1971 627 1973 625 1973 594 1987 596 2022"/></Shape>
            <String CONTENT="Interrogé de quel endroit Il venait avant sa capture."
                    HPOS="594"
                    VPOS="1958"
                    WIDTH="1218"
                    HEIGHT="96"
                    ></String>
          </TextLine>
          <TextLine ID="eSc_line_374c4b34"
                    TAGREFS="LT8"
                    BASELINE="541 2097 1807 2094" 
                    HPOS="540"
                    VPOS="2054"
                    WIDTH="1267"
                    HEIGHT="75">
            <Shape><Polygon POINTS="541 2097 541 2111 692 2111 718 2129 720 2129 721 2129 723 2129 837 2115 866 2123 868 2123 870 2123 872 2123 873 2123 889 2113 907 2122 908 2122 910 2122 1076 2116 1171 2129 1172 2129 1174 2129 1214 2115 1248 2127 1249 2127 1251 2129 1324 2129 1324 2127 1326 2127 1328 2127 1345 2113 1471 2127 1473 2127 1475 2127 1501 2113 1590 2109 1608 2122 1609 2122 1611 2122 1613 2122 1807 2106 1807 2094 1803 2071 1683 2071 1683 2069 1648 2055 1646 2055 1644 2055 1643 2055 1615 2064 1601 2054 1599 2054 1597 2054 1595 2054 1594 2054 1566 2064 1520 2055 1518 2055 1517 2055 1473 2069 1469 2069 1464 2069 1394 2057 1393 2057 1391 2057 1361 2069 1358 2071 1239 2071 1230 2068 1178 2057 1176 2057 1174 2057 1172 2057 1158 2068 1158 2069 1157 2068 1139 2054 1137 2054 1136 2054 1078 2054 1076 2054 1074 2054 1048 2068 1041 2071 1027 2068 1003 2061 1001 2061 999 2061 998 2061 996 2061 989 2068 982 2073 935 2073 928 2068 912 2054 910 2054 908 2054 907 2054 905 2054 875 2068 865 2071 856 2068 825 2054 823 2054 821 2054 819 2054 786 2066 774 2071 755 2066 700 2054 699 2054 697 2054 672 2066 646 2054 644 2054 564 2054 562 2054 561 2054 540 2062 541 2097"/></Shape>
            <String CONTENT="A dit qu&#x27;il venoit D&#x27;etampe, ayant quitté une"
                    HPOS="540"
                    VPOS="2054"
                    WIDTH="1267"
                    HEIGHT="75"
                    ></String>
          </TextLine>
          <TextLine ID="eSc_line_e279270a"
                    TAGREFS="LT8"
                    BASELINE="557 2179 1802 2171" 
                    HPOS="555"
                    VPOS="2125"
                    WIDTH="1247"
                    HEIGHT="88">
            <Shape><Polygon POINTS="557 2179 557 2197 772 2197 802 2211 804 2211 805 2213 854 2213 854 2211 856 2211 894 2195 901 2192 910 2193 949 2206 950 2206 952 2206 1010 2193 1012 2193 1036 2211 1038 2211 1040 2211 1041 2211 1120 2193 1158 2207 1160 2207 1291 2209 1293 2209 1349 2206 1351 2206 1352 2206 1377 2190 1380 2188 1389 2190 1436 2199 1438 2199 1497 2188 1501 2188 1503 2188 1511 2197 1513 2197 1515 2197 1517 2197 1518 2197 1550 2188 1557 2186 1658 2186 1690 2186 1709 2197 1711 2197 1712 2197 1800 2185 1802 2171 1798 2144 1775 2144 1775 2143 1754 2125 1753 2125 1751 2125 1749 2125 1690 2134 1648 2125 1646 2125 1644 2125 1594 2143 1592 2143 1588 2143 1490 2127 1489 2127 1487 2127 1485 2127 1468 2143 1464 2146 1428 2146 1422 2143 1401 2127 1400 2127 1398 2127 1396 2127 1394 2127 1359 2141 1351 2146 1300 2146 1181 2146 1172 2141 1148 2129 1146 2129 1144 2129 1087 2141 1052 2148 1017 2141 971 2130 970 2130 968 2130 942 2139 936 2141 931 2139 894 2130 893 2130 891 2130 889 2130 868 2139 849 2148 828 2139 821 2137 819 2137 818 2137 816 2137 814 2137 812 2139 800 2150 781 2139 765 2132 763 2132 762 2132 760 2132 746 2139 727 2150 555 2139 557 2179"/></Shape>
            <String CONTENT="recrüe dont il étoit, s&#x27;étant engagé a Paris Le 14."
                    HPOS="555"
                    VPOS="2125"
                    WIDTH="1247"
                    HEIGHT="88"
                    ></String>
          </TextLine>
          <TextLine ID="eSc_line_c38cc885"
                    TAGREFS="LT8"
                    BASELINE="559 2247 947 2261 1809 2247" 
                    HPOS="557"
                    VPOS="2209"
                    WIDTH="1252"
                    HEIGHT="86">
            <Shape><Polygon POINTS="559 2247 559 2268 721 2268 753 2286 755 2286 756 2286 758 2286 760 2286 762 2286 783 2270 856 2275 858 2275 859 2275 884 2265 886 2265 887 2265 980 2289 982 2289 984 2289 985 2289 1029 2277 1092 2293 1094 2293 1095 2295 1258 2295 1258 2293 1260 2293 1293 2279 1335 2284 1337 2284 1338 2284 1368 2275 1464 2291 1466 2291 1468 2291 1469 2291 1504 2267 1529 2275 1531 2275 1532 2275 1592 2263 1618 2272 1620 2272 1622 2272 1623 2272 1660 2261 1677 2272 1679 2272 1681 2272 1683 2272 1684 2272 1712 2260 1807 2260 1809 2247 1803 2223 1623 2223 1620 2221 1601 2213 1599 2213 1597 2213 1595 2213 1564 2221 1559 2223 1555 2221 1529 2209 1527 2209 1525 2209 1524 2209 1496 2220 1468 2211 1466 2211 1464 2211 1462 2211 1461 2211 1447 2221 1440 2225 1382 2221 1330 2218 1328 2218 1298 2221 1251 2227 1241 2221 1230 2213 1228 2213 1227 2213 1225 2213 1223 2213 1199 2221 1179 2227 1136 2220 1104 2216 1102 2216 1101 2216 1099 2216 1095 2220 1087 2227 1050 2220 1033 2218 1031 2218 1029 2218 1022 2220 1005 2227 998 2220 991 2214 989 2214 987 2214 891 2214 889 2214 887 2214 877 2220 861 2228 830 2220 818 2216 816 2216 814 2216 812 2216 811 2216 807 2220 790 2230 760 2220 751 2216 749 2216 748 2216 723 2220 660 2228 630 2220 620 2216 618 2216 617 2216 557 2218 559 2247"/></Shape>
            <String CONTENT="de ce mois, au S^r Labarthe sergent des Colonnies"
                    HPOS="557"
                    VPOS="2209"
                    WIDTH="1252"
                    HEIGHT="86"
                    ></String>
          </TextLine>
          <TextLine ID="eSc_line_c9f2a89c"
                    TAGREFS="LT8"
                    BASELINE="550 2340 1289 2340 1735 2328" 
                    HPOS="548"
                    VPOS="2282"
                    WIDTH="1187"
                    HEIGHT="102">
            <Shape><Polygon POINTS="550 2340 550 2384 604 2384 604 2382 606 2382 608 2382 608 2380 636 2356 658 2354 695 2378 697 2378 699 2378 700 2378 702 2378 704 2378 704 2377 725 2361 742 2366 744 2366 746 2366 748 2366 790 2349 845 2373 865 2380 866 2380 868 2380 870 2380 872 2380 882 2371 898 2358 929 2354 961 2368 963 2368 964 2368 1041 2351 1108 2364 1132 2368 1134 2368 1136 2368 1155 2363 1172 2358 1186 2361 1218 2370 1220 2370 1221 2370 1223 2370 1225 2370 1241 2359 1275 2377 1277 2377 1279 2378 1366 2378 1366 2377 1368 2377 1370 2377 1370 2375 1387 2359 1419 2354 1461 2345 1478 2351 1538 2375 1539 2375 1541 2375 1543 2375 1545 2375 1585 2347 1588 2345 1601 2347 1637 2354 1639 2354 1735 2342 1735 2328 1733 2303 1700 2288 1698 2288 1697 2288 1695 2288 1658 2303 1651 2307 1648 2303 1625 2284 1625 2282 1623 2282 1622 2282 1503 2282 1501 2282 1499 2282 1497 2282 1469 2305 1462 2310 1359 2305 1293 2303 1291 2303 1265 2307 1227 2312 1220 2307 1200 2293 1199 2293 1197 2293 1172 2293 1171 2293 1169 2293 1167 2293 1167 2295 1151 2307 1148 2312 1139 2307 1115 2296 1113 2296 1111 2296 1109 2296 1108 2296 1094 2309 1092 2310 1081 2309 1064 2303 1062 2303 1060 2303 1059 2303 1040 2309 1026 2312 1019 2309 1005 2302 1003 2302 1001 2302 947 2309 908 2314 900 2309 859 2288 858 2288 856 2288 854 2288 852 2288 819 2310 818 2310 812 2310 748 2296 746 2296 744 2296 742 2296 723 2310 720 2314 716 2310 688 2289 686 2289 685 2289 601 2289 599 2289 597 2289 548 2310 550 2340"/></Shape>
            <String CONTENT="françoises Logé rüe de la Vannerie près la Greve."
                    HPOS="548"
                    VPOS="2282"
                    WIDTH="1187"
                    HEIGHT="102"
                    ></String>
          </TextLine>
          <TextLine ID="eSc_line_1d726962"
                    TAGREFS="LT8"
                    BASELINE="597 2438 1721 2427" 
                    HPOS="596"
                    VPOS="2370"
                    WIDTH="1125"
                    HEIGHT="119">
            <Shape><Polygon POINTS="597 2438 601 2489 646 2452 713 2461 714 2461 716 2461 737 2454 770 2482 777 2487 779 2487 781 2487 783 2487 816 2485 818 2485 819 2485 819 2483 826 2478 856 2450 879 2450 952 2461 954 2461 956 2461 978 2448 1006 2471 1020 2483 1022 2483 1024 2483 1026 2485 1150 2485 1150 2483 1192 2482 1193 2482 1195 2482 1218 2462 1241 2447 1281 2452 1288 2461 1298 2468 1298 2469 1300 2469 1302 2469 1303 2469 1305 2469 1307 2469 1319 2459 1331 2448 1368 2447 1380 2455 1410 2480 1412 2480 1414 2480 1415 2482 1452 2482 1452 2480 1454 2480 1456 2480 1492 2452 1494 2450 1524 2450 1562 2450 1594 2476 1595 2476 1597 2476 1599 2476 1601 2476 1602 2476 1646 2445 1648 2443 1719 2441 1721 2427 1718 2399 1609 2378 1608 2378 1606 2378 1571 2394 1518 2370 1517 2370 1515 2370 1513 2370 1511 2370 1487 2389 1469 2375 1468 2375 1466 2375 1464 2375 1462 2375 1419 2399 1417 2399 1375 2382 1373 2382 1372 2382 1370 2382 1338 2399 1331 2403 1274 2403 1268 2399 1230 2378 1228 2378 1227 2378 1225 2378 1223 2378 1199 2399 1195 2403 1059 2403 1052 2399 1003 2373 1001 2373 999 2373 956 2375 954 2375 952 2375 915 2399 905 2406 879 2406 870 2399 837 2377 835 2377 833 2377 832 2377 749 2385 741 2378 741 2377 739 2377 737 2377 624 2377 622 2377 620 2377 618 2377 596 2394 597 2438"/></Shape>
            <String CONTENT="Interrogé Pourquoy il a quitté La troupe."
                    HPOS="596"
                    VPOS="2370"
                    WIDTH="1125"
                    HEIGHT="119"
                    ></String>
          </TextLine>
          <TextLine ID="eSc_line_fb019fec"
                    TAGREFS="LT8"
                    BASELINE="540 2530 1788 2520" 
                    HPOS="538"
                    VPOS="2473"
                    WIDTH="1250"
                    HEIGHT="101">
            <Shape><Polygon POINTS="540 2530 543 2551 559 2541 590 2551 599 2553 601 2553 603 2553 630 2550 650 2548 658 2550 742 2574 744 2574 746 2574 748 2574 830 2548 840 2544 847 2548 898 2572 900 2572 901 2574 949 2574 949 2572 950 2572 952 2572 952 2571 966 2557 991 2571 992 2571 994 2572 1041 2572 1041 2571 1043 2571 1120 2544 1139 2537 1158 2543 1186 2551 1188 2551 1190 2551 1192 2551 1211 2543 1221 2537 1237 2543 1265 2550 1267 2550 1268 2550 1270 2550 1291 2543 1323 2569 1324 2569 1326 2569 1328 2571 1370 2571 1370 2569 1436 2567 1438 2567 1440 2567 1475 2543 1522 2537 1786 2534 1788 2520 1782 2490 1665 2492 1660 2489 1644 2476 1643 2476 1641 2476 1601 2473 1599 2473 1597 2473 1562 2489 1545 2495 1456 2489 1414 2485 1412 2485 1410 2485 1401 2489 1386 2494 1373 2489 1368 2485 1366 2485 1365 2485 1363 2485 1356 2487 1330 2499 1246 2499 1230 2487 1213 2475 1211 2475 1209 2475 1207 2475 1206 2475 1181 2487 1157 2499 1125 2489 1123 2489 1122 2489 1053 2499 1036 2487 1024 2476 1022 2476 1020 2476 1019 2476 914 2478 880 2485 818 2501 688 2485 643 2480 641 2480 538 2483 540 2530"/></Shape>
            <String CONTENT="a Dit que le d^t sergent luy avoit promis"
                    HPOS="538"
                    VPOS="2473"
                    WIDTH="1250"
                    HEIGHT="101"
                    ></String>
          </TextLine>
          <TextLine ID="eSc_line_b04cc0cd"
                    TAGREFS="LT8"
                    BASELINE="559 2620 1788 2607" 
                    HPOS="557"
                    VPOS="2567"
                    WIDTH="1231"
                    HEIGHT="82">
            <Shape><Polygon POINTS="559 2620 559 2628 578 2639 580 2639 582 2639 765 2632 790 2647 791 2647 793 2647 795 2649 863 2649 863 2647 865 2647 891 2635 1015 2646 1017 2646 1019 2646 1020 2646 1043 2626 1055 2637 1057 2637 1059 2637 1060 2637 1141 2630 1160 2644 1162 2644 1164 2644 1165 2646 1234 2646 1234 2644 1333 2628 1415 2633 1417 2633 1419 2633 1421 2633 1435 2625 1442 2621 1503 2621 1508 2623 1531 2637 1532 2637 1534 2637 1536 2637 1616 2623 1629 2621 1639 2623 1698 2635 1700 2635 1702 2635 1704 2635 1723 2623 1730 2620 1786 2621 1788 2607 1784 2586 1665 2567 1664 2567 1662 2567 1627 2581 1564 2569 1562 2569 1560 2569 1531 2583 1475 2586 1431 2590 1368 2590 1363 2586 1340 2571 1338 2571 1337 2571 1260 2571 1258 2571 1256 2571 1254 2571 1235 2586 1230 2590 1209 2586 1167 2579 1165 2579 1164 2579 1137 2586 1123 2590 1062 2586 994 2583 992 2583 928 2586 828 2593 819 2586 805 2576 804 2576 802 2576 800 2576 798 2576 772 2586 765 2590 755 2586 734 2581 732 2581 730 2581 728 2581 704 2586 672 2595 650 2586 622 2578 620 2578 618 2578 557 2586 559 2620"/></Shape>
            <String CONTENT="12^lt mais que ne luy ayant pas donné, cela la"
                    HPOS="557"
                    VPOS="2567"
                    WIDTH="1231"
                    HEIGHT="82"
                    ></String>
          </TextLine>
          <TextLine ID="eSc_line_914cd510"
                    TAGREFS="LT8"
                    BASELINE="552 2695 1772 2695" 
                    HPOS="552"
                    VPOS="2653"
                    WIDTH="1220"
                    HEIGHT="77">
            <Shape><Polygon POINTS="552 2695 552 2716 589 2726 590 2726 592 2726 594 2726 634 2716 651 2712 678 2716 749 2726 751 2726 804 2716 811 2714 814 2716 828 2728 830 2728 832 2728 833 2730 879 2730 879 2728 989 2716 1043 2728 1045 2728 1046 2728 1048 2728 1060 2717 1298 2724 1300 2724 1302 2724 1321 2716 1426 2728 1428 2728 1429 2728 1464 2712 1466 2712 1496 2728 1497 2728 1499 2730 1567 2730 1567 2728 1569 2728 1606 2712 1772 2712 1772 2695 1772 2672 1723 2660 1721 2660 1650 2670 1588 2653 1587 2653 1585 2653 1583 2653 1581 2653 1559 2668 1456 2670 1419 2653 1417 2653 1363 2653 1361 2653 1359 2653 1358 2653 1337 2670 1296 2661 1295 2661 1293 2661 1291 2661 1275 2672 1181 2672 1169 2661 1167 2661 1165 2661 1164 2661 1106 2670 1085 2653 1083 2653 1081 2653 1017 2653 1015 2653 1013 2653 957 2670 931 2653 929 2653 928 2653 926 2653 924 2653 922 2653 903 2670 770 2670 617 2653 615 2653 613 2653 552 2670 552 2695"/></Shape>
            <String CONTENT="déterminé aquitter la recrüe avec cinq de ses"
                    HPOS="552"
                    VPOS="2653"
                    WIDTH="1220"
                    HEIGHT="77"
                    ></String>
          </TextLine>
          <TextLine ID="eSc_line_86fc1e73"
                    TAGREFS="LT8"
                    BASELINE="575 2773 938 2773" 
                    HPOS="575"
                    VPOS="2726"
                    WIDTH="363"
                    HEIGHT="65">
            <Shape><Polygon POINTS="575 2773 575 2791 938 2791 938 2773 936 2747 793 2749 770 2740 769 2740 767 2740 765 2740 763 2740 748 2751 697 2751 678 2737 665 2726 664 2726 662 2726 660 2726 575 2731 575 2773"/></Shape>
            <String CONTENT="Camarades"
                    HPOS="575"
                    VPOS="2726"
                    WIDTH="363"
                    HEIGHT="65"
                    ></String>
          </TextLine>
        </TextBlock>
      </PrintSpace>
    </Page>
  </Layout>
</alto>
