3232 3848
1317 463 1457 112 Conseiller du roy Lieutenant General Juge

1304 551 1455 98 sus dit en Compagnie du substitut du

1328 626 1394 111 procureur du roy et assisité du greffier

1315 701 1420 102 Commis, sommes transporté audit

1311 780 1409 96 ambarcadaire Caron, ou etant arrivé

1319 852 1448 114 a environ onze heures Nous avons fait

1281 927 1420 124 decharger un Radeau chargé de bois

1326 996 1452 134 provenant du brigantin La nancy que nous

1304 1077 1429 132 a Vous fait Compter pietre & mesurer

1298 1184 428 96 Comme suit.

1463 1205 1319 161 Premierement Cent trente Cinq Planches

1326 1308 1292 124 qui ont produit deux mille Cent

1311 1398 907 147 Cinquante pieds anglais

1469 1481 1264 126 Item Cinq mille Cinq Cent quarante

1309 1539 1439 143 mecrivain et trente Botte de feuillard de

1302 1616 1455 145 trois mille essentes qui sont tous Le

1298 1703 1484 135 Bois provenants de La Cargaison dudit

1294 1785 1482 141 Brigantin La nancy, et nous etant en faitte

1296 1851 1476 149 transporté a bord du dit Brigantin avons

1298 1945 1463 120 trouvé Le dit le seurre huissier gardien par

1302 2020 1474 134 nous etably a bord diceluy & aprés avoir

1296 2088 1471 145 Visitté Le dit Brigantin nous n'avons

1300 2174 1431 126 trouvé ancuns bois, Mais seulement

1296 2240 1465 139 trois Boisseaux de biscuit, un Baril de

1279 2317 1461 139 Lard, un pot de beurre, trois Boisseaux de

1272 2396 1468 130 Ris neuf a dix Livres de Baudelle & douze

1272 2473 1483 128 flacons de Rhum. de toute Quoy nous avons

1274 2561 1333 130 dressé le present procés Verbal et

1272 2614 1474 148 dechargé Le dit gardien de sa garde et a

1276 2714 1414 116 dit substitut du procureur du roy signé

1272 2785 1438 126 a vu nous & Le Greffier Commis signé a

1264 2864 1480 122 Lamirautte Le seurre, Sauteyron saillaufeste de

1285 2941 1467 113 sontenelle & Barrault Denaray gl Cinq mots

1240 3035 505 107 rayés nuls ※

2027 3069 653 103 Collationné

2096 3193 573 229 Turpeau

2647 3280 174 235 GL

709 3043 533 263 Nihil

2506 3427 141 212 18
