3232 3856
1088 454 1449 147 Les paneaux et Ecoutilles du dit Brigatin

1084 526 1500 153 & l'impossibilité de trouver des hacons pour

1093 591 1470 167 debarasser le dit pont ce Jourdhuy avons

1090 685 1445 148 Renvoyé a faire proceder au dechargement

1101 745 1464 156 de la Cargaison du dit Brigantin a demain

1097 833 1438 148 huit heures du matin et attendû qu'il n'est

1101 884 1453 182 pas possible d'apposer nos scellés ⟦sur⟧ les

1095 978 1457 159 paneaux & Ecoutilles dudit Brigantin etre

1095 1053 1438 168 trop ambarassé avons etably pour Gardien

1097 1135 1483 150 dicelle Le sieur Le seurre huissier en Ce siege, Lequel

1112 1201 1459 170 Cy present a Volontairement accepté La dite

1096 1262 1479 177 Charge & promis par serment La main Levée

1086 1349 1505 165 devant nous de se bien & fidellement Comporter

1099 1431 1447 169 sous Les peines de L'ordonnance fait et

1116 1505 1436 168 redigé Le present procés Verbal a bord du

1116 1591 1462 154 dit Brigantin Les dits Jour mois & an que

1052 1685 1517 155 dessus & a Les dits sieurs Le seurre signé avec

1114 1743 1481 155 Le dit Cap^e, Le procureur du roy, nous &

1097 1818 1492 178 Le greffier Commis & le dit interprete signé

1129 1917 1468 156 a La minutte Le Seurre, Gedeon, salé Debray,

1125 2000 1455 172 Sunon, Barrere & Barrinelle Dematray. G^l.

1283 2161 1248 152 Et Le six Juin mil sept Cent

1140 2253 1449 159 soixante quatorze au soir. sur Lavis qui

1142 2343 1453 137 nous a eté donné par Le seurre huissier

1146 2414 1464 152 de Gardien etably a bord du Brigantin La

1146 2489 1483 156 nancy Le Vingt Sept de Ce mois qu'en radeau

1148 2589 1389 140 chargé de bois & planches Venoit d'etre

1148 2667 1419 132 dechargé a lambarcadaire Caron, nous

1153 2744 1326 148 charles francois antoine failleuset de

1157 2823 1444 137 soutenelle Conseiller du roy Lieutenant general

1155 2902 1457 127 de L'amirauté du port au prince en Compagnie

1150 2977 1486 135 du substitut du procureur du roy & a pisté

1159 3061 1472 137 du greffier Commis sommes transporté au

1142 3134 1462 137 dit ambarcadaire a Leffet de Compter &

1161 3224 1413 137 faire picter Les bois qui se trouveront

1746 3386 235 129 ※
