3232 3856
1041 420 1489 180 Produit trois mille Cinq Cents Vingt

1067 548 771 146 Sept pieds anglais.

1163 597 1402 157 Item Cent soixante quatorze pieces de bois

1082 674 1440 159 qui ont produit trois Mille Cinquante

1063 741 1476 180 Sept pieds francois et huit mille sept

1065 852 844 126 Cent dix pieds anglais.

1204 871 1363 172 Qui est tout Ce qui a eté dechargé dudit

1075 961 1524 155 Brigantin et a Le dit substitut du procureur

1071 1034 1507 159 du Roy signé a vu nous & Le greffier Commis

1065 1126 1532 178 signé a La minutte Le seurre Sauteyron faittesis

1028 1208 1310 156 cole Fontenelle & Barrault Denariay Gl.

1279 1334 1256 146 Et advenant Le huit Juin audit an

1108 1411 1382 148 nous Conseiller du roy Juges sous dit

1101 1510 1475 150 en compagnie du dit substitut du procureur

1073 1583 1546 162 du roy & assisté du greffier Commis, sommes

1080 1668 1517 159 transporter audit ambarcadaire, ou etant

1093 1752 1496 154 arrivé sur les Cinq heures du Soir nous

1097 1850 1474 142 avons fait debarqer Le Radeau chargé

1080 1923 1440 161 de bois provenant du Brigantin La

1108 2015 1457 172 nancy & les avons fait Compter picter

1112 2133 870 124 et mesures Comme suit,

1249 2202 1258 135 Premierement trois mille Cinq Cent

1116 2330 298 94 essenses

1185 2339 1446 165 Item deux Cents sept pieces de bois qui ont

1114 2414 1470 165 produit six mille quatre Cents trente Cinq

1110 2495 1468 137 pieds francois et onze mille huit Cent

1108 2579 1165 154 quatre vingt six pieds anglais

1245 2658 1391 148 Qui est tous Ce qui a eté dechargé du

1099 2737 1457 144 dit Brigantin et a Le dit substitut du

1118 2821 1503 130 procureur du roy signé a vu nous & Le

1118 2887 1533 165 Greffier Commis signé a La minutte Le seurre

1116 2971 1518 163 Sauteyron sailleufest des Fontenelle Le Barrault

1116 3091 523 107 Denarcay G. L.

1279 3196 1327 141 Et le neuf Juin audit an Nous

1714 3393 164 109 ※
