3200 3680
1977 173 521 184 Négrier.

646 713 288 82 ROCHEFORT

650 946 266 88 COLONIES

934 707 1515 86 EXTRAIT des Registres déposés au Bureau des Colonies en

942 768 1509 86 ce Port, des Listes des Passagers allants & revenants des Colonies.

1071 887 1366 88 EXTRAIT de la liste arrêtée à S^t Martin de L'Isle de Ré

1077 956 1339 90 le 4. fevrier 1771 des Passagers embarqués sur le Navire

1071 1020 1251 100 particulier Le Comte-De-Nolivos commandé par le S.

1046 1091 1396 77 Cadon-destinés pour

1075 1169 738 102 la Colonie de S^t Domingue:

903 1222 1562 174 "Jozeph Negrier fusilier du Dépôt des Recruës des Colonies,

913 1375 1608 125 "fils de feû Maurice Negrier, Tailleur de pierre, agé de Vingt neuf

928 1467 1591 101 "ans, natif de Chambourné en Limousin." Et en marge est apostillé

965 1561 1521 99 d'après la liste revenuë dechargée de la Colonie: "Mort le cinq Juin

932 1649 1562 107 "mil sept cent soixante-onze à Lisbonne où le navire a été forcé

944 1750 789 104 " par une voye d'eau de relâcher.

936 2406 1501 104 NOUS Commissaire ordinaire de la Marine, préposé au détail

928 2500 1505 67 des Colonies en ce Port, certifions l'Extrait ci-dessus véritable &

932 2563 1501 72 conforme aux Registres déposés au Bureau des Colonies en ce dit

926 2625 1443 73 Port, des Listes des Passagers allants & revenants des Colonies.

1001 2688 1338 86 FAIT à Rochefort le quinzième jour du mois de fevrier

924 2747 689 84 mil sept cent soixante douze

1605 2833 376 74 Claëssen

993 3052 1430 84 FRANÇOIS-AMBROISE D'AUBENTON, Chevalier,

922 3121 1498 92 Conseiller du Roi en ses Conseils, Intendant de Justice, Police &
