<?xml version="1.0" encoding="UTF-8"?>
<alto xmlns:xsi="http://www.w3.org/2001/XMLSchema-instance"
      xmlns="http://www.loc.gov/standards/alto/ns-v4#"
      xsi:schemaLocation="http://www.loc.gov/standards/alto/ns-v4# http://www.loc.gov/standards/alto/v4/alto-4-2.xsd">
  <Description>
    <MeasurementUnit>pixel</MeasurementUnit>
    <sourceImageInformation>
      <fileName>FRCAOM06_COLE_241499A_0489.jpg</fileName>
    </sourceImageInformation>
  </Description>
  <Tags>
    <OtherTag ID="QZ7" LABEL="CustomZone" DESCRIPTION="block type CustomZone"/><OtherTag ID="QZ8" LABEL="DamageZone" DESCRIPTION="block type DamageZone"/><OtherTag ID="QZ9" LABEL="DigitizationArtefactZone" DESCRIPTION="block type DigitizationArtefactZone"/><OtherTag ID="QZ10" LABEL="DropCapitalZone" DESCRIPTION="block type DropCapitalZone"/><OtherTag ID="QZ11" LABEL="GraphicZone" DESCRIPTION="block type GraphicZone"/><OtherTag ID="QZ12" LABEL="MainZone" DESCRIPTION="block type MainZone"/><OtherTag ID="QZ13" LABEL="MarginTextZone" DESCRIPTION="block type MarginTextZone"/><OtherTag ID="QZ14" LABEL="MusicZone" DESCRIPTION="block type MusicZone"/><OtherTag ID="QZ15" LABEL="NumberingZone" DESCRIPTION="block type NumberingZone"/><OtherTag ID="QZ17" LABEL="QuireMarksZone" DESCRIPTION="block type QuireMarksZone"/><OtherTag ID="QZ18" LABEL="RunningTitleZone" DESCRIPTION="block type RunningTitleZone"/><OtherTag ID="QZ19" LABEL="SealZone" DESCRIPTION="block type SealZone"/><OtherTag ID="QZ20" LABEL="StampZone" DESCRIPTION="block type StampZone"/><OtherTag ID="QZ21" LABEL="TableZone" DESCRIPTION="block type TableZone"/><OtherTag ID="QZ22" LABEL="TitlePageZone" DESCRIPTION="block type TitlePageZone"/>
    <OtherTag ID="LT7" LABEL="CustomLine" DESCRIPTION="line type CustomLine"/><OtherTag ID="LT8" LABEL="DefaultLine" DESCRIPTION="line type DefaultLine"/><OtherTag ID="LT9" LABEL="DropCapitalLine" DESCRIPTION="line type DropCapitalLine"/><OtherTag ID="LT10" LABEL="HeadingLine" DESCRIPTION="line type HeadingLine"/><OtherTag ID="LT11" LABEL="InterlinearLine" DESCRIPTION="line type InterlinearLine"/><OtherTag ID="LT12" LABEL="MusicLine" DESCRIPTION="line type MusicLine"/>
  </Tags>
  <Layout>
    <Page WIDTH="3200"
          HEIGHT="3840"
          PHYSICAL_IMG_NR="44"
          ID="eSc_dummypage_">
      <PrintSpace HPOS="0"
                  VPOS="0"
                  WIDTH="3200"
                  HEIGHT="3840">
        <TextBlock HPOS="743"
                   VPOS="300"
                   WIDTH="1721"
                   HEIGHT="3027"
                   ID="eSc_textblock_f476440f"
                   TAGREFS="QZ12">
          <Shape><Polygon POINTS="2464 3327 2464 300 743 300 743 3327"/></Shape>
          <TextLine ID="eSc_line_83ef4b36"
                    TAGREFS="LT8"
                    BASELINE="802 428 2314 384" 
                    HPOS="800"
                    VPOS="328"
                    WIDTH="1514"
                    HEIGHT="122">
            <Shape><Polygon POINTS="802 428 802 450 2314 409 2314 384 2310 328 2269 328 2267 328 2265 328 2263 328 2237 347 2178 332 2171 330 2169 330 2167 330 2150 332 2048 352 1971 339 1954 337 1952 337 1949 337 1939 339 1907 349 1853 343 1836 341 1834 341 1832 341 1830 341 1828 343 1802 360 1678 349 1657 347 1655 347 1653 347 1646 349 1612 364 1474 356 1467 356 1465 356 1463 356 1461 356 1442 371 1382 362 1380 362 1297 375 1256 364 1254 364 1252 364 1250 364 1248 364 1228 377 1205 364 1201 362 1198 362 1196 362 1194 362 1188 364 1156 379 1102 369 1100 369 1098 369 1096 369 1094 369 1075 381 1051 371 1047 369 1045 369 1043 369 1041 369 1036 371 1011 384 800 379 802 428"/></Shape>
            <String CONTENT="Finances de la Marine, &amp; des Fortifications Maritimes au Port &amp;"
                    HPOS="800"
                    VPOS="328"
                    WIDTH="1514"
                    HEIGHT="122"
                    ></String>
          </TextLine>
          <TextLine ID="eSc_line_c456cb7d"
                    TAGREFS="LT8"
                    BASELINE="802 490 1369 477" 
                    HPOS="800"
                    VPOS="430"
                    WIDTH="569"
                    HEIGHT="90">
            <Shape><Polygon POINTS="802 490 802 509 893 520 896 520 983 507 996 505 1017 505 1154 514 1156 514 1369 497 1369 477 1365 443 1299 430 1297 430 1209 443 1179 433 1177 433 1175 433 1173 433 1147 445 1113 435 1111 435 1109 435 1107 435 1079 448 808 441 806 441 804 441 802 441 802 443 800 443 802 490"/></Shape>
            <String CONTENT="Département de Rochefort."
                    HPOS="800"
                    VPOS="430"
                    WIDTH="569"
                    HEIGHT="90"
                    ></String>
          </TextLine>
          <TextLine ID="eSc_line_675c90ae"
                    TAGREFS="LT8"
                    BASELINE="821 718 2318 680" 
                    HPOS="819"
                    VPOS="622"
                    WIDTH="1499"
                    HEIGHT="120">
            <Shape><Polygon POINTS="821 718 821 729 902 742 904 742 906 742 908 742 923 729 981 738 983 738 985 738 1024 727 1038 738 1041 738 1043 738 1045 738 1169 723 1175 723 1177 723 1207 733 1209 733 1211 733 1301 731 1303 731 1305 731 1320 718 1322 718 1331 718 1401 729 1403 729 1405 729 1408 729 1422 718 1469 727 1472 727 1474 727 1476 727 1491 716 1493 714 1506 716 1565 725 1568 725 1683 712 1706 710 1728 710 1802 716 1804 716 1870 708 1905 704 1924 706 1964 714 1966 714 1969 714 1971 714 1984 706 1990 701 2318 697 2318 680 2316 642 2269 622 2267 622 2265 622 2263 622 2227 640 2208 622 2205 622 2203 622 2201 622 2199 622 2139 642 2137 642 2105 629 2103 629 2101 629 2099 629 2097 629 2075 642 2054 654 2024 642 2018 640 2016 640 2013 640 1984 642 1888 652 1843 642 1809 635 1806 635 1804 635 1802 635 1792 642 1766 659 1736 642 1725 637 1723 637 1721 637 1719 637 1717 637 1713 642 1689 661 1565 652 1563 652 1486 667 1465 650 1463 650 1461 650 1459 650 1457 650 1384 674 1324 674 1292 657 1290 657 1288 657 1222 672 1177 652 1175 652 1173 652 1171 652 1143 667 1064 667 998 663 966 644 964 644 962 644 960 644 819 644 821 718"/></Shape>
            <String CONTENT="CERTIFIONS que la signature de l&#x27;autre part est celle de"
                    HPOS="819"
                    VPOS="622"
                    WIDTH="1499"
                    HEIGHT="120"
                    ></String>
          </TextLine>
          <TextLine ID="eSc_line_9a28c872"
                    TAGREFS="LT8"
                    BASELINE="806 778 2323 738" 
                    HPOS="804"
                    VPOS="693"
                    WIDTH="1519"
                    HEIGHT="113">
            <Shape><Polygon POINTS="806 778 806 795 910 795 925 806 928 806 930 806 932 806 1147 791 1205 787 1241 789 1352 795 1354 795 1478 785 1548 778 1717 780 1830 780 1832 780 1834 780 1836 780 1836 778 1838 778 1847 770 2323 770 2323 738 2316 697 2242 704 2227 697 2214 693 2212 693 2210 693 2154 699 2075 710 2020 701 1994 699 1992 699 1966 704 1913 714 1885 706 1875 701 1873 701 1870 701 1868 701 1853 706 1826 714 1621 712 1619 712 1514 725 1446 714 1437 714 1435 714 1427 714 1352 729 1290 718 1277 716 1275 716 1262 718 1190 733 804 729 806 778"/></Shape>
            <String CONTENT="Mr. Claëssen - Commissaire ordinaire de la Marine préposé"
                    HPOS="804"
                    VPOS="693"
                    WIDTH="1519"
                    HEIGHT="113"
                    ></String>
          </TextLine>
          <TextLine ID="eSc_line_8e8e354a"
                    TAGREFS="LT8"
                    BASELINE="808 840 1346 834 2323 802" 
                    HPOS="806"
                    VPOS="755"
                    WIDTH="1517"
                    HEIGHT="109">
            <Shape><Polygon POINTS="808 840 808 864 1265 864 1265 861 1267 861 1294 851 1301 849 1318 851 1371 857 1373 857 1433 846 1454 844 1465 846 1491 855 1493 855 1495 855 1563 844 1593 840 1610 842 1644 851 1646 851 1649 851 1670 842 1674 840 1685 842 1723 849 1725 849 1952 842 1954 842 1956 842 1956 840 1962 836 1969 829 1994 834 2028 840 2030 840 2033 840 2035 840 2035 838 2041 834 2048 827 2323 827 2323 802 2321 768 2293 755 2291 755 2289 755 2180 770 2126 759 2124 759 2122 759 2120 759 2099 772 1992 763 1990 763 1915 776 1890 765 1888 765 1885 765 1883 765 1881 765 1881 768 1868 778 1809 768 1806 768 1804 768 1777 782 1672 782 1659 772 1657 772 1655 772 1653 772 1651 772 1649 772 1636 785 1339 793 1122 787 1120 787 1117 787 1115 787 1115 789 1102 800 1068 789 1066 789 1064 789 1062 789 1019 800 883 793 881 793 806 808 808 840"/></Shape>
            <String CONTENT="au détail des Colonies en ce Port, &amp; que foi doit être ajoutée à"
                    HPOS="806"
                    VPOS="755"
                    WIDTH="1517"
                    HEIGHT="109"
                    ></String>
          </TextLine>
          <TextLine ID="eSc_line_42e6b908"
                    TAGREFS="LT8"
                    BASELINE="806 904 2323 866" 
                    HPOS="804"
                    VPOS="829"
                    WIDTH="1519"
                    HEIGHT="96">
            <Shape><Polygon POINTS="806 904 806 921 1128 925 1130 925 1194 913 1201 913 1207 913 1292 921 1294 921 1297 921 1299 921 1309 910 1314 908 1344 908 1476 917 1478 917 1614 913 1617 913 1642 902 1651 900 1666 902 1728 910 1730 910 1732 910 1734 910 1734 908 1745 900 1747 896 1900 893 1905 896 1915 904 1917 904 1920 904 1922 904 1924 904 1947 896 1952 893 1956 896 1979 904 1981 904 1984 904 2323 885 2323 866 2318 834 2073 829 2071 829 2011 838 1969 844 1894 840 1809 836 1806 836 1804 836 1783 842 1760 849 1614 846 1540 844 1538 844 1518 846 1469 857 1440 849 1431 846 1429 846 1427 846 1425 846 1416 849 1384 861 1041 868 985 857 981 857 979 857 977 857 974 857 960 870 804 861 806 904"/></Shape>
            <String CONTENT="ladite signature, tant en jugement que dehors; pourquoi Nous"
                    HPOS="804"
                    VPOS="829"
                    WIDTH="1519"
                    HEIGHT="96"
                    ></String>
          </TextLine>
          <TextLine ID="eSc_line_78dddd69"
                    TAGREFS="LT8"
                    BASELINE="808 964 2323 925" 
                    HPOS="806"
                    VPOS="893"
                    WIDTH="1517"
                    HEIGHT="92">
            <Shape><Polygon POINTS="808 964 808 985 2321 947 2323 925 2316 893 806 928 808 964"/></Shape>
            <String CONTENT="avons signé &amp; délivré ces présentes contre-signées de notre Secretaire"
                    HPOS="806"
                    VPOS="893"
                    WIDTH="1517"
                    HEIGHT="92"
                    ></String>
          </TextLine>
          <TextLine ID="eSc_line_c385a6c1"
                    TAGREFS="LT8"
                    BASELINE="810 1028 2265 994" 
                    HPOS="808"
                    VPOS="953"
                    WIDTH="1457"
                    HEIGHT="103">
            <Shape><Polygon POINTS="810 1028 810 1047 987 1056 989 1056 1077 1043 1085 1043 1092 1043 1164 1051 1166 1051 2265 1019 2265 994 2261 960 1992 953 1990 953 1988 953 1986 953 1969 966 1934 955 1932 955 1930 955 1928 955 1898 968 1896 968 1885 968 1757 960 1755 960 1753 960 1717 972 1715 974 1612 974 1593 964 1591 964 1589 964 1587 964 1585 964 1531 977 1422 968 1420 968 1418 968 1416 968 1401 979 1265 970 1262 970 1260 970 1258 970 1243 985 1158 985 1083 974 1081 974 1079 974 1034 987 968 979 966 979 964 979 962 979 962 981 951 989 902 979 900 979 825 981 823 981 821 981 808 989 810 1028"/></Shape>
            <String CONTENT="&amp; à icelles fait apposer le Cachet de nos Armes. A Rochefort le"
                    HPOS="808"
                    VPOS="953"
                    WIDTH="1457"
                    HEIGHT="103"
                    ></String>
          </TextLine>
          <TextLine ID="eSc_line_3b801ceb"
                    TAGREFS="LT8"
                    BASELINE="821 1105 2161 1060 2259 1057" 
                    HPOS="816"
                    VPOS="1014"
                    WIDTH="1440"
                    HEIGHT="134">
            <Shape><Polygon POINTS="819 1104 819 1148 934 1129 988 1145 1001 1148 1004 1148 1008 1148 1056 1142 1219 1116 1321 1129 1331 1129 1334 1129 1347 1129 1449 1110 1497 1123 1532 1129 1536 1129 1539 1129 1542 1129 1574 1116 1612 1104 1625 1116 1635 1123 1635 1126 1638 1126 1641 1126 1644 1126 1776 1123 1891 1104 1948 1091 2256 1084 2256 1056 2246 1014 816 1056 819 1104"/></Shape>
            <String CONTENT="quinze fevrier - mil sept cent soixante douze."
                    HPOS="816"
                    VPOS="1014"
                    WIDTH="1440"
                    HEIGHT="134"
                    ></String>
          </TextLine>
          <TextLine ID="eSc_line_bde6b834"
                    TAGREFS="LT8"
                    BASELINE="1326 1222 1638 1207 1785 1211" 
                    HPOS="1322"
                    VPOS="1128"
                    WIDTH="463"
                    HEIGHT="130">
            <Shape><Polygon POINTS="1326 1222 1326 1258 1467 1233 1561 1245 1563 1245 1565 1245 1568 1245 1589 1226 1657 1226 1704 1250 1706 1250 1708 1250 1785 1248 1785 1211 1777 1132 1755 1145 1661 1143 1659 1143 1657 1143 1629 1156 1612 1143 1595 1128 1593 1128 1591 1128 1589 1128 1587 1128 1585 1128 1585 1130 1582 1130 1570 1145 1557 1162 1510 1162 1495 1149 1480 1134 1480 1132 1478 1132 1476 1132 1474 1132 1403 1134 1401 1134 1399 1134 1371 1156 1365 1160 1322 1160 1326 1222"/></Shape>
            <String CONTENT="D&#x27;aubenton"
                    HPOS="1322"
                    VPOS="1128"
                    WIDTH="463"
                    HEIGHT="130"
                    ></String>
          </TextLine>
          <TextLine ID="eSc_line_fe4d68f5"
                    TAGREFS="LT8"
                    BASELINE="1232 1823 1949 1809" 
                    HPOS="1228"
                    VPOS="1715"
                    WIDTH="720"
                    HEIGHT="176">
            <Shape><Polygon POINTS="1232 1820 1232 1891 1315 1891 1315 1888 1321 1888 1360 1852 1395 1865 1404 1865 1446 1846 1500 1865 1734 1843 1747 1859 1763 1859 1795 1833 1852 1846 1948 1824 1948 1808 1936 1740 1884 1763 1833 1737 1824 1737 1753 1766 1609 1744 1516 1763 1449 1715 1440 1715 1315 1718 1315 1721 1270 1766 1228 1769 1232 1820"/></Shape>
            <String CONTENT="Par Monseigneur"
                    HPOS="1228"
                    VPOS="1715"
                    WIDTH="720"
                    HEIGHT="176"
                    ></String>
          </TextLine>
          <TextLine ID="eSc_line_60956754"
                    TAGREFS="LT8"
                    BASELINE="1457 1973 1785 1964" 
                    HPOS="1452"
                    VPOS="1897"
                    WIDTH="330"
                    HEIGHT="119">
            <Shape><Polygon POINTS="1456 1971 1456 2016 1548 2016 1552 2016 1555 2016 1555 2012 1561 2009 1580 1987 1779 1980 1782 1961 1776 1913 1558 1897 1555 1897 1552 1897 1548 1897 1548 1900 1545 1900 1529 1920 1529 1923 1452 1923 1456 1971"/></Shape>
            <String CONTENT="Pravut"
                    HPOS="1452"
                    VPOS="1897"
                    WIDTH="330"
                    HEIGHT="119"
                    ></String>
          </TextLine>
          <TextLine ID="eSc_line_b587d4d7"
                    TAGREFS="LT8"
                    BASELINE="856 2304 2453 2329" 
                    HPOS="851"
                    VPOS="2179"
                    WIDTH="1600"
                    HEIGHT="182">
            <Shape><Polygon POINTS="854 2304 851 2326 1171 2352 1308 2339 1766 2361 2448 2355 2451 2326 2448 2246 2374 2259 2291 2201 2275 2201 2195 2265 2153 2249 1872 2262 1769 2188 1673 2188 1571 2259 1459 2233 1452 2233 1411 2252 1382 2227 1382 2224 1366 2224 1324 2252 1219 2233 1209 2233 1209 2236 1200 2243 1104 2179 912 2179 854 2204 854 2304"/></Shape>
            <String CONTENT="Pierre Etienne Bourgeois de Boynes"
                    HPOS="851"
                    VPOS="2179"
                    WIDTH="1600"
                    HEIGHT="182"
                    ></String>
          </TextLine>
          <TextLine ID="eSc_line_63899b25"
                    TAGREFS="LT8"
                    BASELINE="998 2417 2440 2436" 
                    HPOS="996"
                    VPOS="2355"
                    WIDTH="1444"
                    HEIGHT="109">
            <Shape><Polygon POINTS="998 2417 996 2432 1049 2446 1051 2446 1053 2446 1120 2436 1156 2449 1158 2449 1160 2449 1245 2440 1318 2453 1320 2453 1576 2444 1638 2444 1672 2446 1755 2457 1757 2457 1890 2453 1949 2451 1956 2453 1966 2461 1969 2461 1971 2461 2122 2464 2124 2464 2165 2459 2218 2451 2231 2459 2233 2464 2235 2464 2237 2464 2240 2464 2242 2464 2244 2464 2246 2461 2259 2453 2436 2464 2440 2436 2440 2397 2404 2387 2402 2387 2400 2387 2336 2397 2331 2397 2329 2397 2265 2370 2263 2370 2261 2370 2259 2370 2257 2370 2222 2395 2222 2397 2122 2397 2118 2395 2088 2376 2086 2376 2084 2376 2082 2376 2080 2376 2045 2389 1962 2365 1960 2365 1909 2365 1907 2365 1905 2365 1902 2365 1866 2391 1817 2365 1815 2365 1813 2365 1811 2365 1770 2385 1738 2376 1736 2376 1734 2376 1732 2376 1702 2389 1700 2389 1681 2378 1678 2378 1676 2378 1416 2385 1380 2385 1376 2385 1354 2370 1352 2370 1350 2370 1348 2370 1346 2370 1324 2380 1303 2359 1303 2357 1301 2357 1299 2357 1260 2357 1258 2357 1256 2357 1254 2357 1226 2378 1134 2355 1132 2355 1032 2355 1030 2355 1028 2355 1026 2355 998 2372 998 2417"/></Shape>
            <String CONTENT="Chevalier, Seigneur de Boynes de la"
                    HPOS="996"
                    VPOS="2355"
                    WIDTH="1444"
                    HEIGHT="109"
                    ></String>
          </TextLine>
          <TextLine ID="eSc_line_d649c0eb"
                    TAGREFS="LT8"
                    BASELINE="1006 2508 2438 2536" 
                    HPOS="1004"
                    VPOS="2440"
                    WIDTH="1434"
                    HEIGHT="132">
            <Shape><Polygon POINTS="1006 2508 1004 2523 1184 2545 1186 2545 1188 2545 1220 2534 1329 2547 1331 2547 1512 2542 1600 2560 1602 2560 1604 2560 1655 2547 1853 2547 1915 2562 1917 2562 1920 2562 2037 2555 2227 2572 2229 2572 2231 2572 2263 2557 2436 2557 2438 2536 2438 2485 2421 2472 2419 2472 2417 2472 2414 2472 2412 2472 2380 2489 2374 2491 2173 2491 2161 2483 2109 2459 2107 2459 2043 2459 2041 2459 2039 2459 1975 2481 1958 2485 1952 2478 1928 2457 1926 2457 1924 2457 1888 2455 1885 2455 1883 2455 1841 2476 1828 2483 1651 2481 1642 2472 1619 2451 1617 2451 1614 2451 1612 2451 1610 2451 1561 2470 1548 2476 1533 2470 1486 2449 1484 2449 1482 2449 1444 2451 1442 2451 1440 2451 1420 2468 1412 2474 1314 2472 1301 2466 1286 2457 1284 2457 1282 2457 1248 2464 1228 2468 1220 2464 1205 2453 1203 2453 1201 2453 1198 2453 1196 2453 1177 2461 1171 2466 1164 2461 1120 2440 1117 2440 1062 2440 1060 2440 1058 2440 1056 2440 1034 2459 1028 2464 1006 2459 1006 2508"/></Shape>
            <String CONTENT="Baronie de Laas et du Marquisat"
                    HPOS="1004"
                    VPOS="2440"
                    WIDTH="1434"
                    HEIGHT="132"
                    ></String>
          </TextLine>
          <TextLine ID="eSc_line_2fd5e1a9"
                    TAGREFS="LT8"
                    BASELINE="1013 2602 2404 2647" 
                    HPOS="1011"
                    VPOS="2534"
                    WIDTH="1393"
                    HEIGHT="139">
            <Shape><Polygon POINTS="1013 2602 1011 2634 1326 2634 1335 2641 1339 2645 1341 2645 1344 2645 1346 2645 1369 2643 1403 2636 1412 2643 1416 2647 1418 2647 1420 2647 1670 2649 1841 2649 1928 2656 2212 2673 2214 2673 2402 2666 2404 2647 2400 2598 2340 2602 2323 2596 2276 2572 2274 2572 2212 2572 2210 2572 2208 2572 2205 2572 2182 2592 2178 2596 2171 2592 2141 2572 2139 2572 2137 2572 2135 2572 2133 2572 2107 2585 2067 2577 2065 2577 2062 2577 2060 2577 2048 2587 2043 2592 2024 2587 1960 2570 1958 2570 1956 2570 1954 2570 1952 2570 1932 2585 1926 2587 1779 2585 1774 2581 1747 2555 1745 2555 1742 2555 1740 2555 1636 2577 1621 2579 1589 2574 1574 2574 1548 2551 1548 2549 1546 2549 1544 2549 1542 2549 1397 2570 1395 2570 1337 2542 1335 2542 1292 2542 1290 2542 1288 2542 1286 2542 1252 2566 1149 2566 1141 2564 1105 2560 1083 2536 1083 2534 1081 2534 1079 2534 1047 2534 1045 2534 1043 2534 1041 2534 1013 2553 1013 2602"/></Shape>
            <String CONTENT="de la Motthe, Conseiller d&#x27;Etat"
                    HPOS="1011"
                    VPOS="2534"
                    WIDTH="1393"
                    HEIGHT="139"
                    ></String>
          </TextLine>
          <TextLine ID="eSc_line_71f7ad88"
                    TAGREFS="LT8"
                    BASELINE="1006 2713 2423 2749" 
                    HPOS="1004"
                    VPOS="2653"
                    WIDTH="1419"
                    HEIGHT="116">
            <Shape><Polygon POINTS="1006 2713 1004 2732 1371 2754 1373 2754 1376 2754 1414 2745 1506 2760 2419 2769 2423 2749 2421 2711 2090 2677 2026 2677 2024 2677 2022 2677 2020 2677 1986 2700 1981 2700 1937 2700 1937 2698 1920 2685 1920 2683 1917 2683 1915 2683 1913 2683 1911 2683 1883 2696 1879 2698 1877 2696 1815 2670 1813 2670 1811 2670 1809 2670 1762 2692 1681 2679 1678 2679 1676 2679 1632 2692 1627 2692 1621 2690 1578 2679 1576 2679 1574 2679 1531 2688 1525 2690 1523 2688 1510 2677 1508 2677 1506 2677 1504 2677 1440 2685 1427 2688 1408 2685 1312 2670 1309 2670 1250 2681 1248 2681 1245 2681 1207 2677 1179 2653 1177 2653 1175 2653 1173 2653 1006 2675 1006 2713"/></Shape>
            <String CONTENT="ordinaire et Secretaire d&#x27;Etat et"
                    HPOS="1004"
                    VPOS="2653"
                    WIDTH="1419"
                    HEIGHT="116"
                    ></String>
          </TextLine>
          <TextLine ID="eSc_line_19e6e131"
                    TAGREFS="LT8"
                    BASELINE="1006 2818 1813 2848 2423 2856" 
                    HPOS="1004"
                    VPOS="2758"
                    WIDTH="1419"
                    HEIGHT="130">
            <Shape><Polygon POINTS="1006 2818 1004 2839 1030 2850 1032 2850 1034 2852 1435 2852 1448 2862 1448 2865 1450 2865 1452 2865 1454 2865 1525 2856 1576 2869 1578 2869 1580 2869 1815 2867 1900 2880 1902 2880 1954 2869 1973 2882 1975 2882 1977 2882 1979 2882 2122 2873 2199 2888 2201 2888 2421 2877 2423 2856 2423 2822 2355 2796 2353 2796 2350 2796 2348 2796 2299 2818 2295 2820 2293 2818 2282 2809 2280 2809 2278 2809 2276 2809 2208 2813 2167 2816 2158 2811 2131 2796 2129 2796 1981 2786 1979 2786 1977 2786 1975 2786 1952 2801 1939 2809 1864 2809 1851 2796 1838 2786 1836 2786 1834 2786 1832 2786 1830 2786 1828 2786 1817 2794 1804 2807 1760 2807 1621 2803 1580 2786 1578 2786 1576 2786 1497 2796 1444 2779 1442 2779 1440 2779 1437 2779 1397 2792 1288 2792 1248 2769 1239 2764 1237 2764 1235 2764 1207 2766 1081 2779 1060 2762 1060 2760 1058 2760 1056 2760 1006 2758 1006 2818"/></Shape>
            <String CONTENT="des Commandemens de Sa Majesté"
                    HPOS="1004"
                    VPOS="2758"
                    WIDTH="1419"
                    HEIGHT="130"
                    ></String>
          </TextLine>
          <TextLine ID="eSc_line_de2ad944"
                    TAGREFS="LT8"
                    BASELINE="1006 2931 2459 2965" 
                    HPOS="1004"
                    VPOS="2871"
                    WIDTH="1455"
                    HEIGHT="122">
            <Shape><Polygon POINTS="1006 2931 1004 2950 1096 2971 1098 2971 1184 2956 1277 2976 1280 2976 1380 2963 1461 2980 1463 2980 1617 2971 1638 2984 1640 2984 1642 2984 1644 2984 1646 2984 1689 2973 1879 2988 1881 2988 1988 2978 2073 2993 2075 2993 2457 2984 2459 2965 2459 2918 2359 2907 2357 2907 2316 2914 2278 2922 2265 2914 2250 2903 2248 2903 2246 2903 2244 2903 2182 2903 2154 2890 2152 2890 2114 2890 2112 2890 2109 2890 2107 2890 2077 2912 2069 2918 2013 2918 2007 2909 1996 2901 1996 2899 1994 2899 1992 2899 1990 2899 1988 2899 1949 2909 1937 2912 1932 2909 1917 2897 1915 2897 1913 2897 1911 2897 1909 2897 1881 2907 1868 2912 1766 2912 1757 2905 1734 2888 1732 2888 1730 2888 1728 2888 1606 2903 1587 2905 1582 2903 1553 2877 1553 2875 1550 2875 1548 2875 1367 2871 1365 2871 1363 2871 1292 2897 1267 2880 1265 2880 1262 2880 1260 2880 1258 2880 1256 2880 1228 2897 1226 2897 1141 2882 1139 2882 1137 2882 1134 2882 1115 2894 1113 2894 1006 2894 1006 2931"/></Shape>
            <String CONTENT="ayant Le Département de La Marine"
                    HPOS="1004"
                    VPOS="2871"
                    WIDTH="1455"
                    HEIGHT="122"
                    ></String>
          </TextLine>
          <TextLine ID="eSc_line_06b619de"
                    TAGREFS="LT8"
                    BASELINE="1028 3050 1638 3061" 
                    HPOS="1026"
                    VPOS="2982"
                    WIDTH="612"
                    HEIGHT="102">
            <Shape><Polygon POINTS="1028 3050 1026 3061 1070 3076 1073 3076 1075 3076 1147 3065 1233 3078 1235 3078 1237 3078 1269 3067 1514 3084 1516 3084 1636 3072 1638 3061 1638 3025 1510 3022 1508 3020 1450 2988 1448 2988 1446 2988 1444 2988 1410 3008 1388 2988 1388 2986 1386 2986 1384 2986 1324 2986 1322 2986 1320 2986 1318 2986 1318 2988 1288 3016 1273 3005 1271 3005 1269 3005 1267 3005 1265 3005 1235 3016 1203 2986 1203 2984 1201 2984 1198 2984 1149 2982 1147 2982 1145 2982 1143 2982 1117 3005 1028 3012 1028 3050"/></Shape>
            <String CONTENT="et des Colonies."
                    HPOS="1026"
                    VPOS="2982"
                    WIDTH="612"
                    HEIGHT="102"
                    ></String>
          </TextLine>
          <TextLine ID="eSc_line_a97c9ea9"
                    TAGREFS="LT8"
                    BASELINE="875 3172 2436 3176" 
                    HPOS="870"
                    VPOS="3081"
                    WIDTH="1565"
                    HEIGHT="141">
            <Shape><Polygon POINTS="873 3171 870 3206 2240 3222 2243 3222 2432 3203 2435 3174 2432 3113 2252 3132 2201 3107 2176 3094 2172 3094 2169 3094 2166 3094 2163 3094 2147 3107 2118 3129 1881 3129 1862 3113 1859 3113 1856 3113 1852 3113 1849 3113 1846 3113 1817 3132 1788 3113 1785 3113 1782 3113 1779 3113 1689 3129 1612 3097 1609 3097 1606 3097 1603 3097 1532 3132 1414 3110 1411 3110 1408 3110 1324 3132 1168 3084 1161 3084 1158 3084 873 3081 873 3171"/></Shape>
            <String CONTENT="Certifions à Tous qu&#x27;il appartiendra que la signature"
                    HPOS="870"
                    VPOS="3081"
                    WIDTH="1565"
                    HEIGHT="141"
                    ></String>
          </TextLine>
          <TextLine ID="eSc_line_dc7a5947"
                    TAGREFS="LT8"
                    BASELINE="900 3257 2432 3268" 
                    HPOS="898"
                    VPOS="3212"
                    WIDTH="1534"
                    HEIGHT="103">
            <Shape><Polygon POINTS="900 3257 898 3304 1000 3306 1002 3306 1004 3306 1009 3304 1051 3281 1228 3293 1230 3293 1408 3283 1435 3300 1450 3308 1452 3308 1454 3308 1457 3308 1459 3308 1489 3298 1531 3285 1591 3285 1623 3298 1657 3310 1659 3310 1661 3310 1900 3293 2009 3287 2024 3293 2065 3310 2067 3310 2069 3310 2071 3310 2129 3291 2131 3291 2135 3291 2274 3315 2276 3315 2278 3315 2280 3315 2308 3296 2429 3287 2432 3268 2432 3225 2378 3221 2376 3221 2374 3221 2363 3225 2327 3240 2178 3240 2158 3225 2154 3221 2152 3221 2150 3221 2148 3221 2146 3221 2137 3225 2112 3238 1932 3238 1866 3225 1845 3223 1843 3223 1817 3225 1755 3234 1708 3225 1653 3217 1651 3217 1649 3217 1646 3217 1632 3227 1619 3234 1604 3227 1580 3217 1578 3217 1450 3214 1448 3214 1446 3214 1422 3227 1414 3232 1408 3227 1388 3214 1386 3214 1384 3214 1382 3214 1297 3227 1277 3229 1265 3227 1198 3212 1196 3212 1194 3212 1192 3212 1175 3227 1171 3229 900 3229 900 3257"/></Shape>
            <String CONTENT="apposée au bas de la légalisation cy dessus et de l&#x27;autre part"
                    HPOS="898"
                    VPOS="3212"
                    WIDTH="1534"
                    HEIGHT="103"
                    ></String>
          </TextLine>
        </TextBlock>
        <TextBlock HPOS="581"
                   VPOS="1187"
                   WIDTH="377"
                   HEIGHT="408"
                   ID="eSc_textblock_bce01e90"
                   TAGREFS="QZ8">
          <Shape><Polygon POINTS="581 1187 581 1595 958 1595 958 1187"/></Shape>
        </TextBlock>
        <TextBlock HPOS="2619"
                   VPOS="1167"
                   WIDTH="347"
                   HEIGHT="377"
                   ID="eSc_textblock_503fe89b"
                   TAGREFS="QZ8">
          <Shape><Polygon POINTS="2619 1167 2619 1544 2966 1544 2966 1167"/></Shape>
        </TextBlock>
        <TextBlock HPOS="2925"
                   VPOS="361"
                   WIDTH="275"
                   HEIGHT="561"
                   ID="eSc_textblock_6631dc5d"
                   TAGREFS="QZ9">
          <Shape><Polygon POINTS="2925 361 2925 922 3200 922 3200 361"/></Shape>
        </TextBlock>
      </PrintSpace>
    </Page>
  </Layout>
</alto>
