3232 3880
1123 424 1419 142 avoir eté apportés du dit Brigantin

1190 530 1410 108 ou tant arrivé nous a eté montré par le

1048 578 1488 159 dit le seurre gardien soixante pieces de

1116 659 1460 125 bois que nous avons mesuré par le sieur

1119 730 1461 134 Gayot, Lesquels ont produit dix sept Cents

1112 791 1503 150 trois pieds francois de Neuf mille sept

1119 881 1259 136 Cents trente trois pieds anglais

1250 974 1337 136 Item douze pieds de bois Lesquels ont

1153 1034 1442 153 produit deux Cents Cinquante deux pieds

1134 1118 1433 145 francois de deux mille Cents quatre vingt

1121 1228 692 114 seize pieds anglais.

1264 1267 1320 155 Item quarante quatre autres pieces

1099 1351 1466 155 de bois, lesquelles ont produit treize Cent

1129 1420 1479 170 quatre vingt pieds francois & quatorze Cent

1131 1504 1456 164 soixantes dix cent pieds anglois, qui est

1123 1590 1481 134 tout Ce qui s'est trouvé au dit ambarcadaire

1140 1664 1438 142 provenant du dit Brigantin & a Le dit

737 1720 1864 207 substitut du procureur du roy signé a vu nomé & Le

1127 1819 1475 157 Greffier Commis signé a La minutte Le seurre

1125 1914 1455 133 Sauteyron failleusert du Soutenelle & Barrautte

1131 2037 479 129 Denariage GL.

1345 2116 1117 123 Et Le sept Juin au dit an

1131 2196 1467 116 nous Conseiller du roy Lieutenant general

1121 2280 1472 132 juge susdit avons aquis du dit substitut

1110 2362 1440 155 du procureur du roy et assisté du greffier

1114 2437 1486 153 Commis sommes transportés au ⟦bord du⟧.

1114 2537 1361 135 dit ambarcadaire Caron ou tant

1134 2625 1453 138 arrivés nous avons fait decharger

1123 2703 1485 155 Le Radeau chargé de bois provenant

1138 2806 1343 144 du brigantin La nancy & avons

1125 2903 1386 151 Compté La quantité fait mesurer

1127 2989 1415 136 et preter Comme suit par le dit

1144 3123 255 97 Gayot

1205 3160 1347 127 Premierement Cent quatre vingt

1131 3239 1400 158 quinze pieds de planches qui ont

1675 3398 172 126 ※

2442 3427 113 119 17
