3232 3864
575 212 634 120 27 may 6.7.8.9 Juin 1774

614 315 618 92 Vissitte du Brigantin

624 384 619 98 la nancy de La Gorge

612 452 592 144 Cap^e Gedeon solé

1642 252 935 179 Extrait des minuttes

1634 429 958 107 du greffe de Lamirauté

1625 521 818 116 du port au prince.

1195 582 1450 284 Lan mil sept cent soixante quatorze

1157 809 1067 126 et Le vingt sept may de Relevée.

1279 880 1358 139 Nous Jacques Jean Joury Conseiller du roy

1144 963 1503 125 Lieutenant particulier Civil Criminel & de police

1151 1036 1471 123 au siege royal. du port au prince isle & Côte

1170 1111 1357 134 S^t domingue faisant fonction de Lieutenant

1146 1191 1370 118 General de Lamirauté du dit Lieu pour

1148 1247 1381 167 Lempechement d'iceluy en Compagnie du

1166 1335 1453 141 procureur du roy audit siege & ayant avec

1157 1408 1482 144 nous Le greffier Commis en Execution de notre

1155 1498 1351 122 ordonnance mise ensuitte de La declaration

1159 1573 1441 129 faitte devant nous Ce jourdhuy par le Sieur

1155 1642 1454 154 Gedeon solé Capitaine du Brigantin La nancy

1153 1725 1473 118 de la gorgée, et d'autre ordonnance de monsieur

1153 1801 1477 120 L'intendant de Cette Colonie en datte du vingt

1181 1878 1445 122 six de Ce mois, sommes transporté a bord du

1159 1947 1394 120 dit Brigantin actuellement mouillé en Ce port

1159 2011 1486 129 à L'effet de proceder à La visite de La Cargaison diceluy

1151 2090 1460 110 en etant arrivés a Vous trouvés Le dit sieur

1142 2153 1462 154 Gedeon salés Cap^e du dit Brigantin a pisté du

1151 2249 1434 118 Sieur Barrere nigl en Cette Ville interpellé

1157 2320 1471 120 de La Langue anglaise par nous nommé d'office

1146 2393 1482 131 a deffaut d'interpretee en titre de la dite Langue

1123 2468 1492 135 duquel nous avons pris & Recu le serment

1148 2545 1317 134 La main Levée devant nous de se bien de

1151 2614 1438 142 se determine Comporter dans la dite Commission

1142 2700 1443 129 Lequel dit Cap^e assisté du dit interprete

1153 2775 1361 133 nous ayant Conduit dans sa chambre et

1146 2857 1452 124 ayant fait ouvrir Les armoiries & chambre

1129 2928 1495 128 diceluy nous navons trouvés aucune s marchandises

1148 3018 1377 113 prohibée par Lordonnance de La marinne

1157 3084 1422 108 et etant ensuitte remonté sur le pont nous

1151 3168 1383 114 avons vu La quantité ⟦de bois⟧ considerable

1136 3258 1468 116 de bois qui se trouve Sur le pont & ambarrassé

1775 3390 122 119 ※

2445 3390 126 180 16
