3168 3760
714 332 372 66 JUGEMENT

712 407 355 71 par contumace

800 472 148 52 contre

720 517 342 84 un Déserteur.

1500 197 593 188 Laroch.

1065 394 1538 273 DE PAR LE ROI.

1090 693 1620 194 VU par le Conseil de guerre assemblé à La basse terre

1032 833 1672 134 isle Guadeloupe par ordre de M. de Repentigny, Brigadier

1013 891 1649 145 des armées du Roy, colonel du Rég^t de la Guadeloupe, faisant Les

1040 956 1513 111 fonctions de lieut. de Roy du fort S^t Charle et Ville basse terre

977 1004 1653 138 le Procès extraordinairement instruit au nommé

726 1065 1981 147 Jacques la Roch dit la Roch Chasseur de la Comp^e de Tarragon, fils

961 1115 1738 146 de Julien la Roch, et de feuë marie Guerelle, natif de Cherbourg

982 1194 1621 115 en Normandie, son dudit, âgé de Vingt deux ans taille de

965 1278 1703 98 cinq pieds quatre pouces six lignes, Cheveux et sourcils bruns, les

961 1345 1736 110 yeux roux, le nez un peu épaté, le bouche moyenne, le menton rond.

1005 1458 1072 119 accusé d'avoir déserté le 12ois May

2347 1522 172 104 1780

1011 1539 1356 123 de la Compagnie des Chasseurs de tarragon

996 1625 1553 133 au Régiment d'Armagnac. fugitif & contumax;

996 1704 1553 140 l'information du onze may 1780 le recollement

999 1779 1551 151 des témoins du dit jour et au & les conclusions

990 1859 1592 152 du S^r Jean de lesponne Cap^e aide Major au Reg^t de la Guadeloupe

1063 1948 1480 128 Ledit Conseil de guerre a déclaré la contumace

982 2032 1548 132 bien & duement instruite; en conséquence declare

973 2103 1553 153 ledit Jacques la Roch, dit la Roch atteint & convaincu

980 2191 689 104 du crime de désertion

975 2270 1670 148 Et pour réparation d'icelui l'a condamné aux Chaines

967 2356 1312 121 des Galeres L'espace de huit années consécutives.

961 2431 1137 123 Fait à la basse terre Guadeloupe le onze

959 2523 520 86 du moys de May

1619 2554 155 84 1780

965 2596 364 71 Badisse

973 2661 249 83 ⟦⟧

2072 2602 205 84 Marin

957 2776 296 92 Chenamy

1354 2652 430 153 Reputiny

2070 2659 322 81 Grilliér

2075 2732 303 136 D'Engny

1000 3016 1656 142 Le présent Jugement a été lu à la Garde montante, le douze dudit
