4128 3168
182 364 227 240 8 juillet

531 373 481 105 Reg^t de Quercy

510 452 451 98 Comp^e de Saul

327 559 965 123 Arnole Lemius dit Lemius Sergent

332 651 921 107 engagé le 5. mars 1753 congedié le

303 707 388 143 25. 7^re 1767.

1902 342 1599 363 A Monseigneur

1853 714 1702 174 Le Marquis de Segur

1809 871 1630 153 Ministre de la Guerre

700 911 1290 313 Monseigneur.

3036 1080 715 90 Consule l'inspecteur de Quercy

3039 1151 716 110 qui est a present Rohan

3055 1206 248 153 soibise

433 1441 3445 148 Le nommé Arnold Lemius demeurant à Sarrable Lorraine Allemande, à l'honneur de vous Exposer

445 1557 3482 144 très rèspectueusement Monseigneur, qu'il est ancien Militaire ayant Servi cinq ans, en qualité de

431 1657 3498 147 Soldat dans le régiment de Grisons de Salis; quatorze ans et demi dans le régiment de Quercy dont 10 ans

434 1760 3431 146 en qualité de Sergent dans ledit Régiment, dont 6 ans passé dans les Colonnies de S^t Domingue et

419 1848 3550 155 huit ans Capitaine de Milice Commandant du quartier de Bombarde dépendance du Mol S^t Nicolas

433 1965 3490 152 nouvel établissement, don sergent dans ledit régiment de Quercy à S^t Domingue placé par les ordres

364 2062 3540 155 de M^r Le Général Comte Desting dans cedit nouvel établissement, et lui a donné des preuves d'être très

447 2175 3503 155 contant de Son Service. Le Suppliant a été forcé par maladie à demander Sa retraite pour se retirer dans

431 2270 3491 167 Son pays natal. Etant sans aucune fortune il ose esperer aux bontés de Monseigneur, en égard

462 2372 3470 181 a Ses longs et penibles Services, qu'il voudra bien lui accorder une pension afin de pouvoir Subsister

482 2502 2480 146 Le respect egalera les voeux du Suppliant pour Monseigneur※
