4513 2705
408 238 1679 156 contagion. il ma fallu les remplacer et ce

387 321 1652 161 remplacement ne recupere pas les pertes faites

387 416 1661 161 parce qu'un mulet nouveau venant de la Cote

320 512 1786 146 d'espagne n'equivaut pas a un mulet deja fait

392 593 1761 164 au travail & acclimaté et les roulaisons en vont

393 665 1762 173 plus lentemnent. Je vous ferai encore cette annee

387 749 1619 172 un autre envoÿ de 40 Bariques mais qui ne

398 838 1644 167 pourra vous parvenir que dans le Comencement

392 951 831 132 de l'année prochaine

518 999 1625 152 J'ai recû monsieur le marquis la montre d'or a –

390 1071 1786 174 repetiton que vous destinés pour Robion de lavrignais

390 1157 1718 189 je la lui ai remis de votre part et de celle de vos dames

395 1250 1558 162 vous avés cÿ joinct une lettre de lui qui vous

411 1369 1070 130 exprime sa reconnoissance.

432 1432 1733 142 J'ai remis aussi de votre part au nommé agnan

405 1487 1662 173 commandeur sur l'h^on des Sources l'acte de

395 1589 1693 163 liberté sous signature privée que vous mavés

395 1668 1772 175 adressés pour lui. Je lui ai intimè vos intuitions

402 1755 1748 167 avec toute la solemnité possible. il s'est jetté à

399 1837 1763 181 mes pieds m'a embrassé les genoux et a juré

404 1952 1714 142 de vous rester fidele et attaché a vos interets.

402 2034 1780 148 il a une tres nombreuses famille sur l'h^on il est pere

402 2145 1768 127 de sept enfants. Je laisse sa femme aux cases sans

2396 166 1871 156 rien faire il continuera a rester chez vous ou

2404 250 1338 161 pourroit il aller pour etre mieux ?

2404 314 1867 175 l'acte que vous m'avés envoyé qui constitüe sa liberté

2407 401 1859 185 est parfaitement en regle et il est fort inutile de

2410 485 1806 182 faire les frais d'en passer un par devant notaire.

2553 593 1728 150 Je vous ai instruit par ma lettre du 28 avril–

2478 664 1785 189 de tout ce qui ne lasessoit la Colonie a cette epoque–

2469 733 1791 213 du depart pour France de l'assemblée coloniale

2467 829 1868 216 tous mes recits sont parfaitement conformes a la verité

2470 913 1725 211 a l'execution de la mort de m^me de Codere qui se

2459 969 1878 261 trouve fausse. elle est dans ce moment au port au p^ce

2503 1094 1801 187 depuis le depart de nôtre assemblee nous sommes–

2508 1163 1799 213 tranquilles; cette paix vient cependant d'etre troublée

2508 1278 1584 172 par l'arrivée du nommé ogé mulatre qui a

2478 1334 1850 197 debarqué dans la partie du nord sous le costume d'un

2478 1411 1803 208 matelot venant de la nouvelle angleterre. il s'est –

2481 1487 1821 199 fait des partisans des gens de son espece a unis⎯

2463 1567 1878 206 a l'assemblee provinciale du nord et a m^r de peinier

2469 1650 1755 205 les lettres les plus insolentes en lui annoncant quil

2482 1731 1592 206 vient reclamer pour sa caste des droits –

2493 1815 1717 200 imprescriptibles qu'un prejugé Barbare avoit–

2496 1878 1758 213 aneanti depuis deux siecles. qu'il repoussera la

2487 1974 1746 196 force par la force et qu'il va nscessament venir a

2477 2035 1760 234 leogane s'y fortifier. pour reponce on a fait

2393 2136 1945 194 marcher contre luy environ mille hommes des troupes
