2454 2631
634 609 404 85 Monsieur

633 1055 1701 92 M^r provenchere m'a rémis la lettre que vous m'avez fait

630 1157 1737 70 l'honneur de m'écrire, par laquelle vous m'annoncez l'envoi

652 1243 1708 90 d'une montre que vous m'offrez comme le témoignage

655 1341 743 76 de votre réconnoissance.

824 1438 1539 89 il m'est difficile, Monsieur, de vous peindre la

652 1531 1717 88 satisfaction que j'éprouve en ce moment; soyez assuré

659 1623 1698 82 que cette marque d'attachement que vous me donnez, ne

675 1711 1689 89 fera que rédoubler mon zele pour vos interêts que je

659 1792 1501 100 Régarderai en tout tems aussi chers que les miens.

640 1979 1723 93 Chargé de la gestion de votre habitation des varreux –

861 1914 1502 82 M^r provenchere a dû vous marquer qu'il m'a–

666 2077 1695 87 dépuis le 1^er juillet dernier; cette confiance dont

675 2163 1688 87 il m'a honoré, est encore un nouveau motif qui

669 2386 1271 113 M^r charles De la Rochefoucault.

2078 2348 145 98 493
