4183 2697
371 671 899 100 Votre intention est que J'y fasse assurer.

382 780 1666 114 Je n'estime pas d'aprés le Prix porté sur la facture des 40 Bariques

238 887 1819 113 de sucre par le s^t honoré soient de Bonne qualité Ce qui d'ailleurs ne peut

241 999 1783 102 guere être autrement parce qu'ils auront été fabriqués en arriere saison;

260 1090 1745 114 Cette Marchandise jouit actuellement d'assés de faveur pour Croire qu'il

268 1192 1783 117 Vous sera avantageux de les Vendre aussitôt leur entrée en Magasin, Je Vous

253 1284 1410 116 serai obligé de me faire Connoitre la dessus Votre Volonté.

445 1403 1587 126 Comme il peut Tenir à Vos arrangemens de Toucher le produit

283 1478 1711 152 de Ces sucres, Je Vous en ferai passer le Montant si Vous le desirés;

266 1586 1761 134 J'ai l'honneur d'offrir mon respect à Madame la Marechale et de

260 1669 1742 140 lui faire en même tems la même proposition. Je reculerai Mon–

254 1781 1749 118 Rembourcement à une Circonstance plus favorable, Comptant sur –

262 1869 1722 117 les promesses que Veut Bien me faire M. provenchere qui est

259 1953 1626 128 dans la disposition de faire de fortes Remises Cette année.

494 2052 1491 137 Tout se Passoit Bien tranquilement dans la Colonie à

260 2175 1700 106 l'epoque du 26 Janvier surtout de la Part des noirs, et il faut

277 2269 1725 117 Espérer que la sagesse de décret qui a été Rendu appaisera les

2326 752 1743 120 Mouvemens qui ont eu lieu dans la Partie du Nord de s^t domingue.

2284 960 813 91 Je suis avec Respect,

2547 1120 387 75 Monsieur,

3535 1272 531 110 Votre tres humble &

3436 1357 588 102 très obéissant serviteur.

3362 1458 659 144 J. Momeron Dupuis

2290 1435 732 103 Nantes le 18. Mars 1790
