2625 2701
652 375 1835 135 Ce que je vous marquois monsieur le marquis par ma–

709 466 1819 128 lettre du 26 juin au sujet des diversité d'opinions sur la–

715 546 1756 135 continuation ou la dissolution de l'assemblée generale et mes

702 643 1729 132 craintes sur les suites de ce choc d'opinions ne s'est que trop

700 724 1797 131 realisé; l'assemblée generale marchant a grands pas vers –

715 781 1837 173 l'independance et cherchant a depouiller le gouverneur g^al–

712 885 1749 162 du peu d'autorité qu'elle lui avoit laissé. le general dont

708 981 1730 147 la patience etoit lassée, apres avoir fais beaucoup de–

730 1057 1749 156 sacrifices personels pour le bien de la paix instruit des

721 1150 1815 146 manoeuvres sourdes et odieuses que tramoit l'assemblée dans

718 1222 1762 170 tous les quartiers de la Colonie et surtout au port au prince –

724 1296 1633 182 par lorgane du comité qui ÿ etoit etabli a formé le

714 1388 1726 160 projet de le dissoudre et de ramener par la la paix qui

708 1467 1685 168 etoit troublée au port au prince par les insinuations –

715 1556 1762 168 perfides de ce dangereux comité. cette entreprise de sa

711 1625 1826 178 part a eté cause de ce qui s'est passé dans cette ville dans

705 1697 1763 181 la nuit du 29 au 30 juillet d^er. j'ai joins ici la relation

715 1809 1414 165 qui est tres exacte. vous pouvés ÿ ajouter foi

670 1886 1824 180 L'assemblée seante a s^t marc dont lanonceur a deguisé

709 1967 1768 177 tous les faits a rendû un decret le 31 du même mois par le

715 2045 1807 192 quel elle proclame la guerre civile et assigne a tous les quartiers

702 2133 1789 192 des rendés vous pour marchér au port au prince contre
