4388 2720
261 243 1800 137 les troupes du Roÿ, et les bons citoÿens qui s'ÿ etoient joints

255 336 1761 146 presque toute la partie du nord et une grande partie des–

246 418 1820 160 paroisses de l'ouest avoient voté pour la dissolution de cette

237 500 1803 172 assemblée entre autres nôtre paroisse de la croix des bouquets

238 607 1807 163 ainsi que vous le verrés par divers arretés que je joins ici

237 678 1808 178 et toutes etoient tres decidées a dissoudre même par la force

224 777 1932 184 cet attroupement dangereux. en consequence le gouverneur g^al

234 859 1857 179 a fait marcher vers s^t marc une partie du regiment du cap

240 962 1867 171 sous les ordres de m^r de vincent auquel s'etoient joints un–

231 1044 1895 178 detachement des troupes patriotiques du Cap a cette armée

234 1119 1915 182 devoit se joindre aussi des volontaires du notré partie de l'ouest

235 1214 1914 174 nos senateurs setoient retranchés et forts de l'equipage au–

234 1305 1853 162 vaisseau du Roÿ le leopard qu'ils ont suborné se preparoient

235 1369 1899 187 a la defense: mais quelques prudents d'entre eux ont ouvert

235 1480 1897 159 l'avis de s'embarquer sur le vaisseau et de partir pour–

231 1538 1892 183 france ce quils ont executé le 8 de ce mois au nombre de 84

220 1630 1876 187 membres et tous les soldats en garnison a s^t marc quils ont

220 1748 1884 163 embauchés. après le départ du vaisseau l'armée du nord

232 1839 1850 155 s'est retirée et tout soit trouvé pacifié dans cette partie

241 1911 1828 177 faute de combattans; mais l'incendiaire decret du 31

231 1999 1900 166 juillet etoit lancé et les paroisses du Sud dont la majorité étoit

232 2103 1887 154 pour l'assemblée se sont mis en marche et se sont rendües

226 2197 1930 139 a leogane au nombre dit on de quinze a dix huit cent personnes

2395 194 1814 127 pour fondre sur le porte au prince. ils ont fais ⟦pred⟧ péceder

2389 276 1805 142 leur arrivée de l'action la plus cruelle et la plus sanglante

2395 379 1764 119 en mutilant un commandant de ce quartier, n^e un

2416 472 1718 126 Coder dont la tete a eté coupée et promenée sur une

2407 547 1840 146 pique. sa veuve est morte dépuis de douleur ou de poison

2410 613 1776 172 les plus grands preparatifs ont eté faits au port au prince

2421 711 1684 159 pour recevoir cette armée. nous nous sommes mis en⎯

2409 769 1808 195 marche plusieurs fois sur des avis qu'elle approchoit.

2410 849 1820 189 mais de sages et prudentes reflexions ont relancé sa

2419 942 1816 198 marche. on a envoÿe des commissaires pour obtenir

2429 1029 1792 199 quelques conditions. cette armée enfin a capitulé avec

2422 1107 1861 210 le general et s'en est retournée dans ses foÿers: le quartier

2404 1195 1866 198 de leogane a ete devasté par cette troupe qui n'etoit pas

2432 1276 1836 209 seulement composée d'habitans mais de gens sans aveu

2441 1369 1584 190 et a toute nation qu'ils avoient soudoÿé⎯

2441 1438 1826 200 vous voÿéz monsieur le marquis, que nous etions comme je

2438 1517 1830 211 l'avois prevû au moment devons egorger entre citoiens

2447 1591 1800 220 pour une difference d'opinions. depuis la retraite de cette

2438 1680 1833 214 armée le Calme commence a renaitre et les affaires reprennent

2448 1769 1841 195 leur train; nous etions veritablement dans une crise affreuse.

2441 1872 1848 186 nôtre surat vogue depuis le 8 de ce mois. nous avons envoÿé

2442 1961 1751 184 a leur suite des deputés pour plaider la cause de la –

2448 2040 1773 175 Colonie devant l'assemblée nationale, quatre du port au p^ce

2450 2117 1820 178 deux de la Croix des bouquets et incéssament il va en partir

2468 2210 1732 174 6 ou 8 de la partie du nord. ceux de la croix des bouquets
