2462 2626
684 689 414 201 Monsieur,

470 1313 1801 179 Je M'empresse de Vous faire Part de la Nouvelle qui a été

512 1488 1855 102 apportée Par la frégate La Capricieuse qui a quitté la Colonie vers–

539 1593 1771 103 le 20 de Novembre & arrivée à Rochefort: il passoit pour Certain

522 1712 1748 83 avant son départ de s^t Domingue que le Nommé Vincent ogé qui

523 1820 1784 92 S'étoit mis à La tête d'une horde de gens de Couleur après avoir

539 1928 1779 94 été défait, avoit été Contraint de fuir avec une Trentaine des–

545 2032 1790 89 siens dans la Partie espagnole, est Tombé ensuite entre les Mains

554 2143 1729 81 des français qui se Disposoient à lui faire subir Le –

558 2240 1644 102 Châtiment qu'il méritoit. Ce Chef pris promettoit le –

1886 2339 124 98 500
